|j|☆Sawadaburner
|j|☆castoriceball
|html|Sawadaburnercastoriceball    
|uhtml|bestof|Game 1 of a best-of-3
|t:|1784018678
|gametype|doubles
|player|p1|Sawadaburner|170|1325
|player|p2|castoriceball|miku-flying|1260
|gen|9
|tier|[Gen 9 Champions] VGC 2026 Reg M-B (Bo3)
|rated|
|rule|Species Clause: Limit one of each Pokémon
|rule|Item Clause: Limit 1 of each item
|clearpoke
|poke|p1|Charizard, L50, M|
|poke|p1|Grimmsnarl, L50, M|
|poke|p1|Pelipper, L50, F|
|poke|p1|Archaludon, L50, M|
|poke|p1|Basculegion, L50, M|
|poke|p1|Venusaur, L50, F|
|poke|p2|Garchomp, L50, F|
|poke|p2|Floette-Eternal, L50, F|
|poke|p2|Talonflame, L50, M|
|poke|p2|Rotom-Wash, L50, shiny|
|poke|p2|Sneasler, L50, F|
|poke|p2|Sinistcha, L50|
|teampreview|4
|showteam|p1|Charizard||CharizarditeY|Blaze|HeatWave,WeatherBall,SolarBeam,Protect|Modest||M|||50|]Grimmsnarl||LightClay|Prankster|SpiritBreak,Reflect,LightScreen,PartingShot|Sassy||M|||50|]Pelipper||SitrusBerry|Drizzle|WeatherBall,Hurricane,Tailwind,WideGuard|Modest||F|||50|]Archaludon||Leftovers|Stamina|FlashCannon,DragonPulse,ElectroShot,Protect|Calm||M|||50|]Basculegion||ChoiceScarf|Adaptability|WaveCrash,AquaJet,LastRespects,FlipTurn|Jolly||M|||50|]Venusaur||FocusSash|Chlorophyll|SludgeBomb,EarthPower,SleepPowder,Protect|Modest||F|||50|
|showteam|p2|Garchomp||LifeOrb|RoughSkin|DragonClaw,Earthquake,RockSlide,Protect|Adamant||F|||50|]Floette-Eternal||Floettite|FlowerVeil|Moonblast,DazzlingGleam,LightofRuin,Protect|Modest||F|||50|]Talonflame||SharpBeak|GaleWings|Tailwind,DualWingbeat,FlareBlitz,Protect|Jolly||M|||50|]Rotom-Wash||Magnet|Levitate|Thunderbolt,HydroPump,Electroweb,Protect|Modest|||||50|]Sneasler||FocusSash|PoisonTouch|FakeOut,CloseCombat,DireClaw,QuickGuard|Adamant||F|||50|]Sinistcha||MiracleSeed|Hospitality|TrickRoom,ShadowBall,RagePowder,MatchaGotcha|Modest|||||50|
|inactive|Battle timer is ON: inactive players will automatically lose when time's up. (requested by Sawadaburner)
|inactive|castoriceball has 60 seconds left.
|
|t:|1784018719
|teamsize|p1|4
|teamsize|p2|4
|start
|switch|p1a: Archaludon|Archaludon, L50, M|100/100
|switch|p1b: Basculegion|Basculegion, L50, M|100/100
|switch|p2a: BIRDD|Talonflame, L50, M|100/100
|switch|p2b: Laundry List|Rotom-Wash, L50, shiny|100/100
|turn|1
|
|t:|1784018741
|move|p2a: BIRDD|Protect|p2a: BIRDD
|-singleturn|p2a: BIRDD|Protect
|move|p1b: Basculegion|Flip Turn|p2a: BIRDD
|-activate|p2a: BIRDD|move: Protect
|move|p2b: Laundry List|Thunderbolt|p1b: Basculegion
|-supereffective|p1b: Basculegion|1
|-crit|p1b: Basculegion
|-damage|p1b: Basculegion|0 fnt
|faint|p1b: Basculegion
|move|p1a: Archaludon|Electro Shot||[still]
|-prepare|p1a: Archaludon|Electro Shot
|-boost|p1a: Archaludon|spa|1
|
|upkeep
|
|t:|1784018749
|switch|p1b: Charizard|Charizard, L50, M|100/100
|turn|2
|
|t:|1784018757
|move|p1b: Charizard|Protect|p1b: Charizard
|-singleturn|p1b: Charizard|Protect
|move|p2a: BIRDD|Tailwind|p2a: BIRDD
|-sidestart|p2: castoriceball|move: Tailwind
|move|p2b: Laundry List|Thunderbolt|p1b: Charizard
|-activate|p1b: Charizard|move: Protect
|move|p1a: Archaludon|Electro Shot|p2a: BIRDD|[from] lockedmove
|-supereffective|p2a: BIRDD|1
|-damage|p2a: BIRDD|0 fnt
|faint|p2a: BIRDD
|
|upkeep
|
|t:|1784018761
|switch|p2a: $70 flutter|Floette-Eternal, L50, F|100/100
|turn|3
|
|t:|1784018772
|switch|p1b: Pelipper|Pelipper, L50, F|100/100
|-weather|RainDance|[from] ability: Drizzle|[of] p1b: Pelipper
|detailschange|p2a: $70 flutter|Floette-Mega, L50, F
|-mega|p2a: $70 flutter|Floette|Floettite
|-ability|p2a: $70 flutter|Fairy Aura
|move|p2a: $70 flutter|Light of Ruin|p1a: Archaludon
|-damage|p1a: Archaludon|0 fnt
|faint|p1a: Archaludon
|-damage|p2a: $70 flutter|36/100|[from] Recoil
|move|p2b: Laundry List|Thunderbolt|p1b: Pelipper
|-supereffective|p1b: Pelipper|2
|-damage|p1b: Pelipper|0 fnt
|faint|p1b: Pelipper
|
|-weather|RainDance|[upkeep]
|upkeep
|-message|Sawadaburner forfeited.
|
|win|castoriceball
||Sawadaburner is ready for game 2.
||Sawadaburner is ready for game 2.
