|j|☆washingtongargacha
|j|☆ChimpDoppio
|html|washingtongargachaChimpDoppio    
|uhtml|bestof|Game 1 of a best-of-3
|t:|1757187570
|gametype|doubles
|player|p1|washingtongargacha|169|1150
|player|p2|ChimpDoppio|ingo|1208
|gen|9
|tier|[Gen 9] VGC 2025 Reg H (Bo3)
|rated|
|rule|Species Clause: Limit one of each Pokémon
|rule|Item Clause: Limit 1 of each item
|clearpoke
|poke|p1|Talonflame, L50, M|
|poke|p1|Gholdengo, L50|
|poke|p1|Dragonite, L50, M|
|poke|p1|Archaludon, L50, F|
|poke|p1|Tyranitar, L50, M|
|poke|p1|Garchomp, L50, F|
|poke|p2|Porygon2, L50|
|poke|p2|Ursaluna, L50, M|
|poke|p2|Volcarona, L50, F|
|poke|p2|Grimmsnarl, L50, M|
|poke|p2|Annihilape, L50, M|
|poke|p2|Hydreigon, L50, F|
|teampreview|4
|showteam|p1|Talonflame||CovertCloak|GaleWings|Tailwind,DualWingbeat,Taunt,FlareBlitz|||M|||50|,,,,,Ghost]Gholdengo||ChoiceSpecs|GoodasGold|MakeItRain,SteelBeam,ShadowBall,PowerGem||||||50|,,,,,Flying]Dragonite||LoadedDice|Multiscale|ScaleShot,IceSpinner,Haze,Protect|||M|||50|,,,,,Steel]Archaludon||PowerHerb|Sturdy|FlashCannon,ElectroShot,DracoMeteor,Protect|||F|||50|,,,,,Flying]Tyranitar||AssaultVest|SandStream|KnockOff,RockSlide,TeraBlast,LowKick|||M|||50|,,,,,Flying]Garchomp||LifeOrb|RoughSkin|DragonClaw,StompingTantrum,Earthquake,Protect|||F|||50|,,,,,Steel
|showteam|p2|Porygon2||Eviolite|Download|IceBeam,TeraBlast,Recover,TrickRoom||||||50|,,,,,Flying]Ursaluna||FlameOrb|Guts|Facade,Earthquake,HeadlongRush,Protect|||M|||50|,,,,,Ghost]Volcarona||SitrusBerry|FlameBody|GigaDrain,HeatWave,QuiverDance,RagePowder|||F|||50|,,,,,Dragon]Grimmsnarl||LightClay|Prankster|SpiritBreak,Reflect,LightScreen,PartingShot|||M|||50|,,,,,Ghost]Annihilape||SafetyGoggles|Defiant|Protect,BulkUp,DrainPunch,RageFist|||M|||50|,,,,,Water]Hydreigon||AssaultVest|Levitate|DracoMeteor,DarkPulse,EarthPower,FlashCannon|||F|||50|,,,,,Steel
|inactive|Battle timer is ON: inactive players will automatically lose when time's up. (requested by ChimpDoppio)
|inactive|washingtongargacha has 60 seconds left.
|inactive|ChimpDoppio has 60 seconds left.
|
|t:|1757187621
|teamsize|p1|4
|teamsize|p2|4
|start
|switch|p1a: Tyranitar|Tyranitar, L50, M|100/100
|switch|p1b: Talonflame|Talonflame, L50, M|100/100
|switch|p2a: Volcarona|Volcarona, L50, F, shiny|100/100
|switch|p2b: Annihilape|Annihilape, L50, M, shiny|100/100
|-weather|Sandstorm|[from] ability: Sand Stream|[of] p1a: Tyranitar
|turn|1
|inactive|washingtongargacha has 30 seconds left.
|inactive|washingtongargacha has 20 seconds left.
|inactive|washingtongargacha has 15 seconds left.
|
|t:|1757187664
|-terastallize|p2a: Volcarona|Dragon
|-terastallize|p1a: Tyranitar|Flying
|move|p2a: Volcarona|Rage Powder|p2a: Volcarona
|-singleturn|p2a: Volcarona|move: Rage Powder
|move|p1b: Talonflame|Tailwind|p1b: Talonflame
|-sidestart|p1: washingtongargacha|move: Tailwind
|move|p1a: Tyranitar|Knock Off|p2a: Volcarona
|-damage|p2a: Volcarona|50/100
|-enditem|p2a: Volcarona|Sitrus Berry|[from] move: Knock Off|[of] p1a: Tyranitar
|move|p2b: Annihilape|Bulk Up|p2b: Annihilape
|-boost|p2b: Annihilape|atk|1
|-boost|p2b: Annihilape|def|1
|
|-weather|Sandstorm|[upkeep]
|-damage|p1b: Talonflame|94/100|[from] Sandstorm
|-damage|p1a: Tyranitar|95/100|[from] Sandstorm
|-damage|p2a: Volcarona|44/100|[from] Sandstorm
|upkeep
|turn|2
|inactive|washingtongargacha has 30 seconds left.
|inactive|ChimpDoppio has 30 seconds left.
|inactive|washingtongargacha has 20 seconds left.
|inactive|ChimpDoppio has 20 seconds left.
|inactive|washingtongargacha has 15 seconds left.
|inactive|washingtongargacha has 10 seconds left.
|
|t:|1757187710
|move|p2a: Volcarona|Rage Powder|p2a: Volcarona
|-singleturn|p2a: Volcarona|move: Rage Powder
|move|p1b: Talonflame|Dual Wingbeat|p2a: Volcarona
|-damage|p2a: Volcarona|33/100
|-damage|p2a: Volcarona|22/100
|-hitcount|p2a: Volcarona|2
|move|p1a: Tyranitar|Tera Blast|p2a: Volcarona|[anim] Tera Blast Flying
|-crit|p2a: Volcarona
|-damage|p2a: Volcarona|0 fnt
|faint|p2a: Volcarona
|move|p2b: Annihilape|Bulk Up|p2b: Annihilape
|-boost|p2b: Annihilape|atk|1
|-boost|p2b: Annihilape|def|1
|
|-weather|Sandstorm|[upkeep]
|-damage|p1b: Talonflame|88/100|[from] Sandstorm
|-damage|p1a: Tyranitar|89/100|[from] Sandstorm
|upkeep
|
|t:|1757187719
|switch|p2a: Porygon2|Porygon2, L50, shiny|100/100
|-ability|p2a: Porygon2|Download|boost
|-boost|p2a: Porygon2|atk|1
|turn|3
|inactive|washingtongargacha has 30 seconds left.
|inactive|washingtongargacha has 20 seconds left.
|
|t:|1757187759
|switch|p1b: Gholdengo|Gholdengo, L50|100/100
|move|p1a: Tyranitar|Knock Off|p2b: Annihilape
|-damage|p2b: Annihilape|75/100
|-enditem|p2b: Annihilape|Safety Goggles|[from] move: Knock Off|[of] p1a: Tyranitar
|move|p2b: Annihilape|Rage Fist|p1b: Gholdengo
|-supereffective|p1b: Gholdengo
|-damage|p1b: Gholdengo|0 fnt
|faint|p1b: Gholdengo
|move|p2a: Porygon2|Ice Beam|p1a: Tyranitar
|-supereffective|p1a: Tyranitar
|-damage|p1a: Tyranitar|60/100
|
|-weather|Sandstorm|[upkeep]
|-damage|p1a: Tyranitar|54/100|[from] Sandstorm
|-damage|p2b: Annihilape|68/100|[from] Sandstorm
|-damage|p2a: Porygon2|94/100|[from] Sandstorm
|upkeep
|
|t:|1757187775
|switch|p1b: Garchomp|Garchomp, L50, F|100/100
|turn|4
|inactive|washingtongargacha has 30 seconds left.
|
|t:|1757187806
|move|p1b: Garchomp|Earthquake|p2b: Annihilape|[spread] p2a,p2b
|-immune|p1a: Tyranitar
|-damage|p2a: Porygon2|61/100
|-damage|p2b: Annihilape|41/100
|-damage|p1b: Garchomp|91/100|[from] item: Life Orb
|move|p1a: Tyranitar|Knock Off|p2a: Porygon2
|-damage|p2a: Porygon2|24/100
|-enditem|p2a: Porygon2|Eviolite|[from] move: Knock Off|[of] p1a: Tyranitar
|move|p2b: Annihilape|Rage Fist|p1a: Tyranitar
|-crit|p1a: Tyranitar
|-damage|p1a: Tyranitar|0 fnt
|faint|p1a: Tyranitar
|move|p2a: Porygon2|Ice Beam|p1b: Garchomp
|-supereffective|p1b: Garchomp
|-damage|p1b: Garchomp|0 fnt
|faint|p1b: Garchomp
|
|-weather|Sandstorm|[upkeep]
|-damage|p2b: Annihilape|35/100|[from] Sandstorm
|-damage|p2a: Porygon2|18/100|[from] Sandstorm
|-sideend|p1: washingtongargacha|move: Tailwind
|upkeep
|-message|washingtongargacha forfeited.
|
|win|ChimpDoppio
|l|☆washingtongargacha
|player|p1|
||ChimpDoppio is ready for game 2.
||washingtongargacha is ready for game 2.
|uhtml|next|Next: Game 2 of 3
