|j|☆kenrickplays
|j|☆All My Ape Gone
|html|kenrickplaysAll My Ape Gone    
|uhtml|bestof|Game 2 of a best-of-3
|t:|1756526540
|gametype|doubles
|player|p1|kenrickplays|ghetsis-gen5bw|1000
|player|p2|All My Ape Gone|caitlin|1098
|gen|9
|tier|[Gen 9] VGC 2025 Reg H (Bo3)
|rated|
|rule|Species Clause: Limit one of each Pokémon
|rule|Item Clause: Limit 1 of each item
|clearpoke
|poke|p1|Weezing-Galar, L50, M|
|poke|p1|Toedscruel, L50, M|
|poke|p1|Pawmot, L50, M|
|poke|p1|Archaludon, L50, M|
|poke|p1|Maushold-Four, L50|
|poke|p1|Politoed, L50, M|
|poke|p2|Pelipper, L50, F|
|poke|p2|Basculegion, L50, M|
|poke|p2|Archaludon, L50, F|
|poke|p2|Electabuzz, L50, F|
|poke|p2|Dragonite, L50, F|
|poke|p2|Annihilape, L50, F|
|teampreview|4
|showteam|p1|Weezing-Galar||ChoiceSpecs|NeutralizingGas|SludgeBomb,StrangeSteam,DazzlingGleam,Thunderbolt|||M|||50|,,,,,Flying]Toedscruel||CovertCloak|MyceliumMight|Spore,RagePowder,AcidSpray,Protect|||M|||50|,,,,,Grass]Pawmot||ZapPlate|NaturalCure|DoubleShock,CloseCombat,FakeOut,Protect|||M|||50|,,,,,Electric]Archaludon||AssaultVest|Stamina|BodyPress,DragonPulse,ElectroShot,Thunderbolt|||M|||50|,,,,,Electric]Maushold-Four||FocusSash|FriendGuard|FollowMe,HelpingHand,PopulationBomb,Protect||||||50|,,,,,Ghost]Politoed||Leftovers|Drizzle|MuddyWater,HyperVoice,HelpingHand,Protect|||M|||50|,,,,,Water
|showteam|p2|Pelipper||FocusSash|Drizzle|Hurricane,WeatherBall,Tailwind,Protect|||F|||50|,,,,,Stellar]Basculegion||ChoiceBand|SwiftSwim|WaveCrash,LastRespects,AquaJet,FlipTurn|||M|||50|,,,,,Water]Archaludon||AssaultVest|Stamina|ElectroShot,DragonPulse,BodyPress,Snarl|||F|||50|,,,,,Bug]Electabuzz||Eviolite|VitalSpirit|Electroweb,FollowMe,RainDance,Protect|||F|||50|,,,,,Ghost]Dragonite||LoadedDice|Multiscale|ScaleShot,StompingTantrum,Haze,Protect|||F|||50|,,,,,Fairy]Annihilape||SafetyGoggles|Defiant|CloseCombat,RageFist,Coaching,FinalGambit|||F|||50|,,,,,Fire
|inactive|Battle timer is ON: inactive players will automatically lose when time's up. (requested by All My Ape Gone)
|inactive|kenrickplays has 60 seconds left.
|inactive|All My Ape Gone has 60 seconds left.
|inactive|kenrickplays has 30 seconds left.
|inactive|kenrickplays has 20 seconds left.
|inactive|kenrickplays has 15 seconds left.
|inactive|kenrickplays has 10 seconds left.
|inactive|kenrickplays has 5 seconds left.
|
|t:|1756526630
|teamsize|p1|4
|teamsize|p2|4
|start
|switch|p1a: Weezing|Weezing-Galar, L50, M|100/100
|switch|p1b: Toedscruel|Toedscruel, L50, M, shiny|100/100
|switch|p2a: Electabuzz|Electabuzz, L50, F|100/100
|switch|p2b: Basculegion|Basculegion, L50, M|100/100
|-ability|p1a: Weezing|Neutralizing Gas
|turn|1
|inactive|kenrickplays has 30 seconds left.
|inactive|kenrickplays has 20 seconds left.
|inactive|kenrickplays has 15 seconds left.
|inactive|kenrickplays has 10 seconds left.
|inactive|kenrickplays has 5 seconds left.
|
|t:|1756526685
|move|p2a: Electabuzz|Follow Me|p2a: Electabuzz
|-singleturn|p2a: Electabuzz|move: Follow Me
|move|p1b: Toedscruel|Spore|p2a: Electabuzz
|-status|p2a: Electabuzz|slp|[from] move: Spore
|move|p2b: Basculegion|Wave Crash|p1a: Weezing
|-damage|p1a: Weezing|6/100
|-damage|p2b: Basculegion|78/100|[from] Recoil
|move|p1a: Weezing|Sludge Bomb|p2a: Electabuzz
|-damage|p2a: Electabuzz|46/100 slp
|
|upkeep
|turn|2
|inactive|kenrickplays has 30 seconds left.
|inactive|All My Ape Gone has 30 seconds left.
|inactive|kenrickplays has 20 seconds left.
|inactive|kenrickplays has 15 seconds left.
|inactive|kenrickplays has 10 seconds left.
|inactive|kenrickplays has 5 seconds left.
|
|t:|1756526740
|switch|p2b: Annihilape|Annihilape, L50, F|100/100
|cant|p2a: Electabuzz|slp
|move|p1b: Toedscruel|Spore|p2b: Annihilape
|-activate|p2b: Annihilape|item: Safety Goggles|Spore
|move|p1a: Weezing|Sludge Bomb|p2a: Electabuzz
|-damage|p2a: Electabuzz|0 fnt
|faint|p2a: Electabuzz
|
|upkeep
|
|t:|1756526749
|switch|p2a: Basculegion|Basculegion, L50, M|78/100
|turn|3
|inactive|kenrickplays has 30 seconds left.
|inactive|kenrickplays has 20 seconds left.
|inactive|kenrickplays has 15 seconds left.
|inactive|kenrickplays has 10 seconds left.
|inactive|kenrickplays has 5 seconds left.
|
|t:|1756526804
|move|p2a: Basculegion|Aqua Jet|p1a: Weezing
|-damage|p1a: Weezing|0 fnt
|faint|p1a: Weezing
|-end|p1a: Weezing|ability: Neutralizing Gas
|move|p1b: Toedscruel|Spore|p2b: Annihilape
|-activate|p2b: Annihilape|item: Safety Goggles|Spore
|move|p2b: Annihilape|Close Combat|p1b: Toedscruel
|-damage|p1b: Toedscruel|39/100
|-unboost|p2b: Annihilape|def|1
|-unboost|p2b: Annihilape|spd|1
|
|upkeep
|inactive|kenrickplays has 30 seconds left.
|inactive|kenrickplays has 20 seconds left.
|inactive|kenrickplays has 15 seconds left.
|inactive|kenrickplays has 10 seconds left.
|inactive|kenrickplays has 5 seconds left.
|
|t:|1756526859
|switch|p1a: Pawmot|Pawmot, L50, M|100/100
|turn|4
|inactive|kenrickplays has 30 seconds left.
|inactive|kenrickplays has 20 seconds left.
|inactive|kenrickplays has 15 seconds left.
|inactive|kenrickplays has 10 seconds left.
|inactive|kenrickplays has 5 seconds left.
|
|t:|1756526915
|switch|p2b: Dragonite|Dragonite, L50, F|100/100
|-terastallize|p2a: Basculegion|Water
|move|p2a: Basculegion|Aqua Jet|p1b: Toedscruel
|-damage|p1b: Toedscruel|0 fnt
|faint|p1b: Toedscruel
|move|p1a: Pawmot|Double Shock|p2a: Basculegion
|-supereffective|p2a: Basculegion
|-damage|p2a: Basculegion|0 fnt
|-start|p1a: Pawmot|typechange|???/Fighting|[from] move: Double Shock
|faint|p2a: Basculegion
|
|upkeep
|inactive|kenrickplays has 30 seconds left.
|inactive|kenrickplays has 20 seconds left.
|inactive|kenrickplays has 15 seconds left.
|inactive|kenrickplays has 10 seconds left.
|inactive|kenrickplays has 5 seconds left.
|
|t:|1756526970
|switch|p1b: Archaludon|Archaludon, L50, M|100/100
|switch|p2a: Annihilape|Annihilape, L50, F|100/100
|turn|5
|inactive|kenrickplays has 30 seconds left.
|inactive|All My Ape Gone has 30 seconds left.
|inactive|kenrickplays has 20 seconds left.
|inactive|kenrickplays has 15 seconds left.
|inactive|kenrickplays has 10 seconds left.
|inactive|kenrickplays has 5 seconds left.
|
|t:|1756527025
|move|p1a: Pawmot|Double Shock||[still]
|-fail|p1a: Pawmot|move: Double Shock
|move|p2a: Annihilape|Close Combat|p1b: Archaludon
|-supereffective|p1b: Archaludon
|-damage|p1b: Archaludon|10/100
|-unboost|p2a: Annihilape|def|1
|-unboost|p2a: Annihilape|spd|1
|-ability|p1b: Archaludon|Stamina|boost
|-boost|p1b: Archaludon|def|1
|move|p1b: Archaludon|Body Press|p2b: Dragonite
|-resisted|p2b: Dragonite
|-damage|p2b: Dragonite|91/100
|move|p2b: Dragonite|Scale Shot|p1a: Pawmot
|-damage|p1a: Pawmot|77/100
|-damage|p1a: Pawmot|54/100
|-damage|p1a: Pawmot|29/100
|-damage|p1a: Pawmot|7/100
|-damage|p1a: Pawmot|0 fnt
|faint|p1a: Pawmot
|-hitcount|p1: Pawmot|5
|-unboost|p2b: Dragonite|def|1
|-boost|p2b: Dragonite|spe|1
|
|upkeep
|turn|6
|inactive|kenrickplays has 30 seconds left.
|inactive|kenrickplays has 20 seconds left.
|inactive|kenrickplays has 15 seconds left.
|inactive|kenrickplays has 10 seconds left.
|inactive|kenrickplays has 5 seconds left.
|-message|kenrickplays lost due to inactivity.
|
|win|All My Ape Gone
|raw|kenrickplays's rating: 1000 → 1000(+0 for losing)
|raw|All My Ape Gone's rating: 1098 → 1116(+18 for winning)
