|j|☆oteri92
|j|☆SmogonSupervillain
|html|oteri92SmogonSupervillain    
|uhtml|bestof|Game 1 of a best-of-3
|t:|1756156222
|gametype|doubles
|player|p1|oteri92|101|1046
|player|p2|SmogonSupervillain|169|1043
|gen|9
|tier|[Gen 9] VGC 2025 Reg H (Bo3)
|rated|
|rule|Species Clause: Limit one of each Pokémon
|rule|Item Clause: Limit 1 of each item
|clearpoke
|poke|p1|Gholdengo, L50|
|poke|p1|Incineroar, L50, F|
|poke|p1|Ninetales-Alola, L50, M|
|poke|p1|Ursaluna-Bloodmoon, L50, M|
|poke|p1|Dragonite, L50, M|
|poke|p1|Amoonguss, L50, M|
|poke|p2|Gholdengo, L50|
|poke|p2|Sneasler, L50, M|
|poke|p2|Incineroar, L50, M|
|poke|p2|Amoonguss, L50, F|
|poke|p2|Dragonite, L50, M|
|poke|p2|Ursaluna-Bloodmoon, L50, M|
|teampreview|4
|showteam|p1|Gholdengo||LifeOrb|GoodasGold|MakeItRain,ShadowBall,NastyPlot,Protect||||||50|,,,,,Dragon]Incineroar||SafetyGoggles|Intimidate|FlareBlitz,KnockOff,PartingShot,FakeOut|||F|||50|,,,,,Ghost]Ninetales-Alola||LightClay|SnowWarning|Blizzard,AuroraVeil,Encore,FreezeDry|||M|||50|,,,,,Ghost]Ursaluna-Bloodmoon||AssaultVest|MindsEye|BloodMoon,HyperVoice,VacuumWave,EarthPower|||M|||50|,,,,,Water]Dragonite||LoadedDice|Multiscale|ScaleShot,Tailwind,Haze,Protect|||M|||50|,,,,,Fairy]Amoonguss||SitrusBerry|Regenerator|Spore,RagePowder,PollenPuff,Protect|||M|||50|,,,,,Psychic
|showteam|p2|Gholdengo||LifeOrb|GoodasGold|MakeItRain,ShadowBall,NastyPlot,Protect||||||50|,,,,,Water]Sneasler||FocusSash|PoisonTouch|FakeOut,CloseCombat,DireClaw,Protect|||M|||50|,,,,,Stellar]Incineroar||SafetyGoggles|Intimidate|FakeOut,FlareBlitz,KnockOff,PartingShot|||M|||50|,,,,,Ghost]Amoonguss||SitrusBerry|Regenerator|Spore,RagePowder,PollenPuff,Protect|||F|||50|,,,,,Water]Dragonite||LoadedDice|Multiscale|ScaleShot,Haze,Tailwind,ExtremeSpeed|||M|||50|,,,,,Fairy]Ursaluna-Bloodmoon||AssaultVest|MindsEye|HyperVoice,BloodMoon,EarthPower,VacuumWave|||M|||50|,,,,,Normal
|inactive|Battle timer is ON: inactive players will automatically lose when time's up. (requested by SmogonSupervillain)
|inactive|oteri92 has 60 seconds left.
|inactive|SmogonSupervillain has 60 seconds left.
|
|t:|1756156283
|teamsize|p1|4
|teamsize|p2|4
|start
|switch|p1a: Ninetales|Ninetales-Alola, L50, M|100/100
|switch|p1b: Ursaluna|Ursaluna-Bloodmoon, L50, M|100/100
|switch|p2a: Amoonguss|Amoonguss, L50, F|100/100
|switch|p2b: Sneasler|Sneasler, L50, M|100/100
|-weather|Snowscape|[from] ability: Snow Warning|[of] p1a: Ninetales
|turn|1
|inactive|oteri92 has 30 seconds left.
|inactive|SmogonSupervillain has 30 seconds left.
|
|t:|1756156318
|switch|p1a: Incineroar|Incineroar, L50, F|100/100
|-ability|p1a: Incineroar|Intimidate|boost
|-unboost|p2a: Amoonguss|atk|1
|-unboost|p2b: Sneasler|atk|1
|move|p2b: Sneasler|Fake Out|p1a: Incineroar
|-damage|p1a: Incineroar|91/100
|move|p1b: Ursaluna|Blood Moon|p2a: Amoonguss
|-damage|p2a: Amoonguss|39/100
|-enditem|p2a: Amoonguss|Sitrus Berry|[eat]
|-heal|p2a: Amoonguss|64/100|[from] item: Sitrus Berry
|move|p2a: Amoonguss|Spore|p1b: Ursaluna
|-status|p1b: Ursaluna|slp|[from] move: Spore
|
|-weather|Snowscape|[upkeep]
|upkeep
|turn|2
|inactive|oteri92 has 30 seconds left.
|inactive|SmogonSupervillain has 30 seconds left.
|inactive|SmogonSupervillain has 20 seconds left.
|
|t:|1756156358
|move|p2b: Sneasler|Protect|p2b: Sneasler
|-singleturn|p2b: Sneasler|Protect
|move|p1a: Incineroar|Flare Blitz|p2a: Amoonguss
|-supereffective|p2a: Amoonguss
|-damage|p2a: Amoonguss|0 fnt
|faint|p2a: Amoonguss
|-damage|p1a: Incineroar|68/100|[from] Recoil
|cant|p1b: Ursaluna|slp
|
|-weather|Snowscape|[upkeep]
|upkeep
|
|t:|1756156370
|switch|p2a: Gholdengo|Gholdengo, L50|100/100
|turn|3
|inactive|SmogonSupervillain has 30 seconds left.
|inactive|SmogonSupervillain has 20 seconds left.
|inactive|SmogonSupervillain has 15 seconds left.
|inactive|SmogonSupervillain has 10 seconds left.
|
|t:|1756156418
|switch|p1b: Ninetales|Ninetales-Alola, L50, M|100/100
|-terastallize|p2a: Gholdengo|Water
|move|p2b: Sneasler|Close Combat|p1b: Ninetales
|-damage|p1b: Ninetales|64/100
|-unboost|p2b: Sneasler|def|1
|-unboost|p2b: Sneasler|spd|1
|move|p2a: Gholdengo|Nasty Plot|p2a: Gholdengo
|-boost|p2a: Gholdengo|spa|2
|move|p1a: Incineroar|Knock Off|p2a: Gholdengo
|-damage|p2a: Gholdengo|50/100
|-enditem|p2a: Gholdengo|Life Orb|[from] move: Knock Off|[of] p1a: Incineroar
|
|-weather|Snowscape|[upkeep]
|upkeep
|turn|4
|inactive|oteri92 has 30 seconds left.
|inactive|SmogonSupervillain has 30 seconds left.
|
|t:|1756156453
|switch|p2b: Incineroar|Incineroar, L50, M, shiny|100/100
|-ability|p2b: Incineroar|Intimidate|boost
|-unboost|p1a: Incineroar|atk|1
|-unboost|p1b: Ninetales|atk|1
|move|p2a: Gholdengo|Protect|p2a: Gholdengo
|-singleturn|p2a: Gholdengo|Protect
|move|p1b: Ninetales|Aurora Veil|p1b: Ninetales
|-sidestart|p1: oteri92|move: Aurora Veil
|move|p1a: Incineroar|Parting Shot|p2b: Incineroar
|-unboost|p2b: Incineroar|atk|1
|-unboost|p2b: Incineroar|spa|1
|
|t:|1756156467
|switch|p1a: Dragonite|Dragonite, L50, M|100/100|[from] Parting Shot
|
|-weather|Snowscape|[upkeep]
|upkeep
|turn|5
|
|t:|1756156487
|move|p2b: Incineroar|Fake Out|p1b: Ninetales
|-damage|p1b: Ninetales|60/100
|cant|p1b: Ninetales|flinch
|move|p2a: Gholdengo|Make It Rain|p1a: Dragonite|[spread] p1a,p1b
|-supereffective|p1b: Ninetales
|-damage|p1a: Dragonite|65/100
|-damage|p1b: Ninetales|0 fnt
|-unboost|p2a: Gholdengo|spa|1
|faint|p1b: Ninetales
|move|p1a: Dragonite|Scale Shot|p2a: Gholdengo
|-damage|p2a: Gholdengo|36/100
|-damage|p2a: Gholdengo|20/100
|-damage|p2a: Gholdengo|5/100
|-damage|p2a: Gholdengo|0 fnt
|faint|p2a: Gholdengo
|-hitcount|p2: Gholdengo|4
|-unboost|p1a: Dragonite|def|1
|-boost|p1a: Dragonite|spe|1
|
|-weather|none
|upkeep
|
|t:|1756156509
|switch|p1b: Incineroar|Incineroar, L50, F|68/100
|switch|p2a: Sneasler|Sneasler, L50, M|100/100
|-ability|p1b: Incineroar|Intimidate|boost
|-unboost|p2a: Sneasler|atk|1
|-unboost|p2b: Incineroar|atk|1
|turn|6
|inactive|oteri92 has 30 seconds left.
|inactive|SmogonSupervillain has 30 seconds left.
|inactive|SmogonSupervillain has 20 seconds left.
|inactive|SmogonSupervillain has 15 seconds left.
|inactive|SmogonSupervillain has 10 seconds left.
|
|t:|1756156555
|move|p1a: Dragonite|Protect|p1a: Dragonite
|-singleturn|p1a: Dragonite|Protect
|move|p2a: Sneasler|Fake Out|p1b: Incineroar
|-damage|p1b: Incineroar|62/100
|-status|p1b: Incineroar|psn|[from] ability: Poison Touch|[of] p2a: Sneasler
|cant|p1b: Incineroar|flinch
|move|p2b: Incineroar|Knock Off|p1a: Dragonite
|-activate|p1a: Dragonite|move: Protect
|
|-damage|p1b: Incineroar|50/100 psn|[from] psn
|upkeep
|turn|7
|inactive|oteri92 has 30 seconds left.
|inactive|oteri92 has 20 seconds left.
|
|t:|1756156592
|move|p2a: Sneasler|Protect|p2a: Sneasler
|-singleturn|p2a: Sneasler|Protect
|move|p1a: Dragonite|Tailwind|p1a: Dragonite
|-sidestart|p1: oteri92|move: Tailwind
|move|p1b: Incineroar|Flare Blitz|p2a: Sneasler
|-activate|p2a: Sneasler|move: Protect
|move|p2b: Incineroar|Parting Shot|p1a: Dragonite
|-unboost|p1a: Dragonite|atk|1
|-unboost|p1a: Dragonite|spa|1
|
|-damage|p1b: Incineroar|37/100 psn|[from] psn
|upkeep
|turn|8
|inactive|SmogonSupervillain has 30 seconds left.
|inactive|SmogonSupervillain has 20 seconds left.
|
|t:|1756156630
|move|p1a: Dragonite|Scale Shot|p2a: Sneasler
|-damage|p2a: Sneasler|85/100
|-damage|p2a: Sneasler|68/100
|-damage|p2a: Sneasler|53/100
|-damage|p2a: Sneasler|37/100
|-hitcount|p2a: Sneasler|4
|-unboost|p1a: Dragonite|def|1
|-boost|p1a: Dragonite|spe|1
|move|p1b: Incineroar|Flare Blitz|p2a: Sneasler
|-damage|p2a: Sneasler|0 fnt
|faint|p2a: Sneasler
|-damage|p1b: Incineroar|28/100 psn|[from] Recoil
|move|p2b: Incineroar|Parting Shot|p1a: Dragonite
|-unboost|p1a: Dragonite|atk|1
|-unboost|p1a: Dragonite|spa|1
|
|-damage|p1b: Incineroar|15/100 psn|[from] psn
|upkeep
|turn|9
|
|t:|1756156653
|move|p1a: Dragonite|Haze|p1a: Dragonite
|-clearallboost
|move|p1b: Incineroar|Parting Shot|p2b: Incineroar
|-unboost|p2b: Incineroar|atk|1
|-unboost|p2b: Incineroar|spa|1
|
|t:|1756156658
|switch|p1b: Ursaluna|Ursaluna-Bloodmoon, L50, M|100/100 slp|[from] Parting Shot
|move|p2b: Incineroar|Knock Off|p1a: Dragonite
|-damage|p1a: Dragonite|47/100
|-enditem|p1a: Dragonite|Loaded Dice|[from] move: Knock Off|[of] p2b: Incineroar
|
|upkeep
|turn|10
|
|t:|1756156673
|switch|p1a: Incineroar|Incineroar, L50, F|15/100 psn
|-ability|p1a: Incineroar|Intimidate|boost
|-unboost|p2b: Incineroar|atk|1
|cant|p1b: Ursaluna|slp
|move|p2b: Incineroar|Parting Shot|p1b: Ursaluna
|-unboost|p1b: Ursaluna|atk|1
|-unboost|p1b: Ursaluna|spa|1
|
|-damage|p1a: Incineroar|3/100 psn|[from] psn
|-sideend|p1: oteri92|move: Tailwind
|upkeep
|turn|11
|
|t:|1756156691
|move|p1a: Incineroar|Fake Out|p2b: Incineroar
|-damage|p2b: Incineroar|90/100
|-curestatus|p1b: Ursaluna|slp|[msg]
|move|p1b: Ursaluna|Earth Power|p2b: Incineroar
|-supereffective|p2b: Incineroar
|-damage|p2b: Incineroar|42/100
|cant|p2b: Incineroar|flinch
|
|-damage|p1a: Incineroar|0 fnt|[from] psn
|faint|p1a: Incineroar
|-sideend|p1: oteri92|move: Aurora Veil
|upkeep
|
|t:|1756156703
|switch|p1a: Dragonite|Dragonite, L50, M|47/100
|turn|12
|
|t:|1756156712
|move|p1a: Dragonite|Tailwind|p1a: Dragonite
|-sidestart|p1: oteri92|move: Tailwind
|move|p1b: Ursaluna|Earth Power|p2b: Incineroar
|-supereffective|p2b: Incineroar
|-damage|p2b: Incineroar|0 fnt
|faint|p2b: Incineroar
|
|win|oteri92
||SmogonSupervillain is ready for game 2.
|inactive|oteri92 has 30 seconds to confirm battle start!
||oteri92 is ready for game 2.
|uhtml|next|Next: Game 2 of 3
