|j|Ōśåparisonic
|j|Ōśåsorecruiser
|html|parisonicsorecruiser    
|uhtml|bestof|Game 3 of a best-of-3
|t:|1756870114
|gametype|doubles
|player|p1|parisonic|dawn|1078
|player|p2|sorecruiser|furisodegirl-black|1124
|gen|9
|tier|[Gen 9] VGC 2025 Reg H (Bo3)
|rated|
|rule|Species Clause: Limit one of each Pok├®mon
|rule|Item Clause: Limit 1 of each item
|clearpoke
|poke|p1|Dragonite, L50, M|
|poke|p1|Gholdengo, L50|
|poke|p1|Rillaboom, L50, F|
|poke|p1|Ursaluna-Bloodmoon, L50, M|
|poke|p1|Maushold-Four, L50|
|poke|p1|Annihilape, L50, F|
|poke|p2|Gholdengo, L50|
|poke|p2|Whimsicott, L50, M|
|poke|p2|Sneasler, L50, F|
|poke|p2|Basculegion, L50, M|
|poke|p2|Hydreigon, L50, F|
|poke|p2|Magmar, L50, F|
|teampreview|4
|showteam|p1|Dragonite||LoadedDice|Multiscale|Tailwind,Haze,Protect,ScaleShot|||M|||50|,,,,,Fairy]Gholdengo||LifeOrb|GoodasGold|MakeItRain,ShadowBall,NastyPlot,Protect||||||50|,,,,,Water]Rillaboom||MiracleSeed|GrassySurge|WoodHammer,GrassyGlide,FakeOut,HighHorsepower|||F|||50|,,,,,Fire]Ursaluna-Bloodmoon||AssaultVest|MindsEye|BloodMoon,EarthPower,HyperVoice,VacuumWave|||M|||50|,,,,,Water]Maushold-Four||FocusSash|FriendGuard|SuperFang,FollowMe,BeatUp,Protect||||||50|,,,,,Ghost]Annihilape||SitrusBerry|Defiant|RageFist,DrainPunch,BulkUp,Protect|||F|||50|,,,,,Fire
|showteam|p2|Gholdengo||MetalCoat|GoodasGold|MakeItRain,ShadowBall,NastyPlot,Protect||||||50|,,,,,Steel]Whimsicott||CovertCloak|Prankster|Tailwind,Encore,FakeTears,Moonblast|||M|||50|,,,,,Dark]Sneasler||FocusSash|PoisonTouch|Protect,CloseCombat,DireClaw,ThroatChop|||F|||50|,,,,,Dark]Basculegion||ChoiceScarf|Adaptability|LastRespects,WaveCrash,AquaJet,FlipTurn|||M|||50|,,,,,Ghost]Hydreigon||ChoiceSpecs|Levitate|DarkPulse,DracoMeteor,Snarl,HeatWave|||F|||50|,,,,,Fire]Magmar||Eviolite|VitalSpirit|Protect,FollowMe,HeatWave,Taunt|||F|||50|,,,,,Water
|
|t:|1756870151
|teamsize|p1|4
|teamsize|p2|4
|start
|switch|p1a: Dragonite|Dragonite, L50, M|100/100
|switch|p1b: Annihilape|Annihilape, L50, F|100/100
|switch|p2a: Sneasler|Sneasler, L50, F|100/100
|switch|p2b: Whimsicott|Whimsicott, L50, M|100/100
|turn|1
|inactive|Battle timer is ON: inactive players will automatically lose when time's up. (requested by sorecruiser)
|
|t:|1756870206
|move|p2a: Sneasler|Dire Claw|p1a: Dragonite
|-damage|p1a: Dragonite|74/100
|-status|p1a: Dragonite|slp
|move|p2b: Whimsicott|Moonblast|p1a: Dragonite
|-supereffective|p1a: Dragonite
|-damage|p1a: Dragonite|20/100 slp
|-unboost|p1a: Dragonite|spa|1
|move|p1b: Annihilape|Rage Fist|p2b: Whimsicott
|-crit|p2b: Whimsicott
|-damage|p2b: Whimsicott|59/100
|cant|p1a: Dragonite|slp
|
|upkeep
|turn|2
|inactive|parisonic has 30 seconds left.
|inactive|sorecruiser has 30 seconds left.
|inactive|parisonic has 20 seconds left.
|inactive|sorecruiser has 20 seconds left.
|inactive|parisonic has 15 seconds left.
|inactive|sorecruiser has 15 seconds left.
|inactive|parisonic has 10 seconds left.
|
|t:|1756870252
|switch|p2b: Hydreigon|Hydreigon, L50, F|100/100
|switch|p1a: Rillaboom|Rillaboom, L50, F|100/100
|-fieldstart|move: Grassy Terrain|[from] ability: Grassy Surge|[of] p1a: Rillaboom
|move|p2a: Sneasler|Dire Claw|p1a: Rillaboom
|-supereffective|p1a: Rillaboom
|-damage|p1a: Rillaboom|21/100
|-status|p1a: Rillaboom|slp
|move|p1b: Annihilape|Rage Fist|p2a: Sneasler
|-damage|p2a: Sneasler|63/100
|
|-heal|p2a: Sneasler|69/100|[from] Grassy Terrain
|-heal|p1a: Rillaboom|27/100 slp|[from] Grassy Terrain
|upkeep
|turn|3
|inactive|parisonic has 30 seconds left.
|
|t:|1756870285
|switch|p1a: Gholdengo|Gholdengo, L50|100/100
|-terastallize|p2b: Hydreigon|Fire
|move|p2a: Sneasler|Dire Claw|p1b: Annihilape
|-resisted|p1b: Annihilape
|-damage|p1b: Annihilape|77/100
|-status|p1b: Annihilape|slp
|cant|p1b: Annihilape|slp
|move|p2b: Hydreigon|Heat Wave|p1a: Gholdengo|[spread] p1a,p1b
|-supereffective|p1a: Gholdengo
|-damage|p1a: Gholdengo|0 fnt
|-damage|p1b: Annihilape|18/100 slp
|-enditem|p1b: Annihilape|Sitrus Berry|[eat]
|-heal|p1b: Annihilape|43/100 slp|[from] item: Sitrus Berry
|faint|p1a: Gholdengo
|
|-heal|p2a: Sneasler|75/100|[from] Grassy Terrain
|-heal|p1b: Annihilape|50/100 slp|[from] Grassy Terrain
|upkeep
|c|Ōśåsorecruiser|oh mn
|c|Ōśåsorecruiser|im sorry
|inactive|parisonic has 30 seconds left.
|c|Ōśåparisonic|wow
|
|t:|1756870311
|switch|p1a: Dragonite|Dragonite, L50, M|20/100 slp
|turn|4
|inactive|sorecruiser has 30 seconds left.
|
|t:|1756870340
|move|p2a: Sneasler|Throat Chop|p1b: Annihilape
|-damage|p1b: Annihilape|16/100 slp
|-start|p1b: Annihilape|Throat Chop|[silent]
|cant|p1b: Annihilape|slp
|move|p2b: Hydreigon|Heat Wave|p1b: Annihilape|[spread] p1a,p1b
|-resisted|p1a: Dragonite
|-damage|p1a: Dragonite|0 fnt
|-damage|p1b: Annihilape|0 fnt
|faint|p1a: Dragonite
|faint|p1b: Annihilape
|
|-heal|p2a: Sneasler|81/100|[from] Grassy Terrain
|upkeep
|
|t:|1756870347
|switch|p1b: Rillaboom|Rillaboom, L50, F|27/100 slp
|turn|5
|
|t:|1756870354
|move|p2a: Sneasler|Dire Claw|p1b: Rillaboom
|-supereffective|p1b: Rillaboom
|-damage|p1b: Rillaboom|0 fnt
|faint|p1b: Rillaboom
|
|win|sorecruiser
|raw|parisonic's rating: 1078 → 1059(-19 for losing)
|raw|sorecruiser's rating: 1124 → 1146(+22 for winning)
