|j|鈽哹lisswy
|j|鈽唅tsscarycary
|html|blisswyitsscarycary    
|uhtml|bestof|Game 1 of a best-of-3
|t:|1757112676
|gametype|doubles
|player|p1|blisswy|lady-gen4|
|player|p2|itsscarycary|swimmerf-gen4|
|gen|9
|tier|[Gen 9] VGC 2025 Reg H (Bo3)
|rule|Species Clause: Limit one of each Pok茅mon
|rule|Item Clause: Limit 1 of each item
|clearpoke
|poke|p1|Jumpluff, L50, M|
|poke|p1|Torkoal, L50, M|
|poke|p1|Typhlosion-Hisui, L50, M|
|poke|p1|Porygon2, L50|
|poke|p1|Ursaluna, L50, F|
|poke|p1|Incineroar, L50, M|
|poke|p2|Archaludon, L50, M|
|poke|p2|Basculegion, L50, M|
|poke|p2|Pelipper, L50, F|
|poke|p2|Amoonguss, L50, M|
|poke|p2|Incineroar, L50, F|
|poke|p2|Maushold, L50|
|teampreview|4
|showteam|p1|Jumpluff||CovertCloak|Chlorophyll|Tailwind,SleepPowder,SunnyDay,RagePowder|||M|||50|,,,,,Water]Torkoal||EjectPack|Drought|Eruption,Overheat,ClearSmog,Protect|||M|||50|,,,,,Fire]Typhlosion-Hisui||ChoiceSpecs|Blaze|Eruption,HeatWave,Overheat,ShadowBall|||M|||50|,,,,,Dark]Porygon2||Eviolite|Download|IceBeam,TeraBlast,TrickRoom,Recover||||||50|,,,,,Flying]Ursaluna||FlameOrb|Guts|HeadlongRush,Facade,Earthquake,Protect|||F|||50|,,,,,Ghost]Incineroar||SafetyGoggles|Intimidate|FlareBlitz,KnockOff,FakeOut,PartingShot|||M|||50|,,,,,Ghost
|showteam|p2|Archaludon||AssaultVest|Stamina|ElectroShot,DracoMeteor,FlashCannon,BodyPress|||M|||50|,,,,,Grass]Basculegion||ChoiceBand|SwiftSwim|FlipTurn,WaveCrash,AquaJet,LastRespects|||M|||50|,,,,,Water]Pelipper||FocusSash|Drizzle|Hurricane,WeatherBall,Tailwind,Protect|||F|||50|,,,,,Ghost]Amoonguss||SitrusBerry|Regenerator|Spore,RagePowder,PollenPuff,SludgeBomb|||M|||50|,,,,,Water]Incineroar||SafetyGoggles|Intimidate|FakeOut,FlareBlitz,KnockOff,PartingShot|||F|||50|,,,,,Ghost]Maushold||WideLens|Technician|PopulationBomb,FollowMe,Taunt,Protect||||||50|,,,,,Grass
|inactive|Battle timer is ON: inactive players will automatically lose when time's up. (requested by itsscarycary)
|c|鈽唅tsscarycary|Glhf
|inactiveoff|Battle timer is now OFF.
|c|鈽哹lisswy|u2
|
|t:|1757112715
|teamsize|p1|4
|teamsize|p2|4
|start
|switch|p1a: Porygon2|Porygon2, L50|100/100
|switch|p1b: pluffy|Jumpluff, L50, M, shiny|100/100
|switch|p2a: Archaludon|Archaludon, L50, M|100/100
|switch|p2b: Amoonguss|Amoonguss, L50, M|100/100
|-ability|p1a: Porygon2|Download|boost
|-boost|p1a: Porygon2|spa|1
|turn|1
|c|鈽唅tsscarycary|Im leading arch
|
|t:|1757112748
|move|p1b: pluffy|Sleep Powder|p2a: Archaludon
|-status|p2a: Archaludon|slp|[from] move: Sleep Powder
|cant|p2a: Archaludon|slp
|move|p1a: Porygon2|Ice Beam|p2b: Amoonguss
|-supereffective|p2b: Amoonguss
|-damage|p2b: Amoonguss|30/100
|-status|p2b: Amoonguss|frz
|-enditem|p2b: Amoonguss|Sitrus Berry|[eat]
|-heal|p2b: Amoonguss|55/100 frz|[from] item: Sitrus Berry
|cant|p2b: Amoonguss|frz
|
|upkeep
|turn|2
|c|鈽唅tsscarycary|WTF
|
|t:|1757112780
|switch|p2a: Maushold|Maushold, L50|100/100
|switch|p1a: Typhlosion|Typhlosion-Hisui, L50, M|100/100
|move|p1b: pluffy|Tailwind|p1b: pluffy
|-sidestart|p1: blisswy|move: Tailwind
|cant|p2b: Amoonguss|frz
|
|upkeep
|turn|3
|
|t:|1757112809
|move|p1b: pluffy|Sunny Day|p1b: pluffy
|-weather|SunnyDay
|move|p1a: Typhlosion|Eruption|p2a: Maushold|[spread] p2a,p2b
|-supereffective|p2b: Amoonguss
|-damage|p2a: Maushold|0 fnt
|-damage|p2b: Amoonguss|0 fnt
|faint|p2a: Maushold
|faint|p2b: Amoonguss
|
|-weather|SunnyDay|[upkeep]
|upkeep
|
|t:|1757112815
|switch|p2a: Incineroar|Incineroar, L50, F|100/100
|switch|p2b: Archaludon|Archaludon, L50, M|100/100 slp
|-ability|p2a: Incineroar|Intimidate|boost
|-unboost|p1a: Typhlosion|atk|1
|-unboost|p1b: pluffy|atk|1
|turn|4
|
|t:|1757112831
|-terastallize|p1b: pluffy|Water
|move|p2a: Incineroar|Fake Out|p1b: pluffy
|-damage|p1b: pluffy|85/100
|move|p1b: pluffy|Rage Powder|p1b: pluffy
|-singleturn|p1b: pluffy|move: Rage Powder
|move|p1a: Typhlosion|Eruption|p2a: Incineroar|[spread] p2a,p2b
|-resisted|p2a: Incineroar
|-damage|p2a: Incineroar|38/100
|-damage|p2b: Archaludon|0 fnt
|faint|p2b: Archaludon
|
|-weather|SunnyDay|[upkeep]
|upkeep
|turn|5
|
|t:|1757112845
|move|p1b: pluffy|Rage Powder|p1b: pluffy
|-singleturn|p1b: pluffy|move: Rage Powder
|move|p1a: Typhlosion|Eruption|p2a: Incineroar
|-resisted|p2a: Incineroar
|-crit|p2a: Incineroar
|-damage|p2a: Incineroar|0 fnt
|faint|p2a: Incineroar
|
|win|blisswy
||itsscarycary is ready for game 2.
