|j|☆THE FAMAS
|j|☆yunglelu
|html|THE FAMASyunglelu    
|uhtml|bestof|Game 1 of a best-of-3
|t:|1757822904
|gametype|doubles
|player|p1|THE FAMAS|veteran|
|player|p2|yunglelu|265|
|gen|9
|tier|[Gen 9] VGC 2025 Reg H (Bo3)
|rule|Species Clause: Limit one of each Pokémon
|rule|Item Clause: Limit 1 of each item
|clearpoke
|poke|p1|Rillaboom, L50, F|
|poke|p1|Volcarona, L50, F|
|poke|p1|Sneasler, L50, M|
|poke|p1|Ninetales-Alola, L50, M|
|poke|p1|Baxcalibur, L50, M|
|poke|p1|Electabuzz, L50, M|
|poke|p2|Dragonite, L50, M|
|poke|p2|Archaludon, L50, F|
|poke|p2|Blaziken, L50, F|
|poke|p2|Ursaluna-Bloodmoon, L50, M|
|poke|p2|Pelipper, L50, M|
|poke|p2|Rillaboom, L50, M|
|teampreview|4
|showteam|p1|Rillaboom||AssaultVest|GrassySurge|FakeOut,GrassyGlide,WoodHammer,Uturn|||F|||50|,,,,,Fire]Volcarona||CovertCloak|FlameBody|QuiverDance,Protect,HeatWave,GigaDrain|||F|||50|,,,,,Grass]Sneasler||FocusSash|Unburden|DireClaw,CloseCombat,FakeOut,Coaching|||M|||50|,,,,,Ghost]Ninetales-Alola||LightClay|SnowWarning|FreezeDry,Blizzard,AuroraVeil,Protect|||M|||50|,,,,,Water]Baxcalibur||LoadedDice|ThermalExchange|HighHorsepower,IcicleSpear,ScaleShot,Protect|||M|||50|,,,,,Fire]Electabuzz||Eviolite|VitalSpirit|FollowMe,Protect,Taunt,KnockOff|||M|||50|,,,,,Ghost
|showteam|p2|Dragonite||LoadedDice|Multiscale|ExtremeSpeed,ThunderPunch,IceSpinner,ScaleShot|||M|||50|,,,,,Normal]Archaludon||AssaultVest|Stalwart|DracoMeteor,ElectroShot,FlashCannon,TeraBlast|||F|||50|,,,,,Ghost]Blaziken||Leftovers|SpeedBoost|CloseCombat,BraveBird,FlareBlitz,Detect|||F|||50|,,,,,Flying]Ursaluna-Bloodmoon||LifeOrb|MindsEye|BloodMoon,HyperVoice,EarthPower,Protect|||M|||50|,,,,,Normal]Pelipper||FocusSash|Drizzle|HydroPump,Tailwind,Hurricane,Protect|||M|||50|,,,,,Stellar]Rillaboom||GrassySeed|GrassySurge|FakeOut,Uturn,WoodHammer,GrassyGlide|||M|||50|,,,,,Grass
|
|t:|1757822985
|teamsize|p1|4
|teamsize|p2|4
|start
|switch|p1a: Volcarona|Volcarona, L50, F, shiny|100/100
|switch|p1b: Rillaboom|Rillaboom, L50, F|100/100
|switch|p2a: Blaziken|Blaziken, L50, F|100/100
|switch|p2b: Ursaluna|Ursaluna-Bloodmoon, L50, M|100/100
|-fieldstart|move: Grassy Terrain|[from] ability: Grassy Surge|[of] p1b: Rillaboom
|turn|1
|
|t:|1757823037
|switch|p1b: Sneasler|Sneasler, L50, M|100/100
|move|p1a: Volcarona|Protect|p1a: Volcarona
|-singleturn|p1a: Volcarona|Protect
|move|p2a: Blaziken|Flare Blitz|p1b: Sneasler
|-enditem|p1b: Sneasler|Focus Sash
|-damage|p1b: Sneasler|1/100
|-damage|p2a: Blaziken|68/100|[from] Recoil
|move|p2b: Ursaluna|Hyper Voice|p1a: Volcarona|[spread] p1b
|-activate|p1a: Volcarona|move: Protect
|-damage|p1b: Sneasler|0 fnt
|faint|p1b: Sneasler
|-damage|p2b: Ursaluna|91/100|[from] item: Life Orb
|
|-heal|p2a: Blaziken|73/100|[from] Grassy Terrain
|-heal|p2a: Blaziken|79/100|[from] item: Leftovers
|-heal|p2b: Ursaluna|97/100|[from] Grassy Terrain
|-ability|p2a: Blaziken|Speed Boost|boost
|-boost|p2a: Blaziken|spe|1
|upkeep
|
|t:|1757823056
|switch|p1b: Rillaboom|Rillaboom, L50, F|100/100
|turn|2
|
|t:|1757823110
|-terastallize|p1a: Volcarona|Grass
|move|p2a: Blaziken|Detect|p2a: Blaziken
|-singleturn|p2a: Blaziken|Protect
|move|p1b: Rillaboom|Fake Out|p2a: Blaziken
|-activate|p2a: Blaziken|move: Protect
|move|p1a: Volcarona|Quiver Dance|p1a: Volcarona
|-boost|p1a: Volcarona|spa|1
|-boost|p1a: Volcarona|spd|1
|-boost|p1a: Volcarona|spe|1
|move|p2b: Ursaluna|Blood Moon|p1a: Volcarona
|-damage|p1a: Volcarona|44/100
|-damage|p2b: Ursaluna|87/100|[from] item: Life Orb
|
|-heal|p2a: Blaziken|85/100|[from] Grassy Terrain
|-heal|p2a: Blaziken|91/100|[from] item: Leftovers
|-heal|p1a: Volcarona|50/100|[from] Grassy Terrain
|-heal|p2b: Ursaluna|93/100|[from] Grassy Terrain
|-ability|p2a: Blaziken|Speed Boost|boost
|-boost|p2a: Blaziken|spe|1
|upkeep
|turn|3
|
|t:|1757823156
|move|p1a: Volcarona|Protect|p1a: Volcarona
|-singleturn|p1a: Volcarona|Protect
|move|p2b: Ursaluna|Protect|p2b: Ursaluna
|-singleturn|p2b: Ursaluna|Protect
|move|p2a: Blaziken|Flare Blitz|p1b: Rillaboom
|-supereffective|p1b: Rillaboom
|-damage|p1b: Rillaboom|0 fnt
|faint|p1b: Rillaboom
|-damage|p2a: Blaziken|48/100|[from] Recoil
|
|-heal|p2a: Blaziken|54/100|[from] Grassy Terrain
|-heal|p2a: Blaziken|60/100|[from] item: Leftovers
|-heal|p1a: Volcarona|56/100|[from] Grassy Terrain
|-heal|p2b: Ursaluna|99/100|[from] Grassy Terrain
|-ability|p2a: Blaziken|Speed Boost|boost
|-boost|p2a: Blaziken|spe|1
|upkeep
|-message|THE FAMAS forfeited.
|
|win|yunglelu
|l|☆THE FAMAS
|player|p1|
||THE FAMAS is ready for game 2.
|inactive|yunglelu has 30 seconds to confirm battle start!
|inactive|yunglelu has 20 seconds to confirm battle start!
|inactive|yunglelu has 10 seconds to confirm battle start!
|l|☆yunglelu
|player|p2|
|inactive|yunglelu has 0 seconds to confirm battle start!
|j|☆yunglelu
|player|p2|yunglelu|265|
|uhtml|next|Next: Game 2 of 3
|l|☆yunglelu
|player|p2|
