|j|☆Gworf
|j|☆FrostyRandom02
|html|GworfFrostyRandom02    
|uhtml|bestof|Game 3 of a best-of-3
|t:|1756247663
|gametype|doubles
|player|p1|Gworf|acetrainer-gen4dp|1065
|player|p2|FrostyRandom02|riley|1068
|gen|9
|tier|[Gen 9] VGC 2025 Reg H (Bo3)
|rated|
|rule|Species Clause: Limit one of each Pokémon
|rule|Item Clause: Limit 1 of each item
|clearpoke
|poke|p1|Ninetales, L50, M|
|poke|p1|Archaludon, L50, F|
|poke|p1|Charizard, L50, F|
|poke|p1|Hatterene, L50, F|
|poke|p1|Indeedee, L50, M|
|poke|p1|Dragapult, L50, M|
|poke|p2|Annihilape, L50, F|
|poke|p2|Whimsicott, L50, M|
|poke|p2|Ursaluna-Bloodmoon, L50, M|
|poke|p2|Farigiraf, L50, F|
|poke|p2|Araquanid, L50, F|
|poke|p2|Archaludon, L50, M|
|teampreview|4
|showteam|p1|Ninetales||Charcoal|Drought|HeatWave,WeatherBall,NastyPlot,Protect|||M|||50|,,,,,Stellar]Archaludon||PowerHerb|Stamina|ElectroShot,FlashCannon,DragonPulse,BodyPress|||F|||50|,,,,,Ghost]Charizard||ChoiceSpecs|SolarPower|HeatWave,FireBlast,DragonPulse,ScorchingSands|||F|||50|,,,,,Ghost]Hatterene||LifeOrb|MagicBounce|ExpandingForce,MysticalFire,AfterYou,Protect|||F|||50|,,,,,Fire]Indeedee||ChoiceScarf|PsychicSurge|ExpandingForce,HyperVoice,AfterYou,Trick|||M|||50|,,,,,Psychic]Dragapult||FocusSash|ClearBody|DragonDarts,PhantomForce,Uturn,Protect|||M|||50|,,,,,Dragon
|showteam|p2|Annihilape||SitrusBerry|Defiant|RageFist,DrainPunch,BulkUp,Protect|||F|||50|,,,,,Water]Whimsicott||CovertCloak|Prankster|Moonblast,BeatUp,Tailwind,Encore|||M|||50|,,,,,Dark]Ursaluna-Bloodmoon||LifeOrb|MindsEye|BloodMoon,HyperVoice,EarthPower,VacuumWave|||M|||50|,,,,,Normal]Farigiraf||ThroatSpray|ArmorTail|HyperVoice,PsychicNoise,TrickRoom,HelpingHand|||F|||50|,,,,,Fairy]Araquanid||ClearAmulet|WaterBubble|Liquidation,LeechLife,WideGuard,Protect|||F|||50|,,,,,Water]Archaludon||PowerHerb|Stamina|ElectroShot,Thunderbolt,DracoMeteor,DragonPulse|||M|||50|,,,,,Electric
|inactive|Battle timer is ON: inactive players will automatically lose when time's up. (requested by Gworf)
|inactive|Gworf has 60 seconds left.
|
|t:|1756247704
|teamsize|p1|4
|teamsize|p2|4
|start
|switch|p1a: Archaludon|Archaludon, L50, F|100/100
|switch|p1b: Indeedee|Indeedee, L50, M|100/100
|switch|p2a: Farigiraf|Farigiraf, L50, F|100/100
|switch|p2b: Araquanid|Araquanid, L50, F|100/100
|-fieldstart|move: Psychic Terrain|[from] ability: Psychic Surge|[of] p1b: Indeedee
|turn|1
|
|t:|1756247719
|move|p2b: Araquanid|Protect|p2b: Araquanid
|-singleturn|p2b: Araquanid|Protect
|move|p1b: Indeedee|Trick|p2a: Farigiraf
|-activate|p1b: Indeedee|move: Trick|[of] p2a: Farigiraf
|-item|p2a: Farigiraf|Choice Scarf|[from] move: Trick
|-item|p1b: Indeedee|Throat Spray|[from] move: Trick
|move|p1a: Archaludon|Electro Shot||[still]
|-prepare|p1a: Archaludon|Electro Shot
|-boost|p1a: Archaludon|spa|1
|-enditem|p1a: Archaludon|Power Herb
|-anim|p1a: Archaludon|Electro Shot|p2b: Araquanid
|-activate|p2b: Araquanid|move: Protect
|move|p2a: Farigiraf|Trick Room|p2a: Farigiraf
|-fieldstart|move: Trick Room|[of] p2a: Farigiraf
|
|upkeep
|turn|2
|inactive|Gworf has 30 seconds left.
|inactive|Gworf has 20 seconds left.
|inactive|Gworf has 15 seconds left.
|inactive|Gworf has 10 seconds left.
|inactive|Gworf has 5 seconds left.
|
|t:|1756247771
|switch|p2a: Ursaluna|Ursaluna-Bloodmoon, L50, M|100/100
|move|p2b: Araquanid|Liquidation|p1b: Indeedee
|-damage|p1b: Indeedee|0 fnt
|faint|p1b: Indeedee
|move|p1a: Archaludon|Electro Shot||[still]
|-prepare|p1a: Archaludon|Electro Shot
|-boost|p1a: Archaludon|spa|1
|
|upkeep
|
|t:|1756247782
|switch|p1b: Ninetales|Ninetales, L50, M, shiny|100/100
|-weather|SunnyDay|[from] ability: Drought|[of] p1b: Ninetales
|turn|3
|
|t:|1756247795
|switch|p2b: Farigiraf|Farigiraf, L50, F|100/100
|move|p2a: Ursaluna|Earth Power|p1a: Archaludon
|-supereffective|p1a: Archaludon
|-damage|p1a: Archaludon|0 fnt
|faint|p1a: Archaludon
|-damage|p2a: Ursaluna|91/100|[from] item: Life Orb
|move|p1b: Ninetales|Weather Ball|p2a: Ursaluna
|-damage|p2a: Ursaluna|26/100
|
|-weather|SunnyDay|[upkeep]
|upkeep
|inactive|Gworf has 30 seconds left.
|
|t:|1756247826
|switch|p1a: Charizard|Charizard, L50, F|100/100
|turn|4
|
|t:|1756247838
|-terastallize|p2a: Ursaluna|Normal
|-terastallize|p1b: Ninetales|Stellar
|move|p2a: Ursaluna|Hyper Voice|p1a: Charizard|[spread] p1a,p1b
|-damage|p1a: Charizard|13/100
|-damage|p1b: Ninetales|34/100
|-damage|p2a: Ursaluna|16/100|[from] item: Life Orb
|move|p2b: Farigiraf|Hyper Voice|p1a: Charizard|[spread] p1a,p1b
|-damage|p1a: Charizard|0 fnt
|-damage|p1b: Ninetales|0 fnt
|faint|p1a: Charizard
|faint|p1b: Ninetales
|
|win|FrostyRandom02
|raw|Gworf's rating: 1065 → 1045(-20 for losing)
|raw|FrostyRandom02's rating: 1068 → 1098(+30 for winning)
|l|☆Gworf
|player|p1|
