|j|☆KodeBeast0526
|j|☆Bowdidee
|html|KodeBeast0526Bowdidee    
|uhtml|bestof|Game 2 of a best-of-3
|t:|1783529919
|gametype|doubles
|player|p1|KodeBeast0526|hiker|1118
|player|p2|Bowdidee|youngster-gen4dp|1030
|gen|9
|tier|[Gen 9 Champions] VGC 2026 Reg M-B (Bo3)
|rated|
|rule|Species Clause: Limit one of each Pokémon
|rule|Item Clause: Limit 1 of each item
|clearpoke
|poke|p1|Garchomp, L50, M, shiny|
|poke|p1|Staraptor, L50, F, shiny|
|poke|p1|Whimsicott, L50, M, shiny|
|poke|p1|Incineroar, L50, M, shiny|
|poke|p1|Gholdengo, L50|
|poke|p1|Zoroark-Hisui, L50, M|
|poke|p2|Floette-Eternal, L50, F|
|poke|p2|Whimsicott, L50, M|
|poke|p2|Incineroar, L50, M|
|poke|p2|Basculegion, L50, M|
|poke|p2|Farigiraf, L50, M|
|poke|p2|Crabominable, L50, F|
|teampreview|4
|showteam|p1|Garchomp||LifeOrb|RoughSkin|Earthquake,Protect,RockSlide,DragonClaw|Adamant||M|||50|]Staraptor||Staraptite|Intimidate|BraveBird,CloseCombat,Roost,Protect|Jolly||F|||50|]Whimsicott||FocusSash|Prankster|Moonblast,Tailwind,Tickle,FakeTears|Timid||M|||50|]Incineroar||SitrusBerry|Intimidate|FakeOut,PartingShot,FlareBlitz,DarkestLariat|Impish||M|||50|]Gholdengo||WiseGlasses|GoodasGold|Protect,ShadowBall,MakeItRain,NastyPlot|Modest|||||50|]Zoroark-Hisui||ChoiceScarf|Illusion|IcyWind,HyperVoice,BitterMalice,Psychic|Timid||M|||50|
|showteam|p2|Floette-Eternal||Floettite|FlowerVeil|Moonblast,DazzlingGleam,CalmMind,Protect|Timid||F|||50|]Whimsicott||FairyFeather|Prankster|Moonblast,Tailwind,Encore,Protect|Bold||M|||50|]Incineroar||SitrusBerry|Intimidate|FakeOut,FlareBlitz,ThroatChop,PartingShot|Brave||M|||50|]Basculegion||LifeOrb|Adaptability|WaveCrash,AquaJet,LastRespects,Protect|Adamant||M|||50|]Farigiraf||Leftovers|ArmorTail|Psychic,TrickRoom,HelpingHand,Thunderbolt|Quiet||M|||50|]Crabominable||Crabominite|AngerPoint|MachPunch,IceSpinner,WideGuard,Protect|Brave||F|||50|
|
|t:|1783529934
|teamsize|p1|4
|teamsize|p2|4
|start
|switch|p1a: Gholdengo|Gholdengo, L50|100/100
|switch|p1b: Whimsicott|Whimsicott, L50, M, shiny|100/100
|switch|p2a: Basculegion|Basculegion, L50, M|100/100
|switch|p2b: Floette|Floette-Eternal, L50, F|100/100
|turn|1
|
|t:|1783529944
|detailschange|p2b: Floette|Floette-Mega, L50, F
|-mega|p2b: Floette|Floette|Floettite
|-ability|p2b: Floette|Fairy Aura
|move|p2b: Floette|Protect|p2b: Floette
|-singleturn|p2b: Floette|Protect
|move|p2a: Basculegion|Protect|p2a: Basculegion
|-singleturn|p2a: Basculegion|Protect
|move|p1b: Whimsicott|Bitter Malice|p2a: Basculegion
|-activate|p2a: Basculegion|move: Protect
|move|p1a: Gholdengo|Nasty Plot|p1a: Gholdengo
|-boost|p1a: Gholdengo|spa|2
|
|upkeep
|turn|2
|
|t:|1783529965
|switch|p2b: Incineroar|Incineroar, L50, M|100/100
|-ability|p2b: Incineroar|Intimidate|boost
|-unboost|p1a: Gholdengo|atk|1
|-unboost|p1b: Whimsicott|atk|1
|move|p1b: Whimsicott|Bitter Malice|p2a: Basculegion
|-supereffective|p2a: Basculegion|1
|-damage|p2a: Basculegion|8/100
|-unboost|p2a: Basculegion|atk|1
|move|p2a: Basculegion|Wave Crash|p1a: Gholdengo
|-damage|p1a: Gholdengo|30/100
|-damage|p2a: Basculegion|0 fnt|[from] Recoil
|faint|p2a: Basculegion
|move|p1a: Gholdengo|Make It Rain|p2b: Incineroar
|-resisted|p2b: Incineroar|1
|-damage|p2b: Incineroar|35/100
|-unboost|p1a: Gholdengo|spa|2
|-enditem|p2b: Incineroar|Sitrus Berry|[eat]
|-heal|p2b: Incineroar|60/100|[from] item: Sitrus Berry
|
|upkeep
|
|t:|1783529985
|switch|p2a: Whimsicott|Whimsicott, L50, M|100/100
|turn|3
|
|t:|1783529992
|switch|p1a: Staraptor|Staraptor, L50, F, shiny|100/100
|-ability|p1a: Staraptor|Intimidate|boost
|-unboost|p2a: Whimsicott|atk|1
|-unboost|p2b: Incineroar|atk|1
|move|p2a: Whimsicott|Tailwind|p2a: Whimsicott
|-sidestart|p2: Bowdidee|move: Tailwind
|move|p1b: Whimsicott|Bitter Malice|p2b: Incineroar
|-resisted|p2b: Incineroar|1
|-damage|p2b: Incineroar|41/100
|-unboost|p2b: Incineroar|atk|1
|move|p2b: Incineroar|Throat Chop|p1a: Staraptor
|-damage|p1a: Staraptor|68/100
|-start|p1a: Staraptor|Throat Chop|[silent]
|
|upkeep
|turn|4
|-message|Bowdidee forfeited.
|
|win|KodeBeast0526
|raw|KodeBeast0526's rating: 1118 → 1137(+19 for winning)
|raw|Bowdidee's rating: 1030 → 1019(-11 for losing)
|l|☆Bowdidee
|player|p2|
