|j|☆foiledfeline
|j|☆AlpiEscapes
|html|foiledfelineAlpiEscapes    
|uhtml|bestof|Game 1 of a best-of-3
|t:|1756167216
|gametype|doubles
|player|p1|foiledfeline|170|1000
|player|p2|AlpiEscapes|steven|1065
|gen|9
|tier|[Gen 9] VGC 2025 Reg H (Bo3)
|rated|
|rule|Species Clause: Limit one of each Pokémon
|rule|Item Clause: Limit 1 of each item
|clearpoke
|poke|p1|Delphox, L50, M|
|poke|p1|Sneasler, L50, M|
|poke|p1|Indeedee, L50, M|
|poke|p1|Whimsicott, L50, F|
|poke|p1|Annihilape, L50, F|
|poke|p1|Basculegion, L50, M|
|poke|p2|Maushold, L50|
|poke|p2|Annihilape, L50, F|
|poke|p2|Sinistcha, L50|
|poke|p2|Incineroar, L50, F|
|poke|p2|Pelipper, L50, F|
|poke|p2|Archaludon, L50, F|
|teampreview|4
|showteam|p1|Delphox||LifeOrb|Blaze|HeatWave,ExpandingForce,TeraBlast,Protect|||M|||50|,,,,,Fighting]Sneasler||PsychicSeed|Unburden|CloseCombat,DireClaw,ThroatChop,Protect|||M|||50|,,,,,Dark]Indeedee||FocusSash|PsychicSurge|ExpandingForce,TrickRoom,Protect,TeraBlast|||M|||50|,,,,,Fighting]Whimsicott||CovertCloak|Prankster|Tailwind,BeatUp,SunnyDay,Moonblast|||F|||50|,,,,,Water]Annihilape||SafetyGoggles|Defiant|CloseCombat,RageFist,Taunt,FinalGambit|||F|||50|,,,,,Fire]Basculegion||ChoiceScarf|Adaptability|WaveCrash,FlipTurn,LastRespects,TeraBlast|||M|||50|,,,,,Fairy
|showteam|p2|Maushold||SafetyGoggles|FriendGuard|BeatUp,Taunt,FollowMe,Protect||||||50|,,,,,Ghost]Annihilape||Leftovers|Defiant|RageFist,DrainPunch,BulkUp,Protect|||F|||50|,,,,,Water]Sinistcha||RockyHelmet|Hospitality|MatchaGotcha,LifeDew,TrickRoom,RagePowder||||||50|,,,,,Dark]Incineroar||SitrusBerry|Intimidate|KnockOff,WillOWisp,Uturn,FakeOut|||F|||50|,,,,,Grass]Pelipper||FocusSash|Drizzle|WeatherBall,Hurricane,WideGuard,Protect|||F|||50|,,,,,Stellar]Archaludon||AssaultVest|Stamina|ElectroShot,DracoMeteor,BodyPress,FlashCannon|||F|||50|,,,,,Grass
|inactive|Battle timer is ON: inactive players will automatically lose when time's up. (requested by AlpiEscapes)
|
|t:|1756167263
|teamsize|p1|4
|teamsize|p2|4
|start
|switch|p1a: Mommy|Delphox, L50, M|100/100
|switch|p1b: Fluffy|Whimsicott, L50, F|100/100
|switch|p2a: Archaludon|Archaludon, L50, F|100/100
|switch|p2b: Incineroar|Incineroar, L50, F|100/100
|-ability|p2b: Incineroar|Intimidate|boost
|-unboost|p1a: Mommy|atk|1
|-unboost|p1b: Fluffy|atk|1
|turn|1
|c|☆AlpiEscapes|criminal name for a fox
|inactive|foiledfeline has 30 seconds left.
|
|t:|1756167290
|switch|p1b: ahem has horns|Indeedee, L50, M|100/100
|-fieldstart|move: Psychic Terrain|[from] ability: Psychic Surge|[of] p1b: ahem has horns
|switch|p2b: Pelipper|Pelipper, L50, F|100/100
|-weather|RainDance|[from] ability: Drizzle|[of] p2b: Pelipper
|move|p1a: Mommy|Protect|p1a: Mommy
|-singleturn|p1a: Mommy|Protect
|move|p2a: Archaludon|Electro Shot||[still]
|-prepare|p2a: Archaludon|Electro Shot
|-boost|p2a: Archaludon|spa|1
|-anim|p2a: Archaludon|Electro Shot|p1a: Mommy
|-activate|p1a: Mommy|move: Protect
|
|-weather|RainDance|[upkeep]
|upkeep
|turn|2
|inactive|foiledfeline has 30 seconds left.
|inactive|AlpiEscapes has 30 seconds left.
|inactive|AlpiEscapes has 20 seconds left.
|
|t:|1756167329
|switch|p1a: Fluffy|Whimsicott, L50, F|100/100
|-terastallize|p1b: ahem has horns|Fighting
|move|p1b: ahem has horns|Tera Blast|p2a: Archaludon|[anim] Tera Blast Fighting
|-supereffective|p2a: Archaludon
|-damage|p2a: Archaludon|45/100
|-ability|p2a: Archaludon|Stamina|boost
|-boost|p2a: Archaludon|def|1
|move|p2b: Pelipper|Hurricane|p1a: Fluffy
|-supereffective|p1a: Fluffy
|-damage|p1a: Fluffy|0 fnt
|faint|p1a: Fluffy
|move|p2a: Archaludon|Electro Shot||[still]
|-prepare|p2a: Archaludon|Electro Shot
|-boost|p2a: Archaludon|spa|1
|-anim|p2a: Archaludon|Electro Shot|p1b: ahem has horns
|-enditem|p1b: ahem has horns|Focus Sash
|-damage|p1b: ahem has horns|1/100
|
|-weather|RainDance|[upkeep]
|upkeep
|inactive|foiledfeline has 30 seconds left.
|
|t:|1756167355
|switch|p1a: Mommy|Delphox, L50, M|100/100
|turn|3
|
|t:|1756167377
|switch|p2b: Sinistcha|Sinistcha, L50|100/100
|-heal|p2a: Archaludon|70/100|[from] ability: Hospitality|[of] p2b: Sinistcha
|move|p1a: Mommy|Expanding Force|p2a: Archaludon|[spread] p2a,p2b
|-resisted|p2a: Archaludon
|-damage|p2a: Archaludon|47/100
|-damage|p2b: Sinistcha|15/100
|-ability|p2a: Archaludon|Stamina|boost
|-boost|p2a: Archaludon|def|1
|-damage|p1a: Mommy|91/100|[from] item: Life Orb
|move|p1b: ahem has horns|Tera Blast|p2a: Archaludon|[anim] Tera Blast Fighting
|-supereffective|p2a: Archaludon
|-damage|p2a: Archaludon|0 fnt
|faint|p2a: Archaludon
|
|-weather|RainDance|[upkeep]
|upkeep
|
|t:|1756167395
|switch|p2a: Pelipper|Pelipper, L50, F|100/100
|turn|4
|
|t:|1756167413
|move|p1a: Mommy|Protect|p1a: Mommy
|-singleturn|p1a: Mommy|Protect
|move|p2a: Pelipper|Wide Guard|p2a: Pelipper
|-singleturn|p2a: Pelipper|Wide Guard
|move|p1b: ahem has horns|Expanding Force|p2a: Pelipper|[spread] 
|-activate|p2a: Pelipper|move: Wide Guard
|-activate|p2b: Sinistcha|move: Wide Guard
|move|p2b: Sinistcha|Matcha Gotcha|p1b: ahem has horns|[spread] p1b
|-activate|p1a: Mommy|move: Protect
|-damage|p1b: ahem has horns|0 fnt
|-heal|p2b: Sinistcha|16/100|[from] drain|[of] p1b: ahem has horns
|faint|p1b: ahem has horns
|
|-weather|RainDance|[upkeep]
|upkeep
|
|t:|1756167427
|switch|p1b: Scary|Annihilape, L50, F|100/100
|turn|5
|
|t:|1756167442
|move|p2b: Sinistcha|Rage Powder|p2b: Sinistcha
|-singleturn|p2b: Sinistcha|move: Rage Powder
|move|p1a: Mommy|Expanding Force|p2b: Sinistcha|[spread] p2a,p2b
|-crit|p2b: Sinistcha
|-enditem|p2a: Pelipper|Focus Sash
|-damage|p2a: Pelipper|1/100
|-damage|p2b: Sinistcha|0 fnt
|faint|p2b: Sinistcha
|-damage|p1a: Mommy|82/100|[from] item: Life Orb
|move|p1b: Scary|Rage Fist|p2a: Pelipper
|-damage|p2a: Pelipper|0 fnt
|faint|p2a: Pelipper
|
|-weather|none
|-fieldend|move: Psychic Terrain
|upkeep
|-message|AlpiEscapes forfeited.
|
|win|foiledfeline
|l|☆AlpiEscapes
|player|p2|
||AlpiEscapes is ready for game 2.
||foiledfeline is ready for game 2.
|uhtml|next|Next: Game 2 of 3
