|j|☆GenG Fan
|j|☆LyricSum
|html|GenG FanLyricSum    
|uhtml|bestof|Game 2 of a best-of-3
|t:|1756581798
|gametype|doubles
|player|p1|GenG Fan|cynthia-gen4|1174
|player|p2|LyricSum|veteran|1225
|gen|9
|tier|[Gen 9] VGC 2025 Reg H (Bo3)
|rated|
|rule|Species Clause: Limit one of each Pokémon
|rule|Item Clause: Limit 1 of each item
|clearpoke
|poke|p1|Torkoal, L50, M|
|poke|p1|Indeedee-F, L50, F|
|poke|p1|Gallade, L50, M|
|poke|p1|Ursaluna, L50, F|
|poke|p1|Hatterene, L50, F|
|poke|p1|Lilligant-Hisui, L50, F|
|poke|p2|Krookodile, L50, M|
|poke|p2|Kommo-o, L50, M|
|poke|p2|Talonflame, L50, M|
|poke|p2|Sinistcha-Masterpiece, L50|
|poke|p2|Archaludon, L50, F|
|poke|p2|Primarina, L50, M|
|teampreview|4
|showteam|p1|Torkoal||Charcoal|Drought|Eruption,WeatherBall,EarthPower,Protect|||M|||50|,,,,,Fire]Indeedee-F||RockyHelmet|PsychicSurge|Psychic,FollowMe,HelpingHand,TrickRoom|||F|||50|,,,,,Grass]Gallade||ClearAmulet|Sharpness|SacredSword,PsychoCut,WideGuard,TrickRoom|||M|||50|,,,,,Grass]Ursaluna||FlameOrb|Guts|Facade,HeadlongRush,Substitute,Protect|||F|||50|,,,,,Ghost]Hatterene||LifeOrb|MagicBounce|ExpandingForce,DazzlingGleam,TrickRoom,Protect|||F|||50|,,,,,Water]Lilligant-Hisui||FocusSash|Chlorophyll|SolarBlade,CloseCombat,SleepPowder,AfterYou|||F|||50|,,,,,Ghost
|showteam|p2|Krookodile||AssaultVest|Intimidate|KnockOff,Snarl,HighHorsepower,GunkShot|||M|||50|,,,,,Poison]Kommo-o||ThroatSpray|Overcoat|ClangorousSoul,ClangingScales,AuraSphere,Protect|||M|||50|,,,,,Steel]Talonflame||FocusSash|GaleWings|Tailwind,UpperHand,DualWingbeat,Taunt|||M|||50|,,,,,Ghost]Sinistcha-Masterpiece||SitrusBerry|Hospitality|MatchaGotcha,ShadowBall,RagePowder,LifeDew||||||50|,,,,,Fairy]Archaludon||PowerHerb|Stalwart|ElectroShot,Thunderbolt,DragonPulse,Protect|||F|||50|,,,,,Electric]Primarina||LifeOrb|LiquidVoice|HyperVoice,Moonblast,Haze,Protect|||M|||50|,,,,,Steel
|inactive|Battle timer is ON: inactive players will automatically lose when time's up. (requested by LyricSum)
|inactive|LyricSum has 60 seconds left.
|
|t:|1756581832
|teamsize|p1|4
|teamsize|p2|4
|start
|switch|p1a: Lilligant|Lilligant-Hisui, L50, F|100/100
|switch|p1b: Torkoal|Torkoal, L50, M|100/100
|switch|p2a: Talonflame|Talonflame, L50, M|100/100
|switch|p2b: Archaludon|Archaludon, L50, F, shiny|100/100
|-weather|SunnyDay|[from] ability: Drought|[of] p1b: Torkoal
|turn|1
|inactive|GenG Fan has 30 seconds left.
|
|t:|1756581859
|-terastallize|p1b: Torkoal|Fire
|move|p2a: Talonflame|Dual Wingbeat|p1a: Lilligant
|-supereffective|p1a: Lilligant
|-damage|p1a: Lilligant|7/100
|-supereffective|p1a: Lilligant
|-damage|p1a: Lilligant|0 fnt
|faint|p1a: Lilligant
|-hitcount|p1: Lilligant|2
|move|p2b: Archaludon|Electro Shot||[still]
|-prepare|p2b: Archaludon|Electro Shot
|-boost|p2b: Archaludon|spa|1
|-enditem|p2b: Archaludon|Power Herb
|-anim|p2b: Archaludon|Electro Shot|p1b: Torkoal
|-damage|p1b: Torkoal|12/100
|move|p1b: Torkoal|Eruption|p2b: Archaludon|[spread] p2a,p2b
|-resisted|p2a: Talonflame
|-damage|p2a: Talonflame|90/100
|-damage|p2b: Archaludon|80/100
|
|-weather|SunnyDay|[upkeep]
|upkeep
|c|☆GenG Fan|oops
|inactive|GenG Fan has 30 seconds left.
|-message|GenG Fan forfeited.
|
|win|LyricSum
|raw|GenG Fan's rating: 1174 → 1153(-21 for losing)
|raw|LyricSum's rating: 1225 → 1246(+21 for winning)
|l|☆GenG Fan
|player|p1|
|l|☆LyricSum
|player|p2|
|j|☆GenG Fan
|player|p1|GenG Fan|cynthia-gen4|
