|j|☆Nhatpia
|j|‽Nhan0111
|html|NhatpiaNhan0111    
|uhtml|bestof|Game 1 of a best-of-3
|t:|1783775171
|gametype|doubles
|player|p1|Nhatpia|swimmerf|
|player|p2|Nhan0111|101|
|gen|9
|tier|[Gen 9 Champions] VGC 2026 Reg M-B (Bo3)
|rule|Species Clause: Limit one of each Pokémon
|rule|Item Clause: Limit 1 of each item
|clearpoke
|poke|p1|Charizard, L50, F, shiny|
|poke|p1|Aerodactyl, L50, M, shiny|
|poke|p1|Garchomp, L50, M, shiny|
|poke|p1|Sylveon, L50, M, shiny|
|poke|p1|Kingambit, L50, F|
|poke|p1|Farigiraf, L50, M, shiny|
|poke|p2|Raichu, L50, F|
|poke|p2|Farigiraf, L50, F|
|poke|p2|Grimmsnarl, L50, M|
|poke|p2|Weavile, L50, F|
|poke|p2|Floette-Eternal, L50, F|
|poke|p2|Incineroar, L50, F|
|teampreview|4
|showteam|p1|Charizard||CharizarditeY|Blaze|Protect,HeatWave,WeatherBall,SolarBeam|Modest||F|||50|]Aerodactyl||Aerodactylite|Unnerve|RockSlide,DualWingbeat,Tailwind,IceFang|Jolly||M|||50|]Garchomp||LifeOrb|RoughSkin|StompingTantrum,Protect,Earthquake,DragonClaw|Jolly||M|||50|]Sylveon||FairyFeather|Pixilate|HyperVoice,QuickAttack,HyperBeam,Detect|Modest||M|||50|]Kingambit||FocusSash|Defiant|SuckerPunch,KowtowCleave,LowKick,IronHead|Adamant||F|||50|]Farigiraf||SitrusBerry|ArmorTail|TwinBeam,TrickRoom,Thunderbolt,HelpingHand|Bold||M|||50|
|showteam|p2|Raichu||RaichuniteY|LightningRod|ZapCannon,FocusBlast,GrassKnot,Protect|Timid||F|||50|]Farigiraf||ColburBerry|ArmorTail|Psychic,TrickRoom,HelpingHand,Imprison|Bold||F|||50|]Grimmsnarl||LightClay|Prankster|SpiritBreak,LightScreen,Reflect,PartingShot|Impish||M|||50|]Weavile||FocusSash|Pickpocket|TripleAxel,KnockOff,LowKick,FakeOut|Jolly||F|||50|]Floette-Eternal||Floettite|FlowerVeil|LightofRuin,Moonblast,Protect,DazzlingGleam|Timid||F|||50|]Incineroar||SitrusBerry|Intimidate|FlareBlitz,FakeOut,DarkestLariat,PartingShot|Adamant||F|||50|
|inactive|Battle timer is ON: inactive players will automatically lose when time's up. (requested by Nhatpia)
|
|t:|1783775217
|teamsize|p1|4
|teamsize|p2|4
|start
|switch|p1a: Kingambit|Kingambit, L50, F|100/100
|switch|p1b: Farigiraf|Farigiraf, L50, M, shiny|100/100
|switch|p2a: Grimmsnarl|Grimmsnarl, L50, M|100/100
|switch|p2b: Weavile|Weavile, L50, F|100/100
|turn|1
|inactive|Nhan0111 has 30 seconds left.
|
|t:|1783775244
|move|p2a: Grimmsnarl|Reflect|p2a: Grimmsnarl
|-sidestart|p2: Nhan0111|Reflect
|move|p2b: Weavile|Low Kick|p1a: Kingambit
|-supereffective|p1a: Kingambit|2
|-enditem|p1a: Kingambit|Focus Sash
|-damage|p1a: Kingambit|1/100
|move|p1a: Kingambit|Iron Head|p2b: Weavile
|-supereffective|p2b: Weavile|1
|-enditem|p2b: Weavile|Focus Sash
|-damage|p2b: Weavile|1/100
|move|p1b: Farigiraf|Trick Room|p1b: Farigiraf
|-fieldstart|move: Trick Room|[of] p1b: Farigiraf
|
|upkeep
|turn|2
|
|t:|1783775263
|move|p1b: Farigiraf|Helping Hand|p1a: Kingambit
|-singleturn|p1a: Kingambit|Helping Hand|[of] p1b: Farigiraf
|move|p2a: Grimmsnarl|Spirit Break|p1a: Kingambit
|-damage|p1a: Kingambit|0 fnt
|faint|p1a: Kingambit
|move|p2b: Weavile|Knock Off|p1b: Farigiraf
|-supereffective|p1b: Farigiraf|1
|-damage|p1b: Farigiraf|27/100
|-enditem|p1b: Farigiraf|Sitrus Berry|[from] move: Knock Off|[of] p2b: Weavile
|
|upkeep
|
|t:|1783775270
|switch|p1a: Sylveon|Sylveon, L50, M, shiny|100/100
|turn|3
|
|t:|1783775282
|move|p1b: Farigiraf|Helping Hand|p1a: Sylveon
|-singleturn|p1a: Sylveon|Helping Hand|[of] p1b: Farigiraf
|move|p2a: Grimmsnarl|Light Screen|p2a: Grimmsnarl
|-sidestart|p2: Nhan0111|move: Light Screen
|move|p1a: Sylveon|Hyper Voice|p2a: Grimmsnarl|[spread] p2a,p2b
|-supereffective|p2a: Grimmsnarl|1
|-supereffective|p2b: Weavile|1
|-damage|p2a: Grimmsnarl|14/100
|-damage|p2b: Weavile|0 fnt
|faint|p2b: Weavile
|
|upkeep
|
|t:|1783775292
|switch|p2b: Farigiraf|Farigiraf, L50, F|100/100
|turn|4
|l|☆Nhatpia
|inactive|Nhatpia disconnected and has 300 seconds to reconnect!
|player|p1|
|inactive|Nhatpia has 270 seconds to reconnect!
|inactive|Nhatpia has 240 seconds to reconnect!
|j|☆Nhatpia
|inactive|Nhatpia reconnected and has 55 seconds left.
|player|p1|Nhatpia|swimmerf|
|inactive|Nhan0111 has 30 seconds left.
|inactive|Nhan0111 has 20 seconds left.
|
|t:|1783775388
|move|p1b: Farigiraf|Helping Hand|p1a: Sylveon
|-singleturn|p1a: Sylveon|Helping Hand|[of] p1b: Farigiraf
|move|p2a: Grimmsnarl|Spirit Break|p1a: Sylveon
|-damage|p1a: Sylveon|65/100
|-unboost|p1a: Sylveon|spa|1
|move|p2b: Farigiraf|Imprison|p2b: Farigiraf
|-start|p2b: Farigiraf|move: Imprison
|move|p1a: Sylveon|Hyper Voice|p2a: Grimmsnarl|[spread] p2a,p2b
|-supereffective|p2a: Grimmsnarl|1
|-damage|p2a: Grimmsnarl|0 fnt
|-damage|p2b: Farigiraf|72/100
|faint|p2a: Grimmsnarl
|
|upkeep
|
|t:|1783775403
|switch|p2a: Raichu|Raichu, L50, F|100/100
|turn|5
|l|☆Nhatpia
|inactive|Nhatpia disconnected and has 240 seconds to reconnect!
|player|p1|
|inactive|Nhatpia has 210 seconds to reconnect!
|inactive|Nhatpia has 180 seconds to reconnect!
|j|☆Nhatpia
|inactive|Nhatpia reconnected and has 50 seconds left.
|player|p1|Nhatpia|swimmerf|
|inactive|Nhatpia has 30 seconds left.
|inactive|Nhatpia has 20 seconds left.
|inactive|Nhatpia has 15 seconds left.
|inactive|Nhatpia has 10 seconds left.
|
|t:|1783775510
|move|p2a: Raichu|Protect|p2a: Raichu
|-singleturn|p2a: Raichu|Protect
|move|p2b: Farigiraf|Psychic|p1a: Sylveon
|-damage|p1a: Sylveon|37/100
|move|p1b: Farigiraf|Twin Beam|p2a: Raichu
|-activate|p2a: Raichu|move: Protect
|move|p1a: Sylveon|Hyper Voice|p2a: Raichu|[spread] p2b
|-activate|p2a: Raichu|move: Protect
|-damage|p2b: Farigiraf|54/100
|
|-fieldend|move: Trick Room
|upkeep
|turn|6
|l|☆Nhatpia
|inactive|Nhatpia disconnected and has 180 seconds to reconnect!
|player|p1|
|inactive|Nhan0111 has 30 seconds left.
|inactive|Nhan0111 has 20 seconds left.
|j|☆Nhatpia
|inactive|Nhatpia reconnected and has 40 seconds left.
|player|p1|Nhatpia|swimmerf|
|inactive|Nhatpia has 30 seconds left.
|inactive|Nhatpia has 20 seconds left.
|inactive|Nhatpia has 15 seconds left.
|inactive|Nhatpia has 10 seconds left.
|
|t:|1783775577
|detailschange|p2a: Raichu|Raichu-Mega-Y, L50, F
|-mega|p2a: Raichu|Raichu|Raichunite Y
|move|p2a: Raichu|Zap Cannon|p1a: Sylveon
|-damage|p1a: Sylveon|0 fnt
|faint|p1a: Sylveon
|move|p1b: Farigiraf|Thunderbolt|p2b: Farigiraf
|-damage|p2b: Farigiraf|40/100
|move|p2b: Farigiraf|Psychic|p1b: Farigiraf
|-resisted|p1b: Farigiraf|1
|-damage|p1b: Farigiraf|11/100
|
|upkeep
|
|t:|1783775585
|switch|p1a: Aerodactyl|Aerodactyl, L50, M, shiny|100/100
|-ability|p1a: Aerodactyl|Unnerve
|turn|7
|inactive|Nhatpia has 30 seconds left.
|
|t:|1783775616
|detailschange|p1a: Aerodactyl|Aerodactyl-Mega, L50, M, shiny
|-mega|p1a: Aerodactyl|Aerodactyl|Aerodactylite
|move|p1a: Aerodactyl|Dual Wingbeat|p2a: Raichu
|-resisted|p2a: Raichu|1
|-damage|p2a: Raichu|86/100
|-resisted|p2a: Raichu|1
|-damage|p2a: Raichu|72/100
|-hitcount|p2a: Raichu|2
|move|p2a: Raichu|Zap Cannon|p1a: Aerodactyl
|-supereffective|p1a: Aerodactyl|1
|-damage|p1a: Aerodactyl|0 fnt
|faint|p1a: Aerodactyl
|move|p2b: Farigiraf|Psychic|p1b: Farigiraf
|-resisted|p1b: Farigiraf|1
|-damage|p1b: Farigiraf|0 fnt
|faint|p1b: Farigiraf
|
|win|Nhan0111
||Nhatpia is ready for game 2.
|inactive|Nhan0111 has 30 seconds to confirm battle start!
|inactive|Nhan0111 has 20 seconds to confirm battle start!
||Nhan0111 is ready for game 2.
|uhtml|next|Next: Game 2 of 3
|l|‽Nhan0111
|player|p2|
