|j|☆Sprinicki
|j|☆cozmyktwentysix
|html|Sprinickicozmyktwentysix    
|uhtml|bestof|Game 3 of a best-of-3
|t:|1757028444
|gametype|doubles
|player|p1|Sprinicki|102|
|player|p2|cozmyktwentysix|169|
|gen|9
|tier|[Gen 9] VGC 2025 Reg H (Bo3)
|rule|Species Clause: Limit one of each Pokémon
|rule|Item Clause: Limit 1 of each item
|clearpoke
|poke|p1|Gallade, L50, M|
|poke|p1|Exeggutor, L50, M|
|poke|p1|Zoroark-Hisui, L50, F|
|poke|p1|Ursaluna, L50, M|
|poke|p1|Torkoal, L50, M|
|poke|p1|Indeedee-F, L50, F|
|poke|p2|Dragonite, L50, F|
|poke|p2|Ursaluna, L50, F|
|poke|p2|Pelipper, L50, M|
|poke|p2|Sinistcha, L50|
|poke|p2|Basculegion, L50, M|
|poke|p2|Archaludon, L50, M|
|teampreview|4
|showteam|p1|Gallade||ClearAmulet|Sharpness|PsychoCut,TrickRoom,WideGuard,SacredSword|||M|||50|,,,,,Fire]Exeggutor||FocusSash|Chlorophyll|TrickRoom,ExpandingForce,EnergyBall,SleepPowder|||M|||50|,,,,,Psychic]Zoroark-Hisui||ChoiceSpecs|Illusion|HyperVoice,Flamethrower,ShadowBall,TeraBlast|||F|||50|,,,,,Stellar]Ursaluna||FlameOrb|Guts|Facade,Protect,Earthquake,HeadlongRush|||M|||50|,,,,,Ghost]Torkoal||Charcoal|Drought|Eruption,WeatherBall,Protect,HeatWave|||M|||50|,,,,,Fire]Indeedee-F||PsychicSeed|PsychicSurge|TrickRoom,Psychic,FollowMe,HelpingHand|||F|||50|,,,,,Grass
|showteam|p2|Dragonite||LoadedDice|Multiscale|ScaleShot,Tailwind,Haze,Protect|||F|||50|,,,,,Steel]Ursaluna||FlameOrb|Guts|HeadlongRush,Facade,Earthquake,Protect|||F|||50|,,,,,Fire]Pelipper||FocusSash|Drizzle|WeatherBall,Hurricane,Tailwind,Protect|||M|||50|,,,,,Ghost]Sinistcha||SitrusBerry|Hospitality|MatchaGotcha,LifeDew,RagePowder,TrickRoom||||||50|,,,,,Dark]Basculegion||ChoiceBand|SwiftSwim|WaveCrash,LastRespects,AquaJet,FlipTurn|||M|||50|,,,,,Grass]Archaludon||AssaultVest|Stamina|ElectroShot,FlashCannon,BodyPress,Snarl|||M|||50|,,,,,Bug
|j| geosts
|j| Taffiroll
|j| ponje
|j| Kaiuser
|j| ziriux
|j| cocoralladoquemado
|
|t:|1757028551
|teamsize|p1|4
|teamsize|p2|4
|start
|switch|p1a: Stella|Exeggutor, L50, M|100/100
|switch|p1b: York|Indeedee-F, L50, F|100/100
|switch|p2a: Dragonite|Dragonite, L50, F|100/100
|switch|p2b: Ursaluna|Ursaluna, L50, F|100/100
|-fieldstart|move: Psychic Terrain|[from] ability: Psychic Surge|[of] p1b: York
|-enditem|p1b: York|Psychic Seed
|-boost|p1b: York|spd|1|[from] item: Psychic Seed
|turn|1
|
|t:|1757028623
|switch|p1b: Atlas|Torkoal, L50, M|100/100
|-weather|SunnyDay|[from] ability: Drought|[of] p1b: Atlas
|-terastallize|p1a: Stella|Psychic
|move|p1a: Stella|Expanding Force|p2b: Ursaluna|[spread] p2a,p2b
|-damage|p2a: Dragonite|57/100
|-damage|p2b: Ursaluna|19/100
|move|p2a: Dragonite|Scale Shot|p1a: Stella
|-damage|p1a: Stella|83/100
|-damage|p1a: Stella|65/100
|-damage|p1a: Stella|47/100
|-crit|p1a: Stella
|-damage|p1a: Stella|19/100
|-damage|p1a: Stella|0 fnt
|faint|p1a: Stella
|-hitcount|p1: Stella|5
|-unboost|p2a: Dragonite|def|1
|-boost|p2a: Dragonite|spe|1
|move|p2b: Ursaluna|Facade|p1b: Atlas
|-damage|p1b: Atlas|65/100
|
|-weather|SunnyDay|[upkeep]
|-status|p2b: Ursaluna|brn|[from] item: Flame Orb
|upkeep
|
|t:|1757028648
|switch|p1a: York|Indeedee-F, L50, F|100/100
|turn|2
|
|t:|1757028689
|move|p1b: Atlas|Protect|p1b: Atlas
|-singleturn|p1b: Atlas|Protect
|move|p2a: Dragonite|Scale Shot|p1a: York
|-damage|p1a: York|86/100
|-damage|p1a: York|72/100
|-damage|p1a: York|58/100
|-damage|p1a: York|42/100
|-hitcount|p1a: York|4
|-unboost|p2a: Dragonite|def|1
|-boost|p2a: Dragonite|spe|1
|move|p2b: Ursaluna|Earthquake|p1a: York|[spread] p1a
|-activate|p1b: Atlas|move: Protect
|-immune|p2a: Dragonite
|-damage|p1a: York|0 fnt
|faint|p1a: York
|
|-weather|SunnyDay|[upkeep]
|-damage|p2b: Ursaluna|13/100 brn|[from] brn
|upkeep
|
|t:|1757028707
|switch|p1a: Banjo|Ursaluna, L50, M|100/100
|turn|3
|
|t:|1757028817
|move|p2a: Dragonite|Scale Shot|p1a: Banjo
|-damage|p1a: Banjo|90/100
|-crit|p1a: Banjo
|-damage|p1a: Banjo|74/100
|-damage|p1a: Banjo|63/100
|-damage|p1a: Banjo|52/100
|-damage|p1a: Banjo|42/100
|-hitcount|p1a: Banjo|5
|-unboost|p2a: Dragonite|def|1
|-boost|p2a: Dragonite|spe|1
|move|p2b: Ursaluna|Earthquake|p1a: Banjo|[spread] p1a,p1b
|-immune|p2a: Dragonite
|-supereffective|p1b: Atlas
|-damage|p1a: Banjo|0 fnt
|-damage|p1b: Atlas|0 fnt
|faint|p1a: Banjo
|faint|p1b: Atlas
|
|win|cozmyktwentysix
|l| Taffiroll
|l| Kaiuser
