|j|☆TylerLiwan5
|j|☆hpeezy
|html|TylerLiwan5hpeezy    
|uhtml|bestof|Game 2 of a best-of-3
|t:|1783791702
|gametype|doubles
|player|p1|TylerLiwan5|player-go|1000
|player|p2|hpeezy|265|1058
|gen|9
|tier|[Gen 9 Champions] VGC 2026 Reg M-B (Bo3)
|rated|
|rule|Species Clause: Limit one of each Pokémon
|rule|Item Clause: Limit 1 of each item
|clearpoke
|poke|p1|Staraptor, L50, F|
|poke|p1|Whimsicott, L50, M, shiny|
|poke|p1|Ceruledge, L50, F|
|poke|p1|Farigiraf, L50, F|
|poke|p1|Garchomp, L50, F|
|poke|p1|Metagross, L50, shiny|
|poke|p2|Sableye, L50, M|
|poke|p2|Raichu, L50, M|
|poke|p2|Ninetales-Alola, L50, F|
|poke|p2|Annihilape, L50, F|
|poke|p2|Starmie, L50|
|poke|p2|Tinkaton, L50, F|
|teampreview|4
|showteam|p1|Staraptor||Staraptite|Intimidate|CloseCombat,BraveBird,Protect,Roost|Jolly||F|||50|]Whimsicott||FocusSash|Prankster|Tailwind,Moonblast,Charm,Encore|Timid||M|||50|]Ceruledge||ColburBerry|FlashFire|BitterBlade,ShadowSneak,BulkUp,Protect|Adamant||F|||50|]Farigiraf||SitrusBerry|ArmorTail|HelpingHand,Psychic,Thunderbolt,TrickRoom|Calm||F|||50|]Garchomp||LifeOrb|RoughSkin|DragonClaw,StompingTantrum,RockSlide,Protect|Jolly||F|||50|]Metagross||Metagrossite|ClearBody|IronHead,PsychicFangs,StompingTantrum,Protect|Adamant|||||50|
|showteam|p2|Sableye||RoseliBerry|Prankster|Quash,FakeOut,Encore,KnockOff|Impish||M|||50|]Raichu||RaichuniteY|LightningRod|ZapCannon,FocusBlast,GrassKnot,Protect|Hasty||M|||50|]Ninetales-Alola||LightClay|SnowWarning|Blizzard,AuroraVeil,Protect,DarkPulse|Timid||F|||50|]Annihilape||SpellTag|Defiant|ShadowClaw,CloseCombat,IcePunch,Protect|Jolly||F|||50|]Starmie||Starminite|Analytic|Waterfall,IceSpinner,PsychoCut,Protect|Jolly|||||50|]Tinkaton||Leftovers|MoldBreaker|FakeOut,SkillSwap,GigatonHammer,WoodHammer|Jolly||F|||50|
|inactive|Battle timer is ON: inactive players will automatically lose when time's up. (requested by TylerLiwan5)
|inactive|TylerLiwan5 has 60 seconds left.
|inactive|hpeezy has 60 seconds left.
|
|t:|1783791738
|teamsize|p1|4
|teamsize|p2|4
|start
|switch|p1a: Ceruledge|Ceruledge, L50, F|100/100
|switch|p1b: Whimsicott|Whimsicott, L50, M, shiny|100/100
|switch|p2a: Annihilape|Annihilape, L50, F|100/100
|switch|p2b: Sableye|Sableye, L50, M|100/100
|turn|1
|
|t:|1783791754
|move|p2a: Annihilape|Protect|p2a: Annihilape
|-singleturn|p2a: Annihilape|Protect
|move|p1a: Ceruledge|Protect|p1a: Ceruledge
|-singleturn|p1a: Ceruledge|Protect
|move|p1b: Whimsicott|Moonblast|p2a: Annihilape
|-activate|p2a: Annihilape|move: Protect
|move|p2b: Sableye|Knock Off|p1a: Ceruledge
|-activate|p1a: Ceruledge|move: Protect
|
|upkeep
|turn|2
|
|t:|1783791767
|switch|p2a: Tinkaton|Tinkaton, L50, F|100/100
|-ability|p2a: Tinkaton|Mold Breaker
|move|p1b: Whimsicott|Encore||[still]
|-fail|p1b: Whimsicott
|move|p1a: Ceruledge|Bulk Up|p1a: Ceruledge
|-boost|p1a: Ceruledge|atk|1
|-boost|p1a: Ceruledge|def|1
|move|p2b: Sableye|Knock Off|p1a: Ceruledge
|-supereffective|p1a: Ceruledge|1
|-enditem|p1a: Ceruledge|Colbur Berry|[eat]
|-enditem|p1a: Ceruledge|Colbur Berry|[weaken]
|-damage|p1a: Ceruledge|80/100
|
|upkeep
|turn|3
|inactive|TylerLiwan5 has 30 seconds left.
|
|t:|1783791801
|switch|p1b: Farigiraf|Farigiraf, L50, F|100/100
|move|p2b: Sableye|Quash||[still]
|cant|p1b: Farigiraf|ability: Armor Tail|Quash|[of] p2b: Sableye
|move|p2a: Tinkaton|Skill Swap|p1a: Ceruledge
|-activate|p2a: Tinkaton|Skill Swap|Flash Fire|Mold Breaker|[of] p1a: Ceruledge
|-ability|p1a: Ceruledge|Mold Breaker
|move|p1a: Ceruledge|Bitter Blade|p2a: Tinkaton
|-supereffective|p2a: Tinkaton|1
|-damage|p2a: Tinkaton|0 fnt
|-heal|p1a: Ceruledge|100/100|[from] drain|[of] p2a: Tinkaton
|faint|p2a: Tinkaton
|
|upkeep
|c|☆hpeezy|?
|c|☆TylerLiwan5|Forget something?
|c|☆hpeezy|oh
|inactive|hpeezy has 30 seconds left.
|c|☆hpeezy|mold breaker
|c|☆hpeezy|yea
|c|☆TylerLiwan5|Mold Breaker ignores abilities
|-message|hpeezy forfeited.
|
|win|TylerLiwan5
|raw|TylerLiwan5's rating: 1000 → 1047(+47 for winning)
|raw|hpeezy's rating: 1058 → 1036(-22 for losing)
|l|☆hpeezy
|player|p2|
|c|☆TylerLiwan5|Respect th idea tho
