|j|☆jgtwdk
|j|☆raksbach123
|html|jgtwdkraksbach123    
|uhtml|bestof|Game 1 of a best-of-3
|t:|1784715907
|gametype|doubles
|player|p1|jgtwdk|2|1000
|player|p2|raksbach123|102|1215
|gen|9
|tier|[Gen 9 Champions] VGC 2026 Reg M-B (Bo3)
|rated|
|rule|Species Clause: Limit one of each Pokémon
|rule|Item Clause: Limit 1 of each item
|clearpoke
|poke|p1|Ninetales-Alola, L50, F|
|poke|p1|Aerodactyl, L50, M|
|poke|p1|Sneasler, L50, M|
|poke|p1|Basculegion, L50, M|
|poke|p1|Raichu, L50, M|
|poke|p1|Kingambit, L50, M|
|poke|p2|Incineroar, L50, F|
|poke|p2|Kingambit, L50, F|
|poke|p2|Sinistcha, L50|
|poke|p2|Sneasler, L50, F|
|poke|p2|Blastoise, L50, M|
|poke|p2|Delphox, L50, F|
|teampreview|4
|showteam|p1|Ninetales-Alola||ChoiceScarf|SnowWarning|Blizzard,IcyWind,FreezeDry,Moonblast|Timid||F|||50|]Aerodactyl||Aerodactylite|Unnerve|RockSlide,DualWingbeat,WideGuard,Tailwind|Jolly||M|||50|]Sneasler||WhiteHerb|Unburden|CloseCombat,DireClaw,FakeOut,Protect|Adamant||M|||50|]Basculegion||FocusSash|Adaptability|AquaJet,Liquidation,LastRespects,Protect|Adamant||M|||50|]Raichu||RaichuniteY|LightningRod|FakeOut,ZapCannon,FocusBlast,Protect|Timid||M|||50|]Kingambit||LifeOrb|Defiant|KowtowCleave,SuckerPunch,LowKick,Protect|Adamant||M|||50|
|showteam|p2|Incineroar||SitrusBerry|Intimidate|FakeOut,FlareBlitz,ThroatChop,PartingShot|Impish||F|||50|]Kingambit||BlackGlasses|Defiant|KowtowCleave,SuckerPunch,SwordsDance,Protect|Adamant||F|||50|]Sinistcha||OccaBerry|Hospitality|MatchaGotcha,RagePowder,TrickRoom,Protect|Relaxed|||||50|]Sneasler||FocusSash|PoisonTouch|FakeOut,CloseCombat,PoisonJab,QuickGuard|Jolly||F|||50|]Blastoise||Blastoisinite|RainDish|WaterSpout,DarkPulse,ShellSmash,Protect|Modest||M|||50|]Delphox||Delphoxite|Blaze|HeatWave,Psychic,NastyPlot,Protect|Timid||F|||50|
|inactive|Battle timer is ON: inactive players will automatically lose when time's up. (requested by raksbach123)
|inactive|raksbach123 has 60 seconds left.
|inactive|raksbach123 has 30 seconds left.
|inactive|raksbach123 has 20 seconds left.
|
|t:|1784715979
|teamsize|p1|4
|teamsize|p2|4
|start
|switch|p1a: Raichu|Raichu, L50, M|100/100
|switch|p1b: Kingambit|Kingambit, L50, M|100/100
|switch|p2a: Sneasler|Sneasler, L50, F|100/100
|switch|p2b: Kingambit|Kingambit, L50, F|100/100
|turn|1
|inactive|raksbach123 has 30 seconds left.
|
|t:|1784716007
|detailschange|p1a: Raichu|Raichu-Mega-Y, L50, M
|-mega|p1a: Raichu|Raichu|Raichunite Y
|move|p2b: Kingambit|Protect|p2b: Kingambit
|-singleturn|p2b: Kingambit|Protect
|move|p1a: Raichu|Fake Out|p2a: Sneasler
|-damage|p2a: Sneasler|85/100
|cant|p2a: Sneasler|flinch
|move|p1b: Kingambit|Low Kick|p2b: Kingambit
|-activate|p2b: Kingambit|move: Protect
|
|upkeep
|turn|2
|
|t:|1784716030
|switch|p2b: Sinistcha|Sinistcha, L50|100/100
|-heal|p2a: Sneasler|100/100|[from] ability: Hospitality|[of] p2b: Sinistcha
|move|p1a: Raichu|Zap Cannon|p2a: Sneasler
|-damage|p2a: Sneasler|4/100
|-status|p2a: Sneasler|par
|move|p2a: Sneasler|Close Combat|p1b: Kingambit
|-supereffective|p1b: Kingambit|2
|-damage|p1b: Kingambit|0 fnt
|-unboost|p2a: Sneasler|def|1
|-unboost|p2a: Sneasler|spd|1
|faint|p1b: Kingambit
|
|upkeep
|
|t:|1784716043
|switch|p1b: Basculegion|Basculegion, L50, M|100/100
|turn|3
|
|t:|1784716060
|move|p1a: Raichu|Protect|p1a: Raichu
|-singleturn|p1a: Raichu|Protect
|move|p2a: Sneasler|Quick Guard|p2a: Sneasler
|-singleturn|p2a: Sneasler|Quick Guard
|move|p1b: Basculegion|Last Respects|p2b: Sinistcha
|-supereffective|p2b: Sinistcha|1
|-damage|p2b: Sinistcha|0 fnt
|faint|p2b: Sinistcha
|
|upkeep
|
|t:|1784716070
|switch|p2b: Kingambit|Kingambit, L50, F|100/100
|turn|4
|
|t:|1784716080
|move|p2b: Kingambit|Protect|p2b: Kingambit
|-singleturn|p2b: Kingambit|Protect
|move|p1b: Basculegion|Aqua Jet|p2a: Sneasler
|-crit|p2a: Sneasler
|-damage|p2a: Sneasler|0 fnt
|faint|p2a: Sneasler
|move|p1a: Raichu|Focus Blast|p2b: Kingambit
|-activate|p2b: Kingambit|move: Protect
|
|upkeep
|
|t:|1784716088
|switch|p2a: Blastoise|Blastoise, L50, M|100/100
|turn|5
|
|t:|1784716105
|detailschange|p2a: Blastoise|Blastoise-Mega, L50, M
|-mega|p2a: Blastoise|Blastoise|Blastoisinite
|move|p1a: Raichu|Zap Cannon|p2a: Blastoise
|-supereffective|p2a: Blastoise|1
|-damage|p2a: Blastoise|0 fnt
|faint|p2a: Blastoise
|move|p1b: Basculegion|Liquidation|p2b: Kingambit
|-damage|p2b: Kingambit|53/100
|move|p2b: Kingambit|Kowtow Cleave|p1a: Raichu
|-crit|p1a: Raichu
|-damage|p1a: Raichu|0 fnt
|faint|p1a: Raichu
|
|upkeep
|
|t:|1784716115
|switch|p1a: Sneasler|Sneasler, L50, M|100/100
|turn|6
|-message|raksbach123 forfeited.
|
|win|jgtwdk
||raksbach123 is ready for game 2.
