|j|☆testingsss
|j|☆cookingorcooked2
|html|testingssscookingorcooked2    
|uhtml|bestof|Game 2 of a best-of-3
|t:|1782310096
|gametype|doubles
|player|p1|testingsss|unknown|1230
|player|p2|cookingorcooked2|102|1332
|gen|9
|tier|[Gen 9 Champions] VGC 2026 Reg M-B (Bo3)
|rated|
|rule|Species Clause: Limit one of each Pokémon
|rule|Item Clause: Limit 1 of each item
|clearpoke
|poke|p1|Delphox, L50, M|
|poke|p1|Floette-Eternal, L50, F|
|poke|p1|Kingambit, L50, F|
|poke|p1|Sneasler, L50, F|
|poke|p1|Incineroar, L50, M|
|poke|p1|Sinistcha, L50|
|poke|p2|Gholdengo, L50|
|poke|p2|Rotom-Wash, L50|
|poke|p2|Ninetales-Alola, L50, F|
|poke|p2|Dragonite, L50, F|
|poke|p2|Garchomp, L50, F|
|poke|p2|Incineroar, L50, M|
|teampreview|4
|showteam|p1|Delphox||Delphoxite|Blaze|HeatWave,Psyshock,NastyPlot,Protect|Timid||M|||50|]Floette-Eternal||Floettite|FlowerVeil|Moonblast,DazzlingGleam,CalmMind,Protect|Modest||F|||50|]Kingambit||BlackGlasses|Defiant|SuckerPunch,KowtowCleave,SwordsDance,Protect|Adamant||F|||50|]Sneasler||FocusSash|PoisonTouch|FakeOut,CloseCombat,DireClaw,QuickGuard|Jolly||F|||50|]Incineroar||SitrusBerry|Intimidate|PartingShot,FlareBlitz,ThroatChop,FakeOut|Impish||M|||50|]Sinistcha||KasibBerry|Hospitality|RagePowder,MatchaGotcha,TrickRoom,Protect|Bold|||||50|
|showteam|p2|Gholdengo||LifeOrb|GoodasGold|MakeItRain,ShadowBall,NastyPlot,Protect|Timid|||||50|]Rotom-Wash||ChoiceScarf|Levitate|HydroPump,Thunderbolt,VoltSwitch,Electroweb|Timid|||||50|]Ninetales-Alola||FocusSash|SnowWarning|FreezeDry,Blizzard,Encore,Protect|Timid||F|||50|]Dragonite||Dragoninite|InnerFocus|DragonPulse,HeatWave,Tailwind,Protect|Modest||F|||50|]Garchomp||RoseliBerry|RoughSkin|Earthquake,DragonClaw,RockSlide,Protect|Jolly||F|||50|]Incineroar||SitrusBerry|Intimidate|ThroatChop,FlareBlitz,PartingShot,FakeOut|Careful||M|||50|
|inactive|Battle timer is ON: inactive players will automatically lose when time's up. (requested by testingsss)
|inactive|testingsss has 60 seconds left.
|
|t:|1782310154
|teamsize|p1|4
|teamsize|p2|4
|start
|switch|p1a: Floette|Floette-Eternal, L50, F|100/100
|switch|p1b: Kingambit|Kingambit, L50, F|100/100
|switch|p2a: Dragonite|Dragonite, L50, F|100/100
|switch|p2b: Garchomp|Garchomp, L50, F|100/100
|turn|1
|inactive|testingsss has 30 seconds left.
|
|t:|1782310181
|detailschange|p1a: Floette|Floette-Mega, L50, F
|-mega|p1a: Floette|Floette|Floettite
|-ability|p1a: Floette|Fairy Aura
|detailschange|p2a: Dragonite|Dragonite-Mega, L50, F
|-mega|p2a: Dragonite|Dragonite|Dragoninite
|move|p1b: Kingambit|Protect|p1b: Kingambit
|-singleturn|p1b: Kingambit|Protect
|move|p2b: Garchomp|Earthquake|p1a: Floette|[spread] p1a
|-activate|p1b: Kingambit|move: Protect
|-immune|p2a: Dragonite
|-damage|p1a: Floette|56/100
|move|p1a: Floette|Moonblast|p2b: Garchomp
|-supereffective|p2b: Garchomp|1
|-enditem|p2b: Garchomp|Roseli Berry|[eat]
|-enditem|p2b: Garchomp|Roseli Berry|[weaken]
|-damage|p2b: Garchomp|17/100
|-unboost|p2b: Garchomp|spa|1
|move|p2a: Dragonite|Heat Wave|p1a: Floette|[spread] p1a
|-activate|p1b: Kingambit|move: Protect
|-damage|p1a: Floette|33/100
|
|upkeep
|turn|2
|inactive|cookingorcooked2 has 30 seconds left.
|inactive|cookingorcooked2 has 20 seconds left.
|inactive|testingsss has 30 seconds left.
|inactive|cookingorcooked2 has 15 seconds left.
|
|t:|1782310222
|switch|p2b: Incineroar|Incineroar, L50, M|100/100
|-ability|p2b: Incineroar|Intimidate|boost
|-unboost|p1a: Floette|atk|1
|-unboost|p1b: Kingambit|atk|1
|-ability|p1b: Kingambit|Defiant|boost
|-boost|p1b: Kingambit|atk|2
|move|p1b: Kingambit|Sucker Punch|p2a: Dragonite
|-damage|p2a: Dragonite|67/100
|move|p1a: Floette|Moonblast|p2a: Dragonite
|-supereffective|p2a: Dragonite|1
|-damage|p2a: Dragonite|0 fnt
|faint|p2a: Dragonite
|
|upkeep
|
|t:|1782310234
|switch|p2a: Gholdengo|Gholdengo, L50|100/100
|turn|3
|
|t:|1782310259
|move|p1b: Kingambit|Sucker Punch|p2a: Gholdengo
|-supereffective|p2a: Gholdengo|1
|-crit|p2a: Gholdengo
|-damage|p2a: Gholdengo|0 fnt
|faint|p2a: Gholdengo
|move|p1a: Floette|Calm Mind|p1a: Floette
|-boost|p1a: Floette|spa|1
|-boost|p1a: Floette|spd|1
|move|p2b: Incineroar|Flare Blitz|p1b: Kingambit
|-supereffective|p1b: Kingambit|1
|-damage|p1b: Kingambit|35/100
|-status|p1b: Kingambit|brn
|-damage|p2b: Incineroar|78/100|[from] Recoil
|
|-damage|p1b: Kingambit|29/100 brn|[from] brn
|upkeep
|-message|cookingorcooked2 forfeited.
|
|win|testingsss
|raw|testingsss's rating: 1230 → 1262(+32 for winning)
|raw|cookingorcooked2's rating: 1332 → 1306(-26 for losing)
|l|☆cookingorcooked2
|player|p2|
