|j|☆FRANTIST
|j|☆abadanriyi92
|html|FRANTISTabadanriyi92    
|uhtml|bestof|Game 1 of a best-of-3
|t:|1784597395
|gametype|doubles
|player|p1|FRANTIST|roxie|1324
|player|p2|abadanriyi92|colress|1258
|gen|9
|tier|[Gen 9 Champions] VGC 2026 Reg M-B (Bo3)
|rated|
|rule|Species Clause: Limit one of each Pokémon
|rule|Item Clause: Limit 1 of each item
|clearpoke
|poke|p1|Incineroar, L50, F|
|poke|p1|Maushold, L50|
|poke|p1|Sinistcha, L50|
|poke|p1|Sneasler, L50, M|
|poke|p1|Blastoise, L50, M|
|poke|p1|Delphox, L50, M|
|poke|p2|Venusaur, L50, M|
|poke|p2|Grimmsnarl, L50, M|
|poke|p2|Politoed, L50, F|
|poke|p2|Archaludon, L50, F|
|poke|p2|Kingambit, L50, M|
|poke|p2|Aerodactyl, L50, M|
|teampreview|4
|showteam|p1|Incineroar||SitrusBerry|Intimidate|FakeOut,FlareBlitz,ThroatChop,PartingShot|Impish||F|||50|]Maushold||ChopleBerry|FriendGuard|SuperFang,Feint,FollowMe,Protect|Impish|||||50|]Sinistcha||OccaBerry|Hospitality|MatchaGotcha,LifeDew,RagePowder,Protect|Bold|||||50|]Sneasler||FocusSash|PoisonTouch|FakeOut,CloseCombat,PoisonJab,QuickGuard|Jolly||M|||50|]Blastoise||Blastoisinite|RainDish|WaterSpout,DarkPulse,ShellSmash,Protect|Modest||M|||50|]Delphox||Delphoxite|Blaze|HeatWave,Psychic,NastyPlot,Protect|Timid||M|||50|
|showteam|p2|Venusaur||Venusaurite|Chlorophyll|GigaDrain,SludgeBomb,EarthPower,Protect|Modest||M|||50|]Grimmsnarl||LightClay|Prankster|PartingShot,Reflect,LightScreen,FoulPlay|Relaxed||M|||50|]Politoed||SitrusBerry|Drizzle|WeatherBall,PerishSong,Encore,Protect|Sassy||F|||50|]Archaludon||Leftovers|Stamina|ElectroShot,FlashCannon,DracoMeteor,Protect|Modest||F|||50|]Kingambit||BlackGlasses|Defiant|KowtowCleave,SuckerPunch,SwordsDance,Protect|Brave||M|||50|]Aerodactyl||Aerodactylite|Unnerve|RockSlide,DualWingbeat,Tailwind,Protect|Jolly||M|||50|
|
|t:|1784597439
|teamsize|p1|4
|teamsize|p2|4
|start
|switch|p1a: Sneasler|Sneasler, L50, M|100/100
|switch|p1b: Blastoise|Blastoise, L50, M|100/100
|switch|p2a: Politoed|Politoed, L50, F|100/100
|switch|p2b: Archaludon|Archaludon, L50, F|100/100
|-weather|RainDance|[from] ability: Drizzle|[of] p2a: Politoed
|turn|1
|
|t:|1784597476
|detailschange|p1b: Blastoise|Blastoise-Mega, L50, M
|-mega|p1b: Blastoise|Blastoise|Blastoisinite
|move|p1a: Sneasler|Close Combat|p2b: Archaludon
|-supereffective|p2b: Archaludon|1
|-damage|p2b: Archaludon|11/100
|-unboost|p1a: Sneasler|def|1
|-unboost|p1a: Sneasler|spd|1
|-ability|p2b: Archaludon|Stamina|boost
|-boost|p2b: Archaludon|def|1
|move|p1b: Blastoise|Water Spout|p2b: Archaludon|[spread] p2a,p2b
|-resisted|p2a: Politoed|1
|-resisted|p2b: Archaludon|1
|-damage|p2a: Politoed|59/100
|-damage|p2b: Archaludon|0 fnt
|faint|p2b: Archaludon
|move|p2a: Politoed|Encore|p1b: Blastoise
|-start|p1b: Blastoise|Encore
|
|-weather|RainDance|[upkeep]
|upkeep
|
|t:|1784597499
|switch|p2b: Aerodactyl|Aerodactyl, L50, M|100/100
|-ability|p2b: Aerodactyl|Unnerve
|turn|2
|
|t:|1784597530
|switch|p1a: Maushold|Maushold, L50|100/100
|detailschange|p2b: Aerodactyl|Aerodactyl-Mega, L50, M
|-mega|p2b: Aerodactyl|Aerodactyl|Aerodactylite
|move|p2b: Aerodactyl|Rock Slide|p1a: Maushold|[spread] p1a,p1b
|-damage|p1a: Maushold|69/100
|-damage|p1b: Blastoise|76/100
|move|p1b: Blastoise|Water Spout|p2a: Politoed|[spread] p2a,p2b
|-resisted|p2a: Politoed|1
|-supereffective|p2b: Aerodactyl|1
|-damage|p2a: Politoed|29/100
|-damage|p2b: Aerodactyl|0 fnt
|-enditem|p2a: Politoed|Sitrus Berry|[eat]
|-heal|p2a: Politoed|54/100|[from] item: Sitrus Berry
|faint|p2b: Aerodactyl
|move|p2a: Politoed|Weather Ball|p1a: Maushold
|-damage|p1a: Maushold|16/100
|
|-weather|RainDance|[upkeep]
|upkeep
|-message|abadanriyi92 forfeited.
|
|win|FRANTIST
|l|☆abadanriyi92
|player|p2|
||abadanriyi92 is ready for game 2.
||FRANTIST is ready for game 2.
|uhtml|next|Next: Game 2 of 3
|j|☆abadanriyi92
|player|p2|abadanriyi92|colress|
