|j|☆we_are_toasted
|j|☆MudkipBestp0kem0n
|html|we_are_toastedMudkipBestp0kem0n    
|uhtml|bestof|Game 2 of a best-of-3
|t:|1784488091
|gametype|doubles
|player|p1|we_are_toasted|102|1280
|player|p2|MudkipBestp0kem0n|170|1151
|gen|9
|tier|[Gen 9 Champions] VGC 2026 Reg M-B (Bo3)
|rated|
|rule|Species Clause: Limit one of each Pokémon
|rule|Item Clause: Limit 1 of each item
|clearpoke
|poke|p1|Froslass, L50, F|
|poke|p1|Sneasler, L50, F, shiny|
|poke|p1|Lycanroc-Dusk, L50, M, shiny|
|poke|p1|Basculegion, L50, M|
|poke|p1|Kingambit, L50, F, shiny|
|poke|p1|Scovillain, L50, F|
|poke|p2|Torkoal, L50, M|
|poke|p2|Annihilape, L50, M, shiny|
|poke|p2|Skarmory, L50, F|
|poke|p2|Whimsicott, L50, F, shiny|
|poke|p2|Houndoom, L50, M|
|poke|p2|Sinistcha-Masterpiece, L50|
|teampreview|4
|showteam|p1|Froslass||Froslassite|CursedBody|Blizzard,ShadowBall,AuroraVeil,Protect|Timid||F|||50|]Sneasler||WhiteHerb|Unburden|CloseCombat,GunkShot,Protect,FakeOut|Adamant||F|||50|]Lycanroc-Dusk||FocusSash|ToughClaws|RockSlide,Accelerock,CloseCombat,Protect|Adamant||M|||50|]Basculegion||SitrusBerry|Adaptability|WaveCrash,LastRespects,AquaJet,Protect|Adamant||M|||50|]Kingambit||LifeOrb|Defiant|KowtowCleave,SuckerPunch,SwordsDance,Protect|Adamant||F|||50|]Scovillain||Scovillainite|Moody|GigaDrain,Overheat,RagePowder,Protect|Bold||F|||50|
|showteam|p2|Torkoal||SitrusBerry|Drought|LavaPlume,Protect,HelpingHand,EarthPower|Bold||M|||50|]Annihilape||LifeOrb|Defiant|Protect,DrainPunch,RageFist,Uturn|Brave||M|||50|]Skarmory||Skarmorite|KeenEye|BraveBird,Protect,SwordsDance,IronHead|Jolly||F|||50|]Whimsicott||FocusSash|Prankster|SunnyDay,Encore,HelpingHand,Tailwind|Calm||F|||50|]Houndoom||Houndoominite|FlashFire|HeatWave,Protect,DarkPulse,SolarBeam|Timid||M|||50|]Sinistcha-Masterpiece||Leftovers|Hospitality|MatchaGotcha,Protect,RagePowder,LifeDew|Bold|||||50|
|inactive|Battle timer is ON: inactive players will automatically lose when time's up. (requested by we_are_toasted)
|inactive|we_are_toasted has 60 seconds left.
|
|t:|1784488132
|teamsize|p1|4
|teamsize|p2|4
|start
|switch|p1a: Froslass|Froslass, L50, F|100/100
|switch|p1b: Lycanroc|Lycanroc-Dusk, L50, M, shiny|100/100
|switch|p2a: Annihilape|Annihilape, L50, M, shiny|100/100
|switch|p2b: Whimsicott|Whimsicott, L50, F, shiny|100/100
|turn|1
|inactive|we_are_toasted has 30 seconds left.
|inactive|we_are_toasted has 20 seconds left.
|inactive|we_are_toasted has 15 seconds left.
|
|t:|1784488172
|detailschange|p1a: Froslass|Froslass-Mega, L50, F
|-mega|p1a: Froslass|Froslass|Froslassite
|-weather|Snowscape|[from] ability: Snow Warning|[of] p1a: Froslass
|move|p2a: Annihilape|Protect|p2a: Annihilape
|-singleturn|p2a: Annihilape|Protect
|move|p2b: Whimsicott|Tailwind|p2b: Whimsicott
|-sidestart|p2: MudkipBestp0kem0n|move: Tailwind
|move|p1a: Froslass|Shadow Ball|p2a: Annihilape
|-activate|p2a: Annihilape|move: Protect
|move|p1b: Lycanroc|Rock Slide|p2a: Annihilape|[spread] p2b
|-activate|p2a: Annihilape|move: Protect
|-damage|p2b: Whimsicott|65/100
|
|-weather|Snowscape|[upkeep]
|upkeep
|turn|2
|inactive|we_are_toasted has 30 seconds left.
|inactive|we_are_toasted has 20 seconds left.
|inactive|we_are_toasted has 15 seconds left.
|
|t:|1784488212
|move|p2b: Whimsicott|Sunny Day|p2b: Whimsicott
|-weather|SunnyDay
|move|p2a: Annihilape|Rage Fist|p1a: Froslass
|-supereffective|p1a: Froslass|1
|-damage|p1a: Froslass|0 fnt
|faint|p1a: Froslass
|-damage|p2a: Annihilape|90/100|[from] item: Life Orb
|move|p1b: Lycanroc|Rock Slide|p2b: Whimsicott|[spread] p2a,p2b
|-resisted|p2a: Annihilape|1
|-damage|p2a: Annihilape|76/100
|-damage|p2b: Whimsicott|28/100
|
|-weather|SunnyDay|[upkeep]
|upkeep
|inactive|we_are_toasted has 30 seconds left.
|inactive|we_are_toasted has 20 seconds left.
|-message|we_are_toasted forfeited.
|
|win|MudkipBestp0kem0n
|raw|we_are_toasted's rating: 1280 → 1246(-34 for losing)
|raw|MudkipBestp0kem0n's rating: 1151 → 1185(+34 for winning)
|l|☆MudkipBestp0kem0n
|player|p2|
