|j|☆dondozo ftw
|j|☆Googie06
|html|dondozo ftwGoogie06    
|uhtml|bestof|Game 3 of a best-of-3
|t:|1756906598
|gametype|doubles
|player|p1|dondozo ftw|veteranf|1186
|player|p2|Googie06|clay|1116
|gen|9
|tier|[Gen 9] VGC 2025 Reg H (Bo3)
|rated|
|rule|Species Clause: Limit one of each Pokémon
|rule|Item Clause: Limit 1 of each item
|clearpoke
|poke|p1|Indeedee, L50, M|
|poke|p1|Dondozo, L50, F|
|poke|p1|Talonflame, L50, F|
|poke|p1|Tatsugiri, L50, M|
|poke|p1|Ursaluna-Bloodmoon, L50, M|
|poke|p1|Sneasler, L50, F|
|poke|p2|Garchomp, L50, M|
|poke|p2|Hawlucha, L50, F|
|poke|p2|Rillaboom, L50, F|
|poke|p2|Dondozo, L50, F|
|poke|p2|Kingambit, L50, M|
|poke|p2|Volcarona, L50, F|
|teampreview|4
|showteam|p1|Indeedee||FocusSash|PsychicSurge|ExpandingForce,Protect,HelpingHand,TrickRoom|||M|||50|,,,,,Psychic]Dondozo||Leftovers|Unaware|WaveCrash,Earthquake,Protect,BodyPress|||F|||50|,,,,,Grass]Talonflame||CovertCloak|GaleWings|BraveBird,FlareBlitz,Tailwind,WillOWisp|||F|||50|,,,,,Ghost]Tatsugiri||ChoiceScarf|Commander|MuddyWater,IcyWind,DracoMeteor,DragonPulse|||M|||50|,,,,,Ghost]Ursaluna-Bloodmoon||LifeOrb|MindsEye|BloodMoon,HyperVoice,EarthPower,Protect|||M|||50|,,,,,Normal]Sneasler||PsychicSeed|Unburden|DireClaw,CloseCombat,ThroatChop,Protect|||F|||50|,,,,,Dark
|showteam|p2|Garchomp||LoadedDice|RoughSkin|ScaleShot,Protect,RockSlide,Earthquake|||M|||50|,,,,,Ghost]Hawlucha||FocusSash|Unburden|DualWingbeat,Coaching,Taunt,Endeavor|||F|||50|,,,,,Ghost]Rillaboom||MiracleSeed|GrassySurge|WoodHammer,GrassyGlide,FakeOut,HighHorsepower|||F|||50|,,,,,Fire]Dondozo||Leftovers|Unaware|WaveCrash,Yawn,Fissure,Protect|||F|||50|,,,,,Grass]Kingambit||BlackGlasses|Defiant|KowtowCleave,SuckerPunch,IronHead,Protect|||M|||50|,,,,,Flying]Volcarona||SitrusBerry|FlameBody|HeatWave,TeraBlast,QuiverDance,Protect|||F|||50|,,,,,Fairy
|inactive|Battle timer is ON: inactive players will automatically lose when time's up. (requested by dondozo ftw)
|
|t:|1756906627
|teamsize|p1|4
|teamsize|p2|4
|start
|switch|p1a: Talonflame|Talonflame, L50, F|100/100
|switch|p1b: Ursaluna|Ursaluna-Bloodmoon, L50, M|100/100
|switch|p2a: Garchomp|Garchomp, L50, M|100/100
|switch|p2b: Hawlucha|Hawlucha, L50, F|100/100
|turn|1
|
|t:|1756906645
|move|p2a: Garchomp|Protect|p2a: Garchomp
|-singleturn|p2a: Garchomp|Protect
|move|p1a: Talonflame|Tailwind|p1a: Talonflame
|-sidestart|p1: dondozo ftw|move: Tailwind
|move|p1b: Ursaluna|Hyper Voice|p2b: Hawlucha|[spread] p2b
|-activate|p2a: Garchomp|move: Protect
|-damage|p2b: Hawlucha|18/100
|-damage|p1b: Ursaluna|91/100|[from] item: Life Orb
|move|p2b: Hawlucha|Dual Wingbeat|p1a: Talonflame
|-damage|p1a: Talonflame|79/100
|-damage|p1a: Talonflame|59/100
|-hitcount|p1a: Talonflame|2
|
|upkeep
|turn|2
|inactive|Googie06 has 30 seconds left.
|inactive|Googie06 has 20 seconds left.
|inactive|Googie06 has 15 seconds left.
|inactive|Googie06 has 10 seconds left.
|
|t:|1756906693
|switch|p2a: Dondozo|Dondozo, L50, F|100/100
|-terastallize|p1b: Ursaluna|Normal
|move|p1a: Talonflame|Flare Blitz|p2b: Hawlucha
|-damage|p2b: Hawlucha|0 fnt
|faint|p2b: Hawlucha
|-damage|p1a: Talonflame|54/100|[from] Recoil
|move|p1b: Ursaluna|Blood Moon|p2a: Dondozo
|-damage|p2a: Dondozo|6/100
|-damage|p1b: Ursaluna|81/100|[from] item: Life Orb
|
|-heal|p2a: Dondozo|13/100|[from] item: Leftovers
|upkeep
|
|t:|1756906706
|switch|p2b: Rillaboom|Rillaboom, L50, F|100/100
|-fieldstart|move: Grassy Terrain|[from] ability: Grassy Surge|[of] p2b: Rillaboom
|turn|3
|
|t:|1756906724
|switch|p1a: Indeedee|Indeedee, L50, M|100/100
|-fieldstart|move: Psychic Terrain|[from] ability: Psychic Surge|[of] p1a: Indeedee
|-terastallize|p2b: Rillaboom|Fire
|move|p2b: Rillaboom|Fake Out|p1b: Ursaluna
|-activate|p1b: Ursaluna|move: Psychic Terrain
|move|p1b: Ursaluna|Hyper Voice|p2a: Dondozo|[spread] p2a,p2b
|-damage|p2a: Dondozo|0 fnt
|-damage|p2b: Rillaboom|25/100
|faint|p2a: Dondozo
|-damage|p1b: Ursaluna|72/100|[from] item: Life Orb
|
|upkeep
|l|☆Googie06
|inactive|Googie06 disconnected and has a minute to reconnect!
|player|p2|
|inactive|Googie06 has 30 seconds left.
|inactive|Googie06 has 20 seconds left.
|inactive|Googie06 has 15 seconds left.
|inactive|Googie06 has 10 seconds left.
|inactive|Googie06 has 5 seconds left.
|-message|Googie06 lost due to inactivity.
|
|win|dondozo ftw
|raw|dondozo ftw's rating: 1186 → 1206(+20 for winning)
|raw|Googie06's rating: 1116 → 1096(-20 for losing)
|l|☆dondozo ftw
|player|p1|
|j|☆dondozo ftw
|player|p1|dondozo ftw|veteranf|
