|j|☆Noel catavinos
|j|☆pokemonalpha.es
|html|Noel catavinospokemonalpha.es    
|uhtml|bestof|Game 1 of a best-of-3
|t:|1783102136
|gametype|doubles
|player|p1|Noel catavinos|will|
|player|p2|pokemonalpha.es|lebanne|
|gen|9
|tier|[Gen 9 Champions] VGC 2026 Reg M-B (Bo3)
|rule|Species Clause: Limit one of each Pokémon
|rule|Item Clause: Limit 1 of each item
|clearpoke
|poke|p1|Metagross, L50|
|poke|p1|Blaziken, L50, F|
|poke|p1|Gyarados, L50, M|
|poke|p1|Sinistcha, L50|
|poke|p1|Incineroar, L50, M|
|poke|p1|Ninetales-Alola, L50, M|
|poke|p2|Sneasler, L50, M|
|poke|p2|Scovillain, L50, M|
|poke|p2|Kingambit, L50, F|
|poke|p2|Toxapex, L50, F|
|poke|p2|Snorlax, L50, M|
|poke|p2|Basculegion, L50, M|
|teampreview|4
|showteam|p1|Metagross||Metagrossite|ClearBody|Protect,IronHead,BodyPress,PsychicFangs|Jolly|||||50|]Blaziken||FocusSash|SpeedBoost|Detect,CloseCombat,Coaching,Overheat|Naive||F|||50|]Gyarados||SitrusBerry|Moxie|Protect,DragonDance,Waterfall,PowerWhip|Adamant||M|||50|]Sinistcha||KasibBerry|Hospitality|LifeDew,MatchaGotcha,RagePowder,TrickRoom|Calm|||||50|]Incineroar||ShucaBerry|Intimidate|FakeOut,FlareBlitz,PartingShot,ThroatChop|Impish||M|||50|]Ninetales-Alola||NeverMeltIce|SnowWarning|Protect,Encore,FreezeDry,Blizzard|Timid||M|||50|
|showteam|p2|Sneasler||WhiteHerb|Unburden|CloseCombat,GunkShot,FakeOut,Protect|Jolly||M|||50|]Scovillain||Scovillainite|Moody|Overheat,RagePowder,LeechSeed,Protect|Calm||M|||50|]Kingambit||ChopleBerry|Defiant|KowtowCleave,SuckerPunch,LowKick,Protect|Adamant||F|||50|]Toxapex||Leftovers|Regenerator|Infestation,WideGuard,Recover,Protect|Bold||F|||50|]Snorlax||SitrusBerry|ThickFat|DoubleEdge,Yawn,Fissure,Protect|Relaxed||M|||50|]Basculegion||ChoiceScarf|Adaptability|WaveCrash,LastRespects,FlipTurn,AquaJet|Jolly||M|||50|
|inactive|Battle timer is ON: inactive players will automatically lose when time's up. (requested by Noel catavinos)
|c|☆pokemonalpha.es|mucha suerte rey
|j| Jmf_vgc_92
|j| shishio_ax
|c|☆Noel catavinos|Scovillain y yo con el equipo fisico
|j| Prepucio Perez
|c|☆Noel catavinos|maldito seas Manuel Barea Hidalgo
|j| maxibeasm
|inactive|Noel catavinos has 60 seconds left.
|inactive|pokemonalpha.es has 60 seconds left.
|c|☆Noel catavinos|suerte
|c| shishio_ax|Cuidao no se te quemen el Blaziken o Incineroar xd
|inactive|Noel catavinos has 30 seconds left.
|inactive|Noel catavinos has 20 seconds left.
|c|☆pokemonalpha.es|como ya dije el otro día... el acoso es clave...
|c| maxibeasm|marco lo mas especial que pulsa es coaching
|inactive|Noel catavinos has 15 seconds left.
|inactive|Noel catavinos has 10 seconds left.
|
|t:|1783102219
|teamsize|p1|4
|teamsize|p2|4
|start
|switch|p1a: Canobbio|Blaziken, L50, F|100/100
|switch|p1b: Rotación|Incineroar, L50, M|100/100
|switch|p2a: Scovillain|Scovillain, L50, M|100/100
|switch|p2b: Toxapex|Toxapex, L50, F|100/100
|-ability|p1b: Rotación|Intimidate|boost
|-unboost|p2a: Scovillain|atk|1
|-unboost|p2b: Toxapex|atk|1
|turn|1
|c| shishio_ax|JAJSJAJAJJAJA
|c| maxibeasm|JAJAJAJAJAJAJ EMILIO
|c| Prepucio Perez|Vaya guarrada de equipo
|inactive|Noel catavinos has 30 seconds left.
|
|t:|1783102251
|move|p2a: Scovillain|Protect|p2a: Scovillain
|-singleturn|p2a: Scovillain|Protect
|move|p1a: Canobbio|Overheat|p2a: Scovillain
|-activate|p2a: Scovillain|move: Protect
|move|p1b: Rotación|Flare Blitz|p2a: Scovillain
|-activate|p2a: Scovillain|move: Protect
|move|p2b: Toxapex|Infestation|p1a: Canobbio
|-resisted|p1a: Canobbio|2
|-damage|p1a: Canobbio|98/100
|-activate|p1a: Canobbio|move: Infestation|[of] p2b: Toxapex
|
|-damage|p1a: Canobbio|86/100|[from] move: Infestation|[partiallytrapped]
|-ability|p1a: Canobbio|Speed Boost|boost
|-boost|p1a: Canobbio|spe|1
|-ability|p2a: Scovillain|Moody|boost
|-boost|p2a: Scovillain|def|2
|-unboost|p2a: Scovillain|spa|1
|upkeep
|turn|2
|c|☆pokemonalpha.es|que rico
|c|☆Noel catavinos|7forfeit
|
|t:|1783102274
|detailschange|p2a: Scovillain|Scovillain-Mega, L50, M
|-mega|p2a: Scovillain|Scovillain|Scovillainite
|move|p1a: Canobbio|Overheat|p2a: Scovillain
|-damage|p2a: Scovillain|55/100
|-unboost|p1a: Canobbio|spa|2
|-immune|p1a: Canobbio
|move|p1b: Rotación|Parting Shot|p2a: Scovillain
|-unboost|p2a: Scovillain|atk|1
|-unboost|p2a: Scovillain|spa|1
|c| maxibeasm|bien acosado
|c| maxibeasm|AJJAAJAJAJA MARCO
|c| shishio_ax|estais acosados.
|
|t:|1783102290
|switch|p1b: Joaquin|Gyarados, L50, M|100/100|[from] Parting Shot
|move|p2a: Scovillain|Leech Seed|p1a: Canobbio
|-start|p1a: Canobbio|move: Leech Seed
|move|p2b: Toxapex|Infestation|p1b: Joaquin
|-resisted|p1b: Joaquin|1
|-damage|p1b: Joaquin|98/100
|-activate|p1b: Joaquin|move: Infestation|[of] p2b: Toxapex
|
|-damage|p1a: Canobbio|74/100|[from] Leech Seed|[of] p2a: Scovillain
|-heal|p2a: Scovillain|66/100|[silent]
|-damage|p1a: Canobbio|62/100|[from] move: Infestation|[partiallytrapped]
|-damage|p1b: Joaquin|86/100|[from] move: Infestation|[partiallytrapped]
|-ability|p1a: Canobbio|Speed Boost|boost
|-boost|p1a: Canobbio|spe|1
|upkeep
|turn|3
|c| maxibeasm|jajasjsjasjajsj
|c|☆Noel catavinos|sin coñas GG
|
|t:|1783102311
|move|p1a: Canobbio|Coaching|p1b: Joaquin
|-boost|p1b: Joaquin|atk|1
|-boost|p1b: Joaquin|def|1
|move|p1b: Joaquin|Dragon Dance|p1b: Joaquin
|-boost|p1b: Joaquin|atk|1
|-boost|p1b: Joaquin|spe|1
|move|p2a: Scovillain|Leech Seed|p1b: Joaquin
|-start|p1b: Joaquin|move: Leech Seed
|move|p2b: Toxapex|Infestation|p1b: Joaquin
|-resisted|p1b: Joaquin|1
|-damage|p1b: Joaquin|84/100
|
|-damage|p1a: Canobbio|50/100g|[from] Leech Seed|[of] p2a: Scovillain
|-heal|p2a: Scovillain|77/100|[silent]
|-damage|p1b: Joaquin|72/100|[from] Leech Seed|[of] p2a: Scovillain
|-heal|p2a: Scovillain|92/100|[silent]
|-damage|p1a: Canobbio|38/100|[from] move: Infestation|[partiallytrapped]
|-damage|p1b: Joaquin|59/100|[from] move: Infestation|[partiallytrapped]
|-ability|p1a: Canobbio|Speed Boost|boost
|-boost|p1a: Canobbio|spe|1
|upkeep
|turn|4
|c| maxibeasm|como cuando vi al gyarados a +2
|c| maxibeasm|me hizo howl cambio a nite
|
|t:|1783102324
|move|p1a: Canobbio|Coaching|p1b: Joaquin
|-boost|p1b: Joaquin|atk|1
|-boost|p1b: Joaquin|def|1
|move|p1b: Joaquin|Dragon Dance|p1b: Joaquin
|-boost|p1b: Joaquin|atk|1
|-boost|p1b: Joaquin|spe|1
|move|p2a: Scovillain|Overheat|p1b: Joaquin
|-resisted|p1b: Joaquin|1
|-damage|p1b: Joaquin|47/100
|-unboost|p2a: Scovillain|spa|2
|-enditem|p1b: Joaquin|Sitrus Berry|[eat]
|-heal|p1b: Joaquin|72/100|[from] item: Sitrus Berry
|move|p2b: Toxapex|Infestation|p1b: Joaquin
|-resisted|p1b: Joaquin|1
|-damage|p1b: Joaquin|70/100
|
|-damage|p1a: Canobbio|26/100|[from] Leech Seed|[of] p2a: Scovillain
|-heal|p2a: Scovillain|100/100|[silent]
|-damage|p1b: Joaquin|58/100|[from] Leech Seed|[of] p2a: Scovillain
|-damage|p1a: Canobbio|14/100|[from] move: Infestation|[partiallytrapped]
|-damage|p1b: Joaquin|45/100|[from] move: Infestation|[partiallytrapped]
|-ability|p1a: Canobbio|Speed Boost|boost
|-boost|p1a: Canobbio|spe|1
|upkeep
|turn|5
|c| maxibeasm|joaquin fue lechado
|inactive|pokemonalpha.es has 30 seconds left.
|
|t:|1783102356
|move|p1a: Canobbio|Coaching|p1b: Joaquin
|-boost|p1b: Joaquin|atk|1
|-boost|p1b: Joaquin|def|1
|move|p1b: Joaquin|Power Whip|p2b: Toxapex
|-crit|p2b: Toxapex
|-damage|p2b: Toxapex|0 fnt
|faint|p2b: Toxapex
|-ability|p1b: Joaquin|Moxie|boost
|-boost|p1b: Joaquin|atk|1
|move|p2a: Scovillain|Overheat|p1b: Joaquin
|-resisted|p1b: Joaquin|1
|-damage|p1b: Joaquin|37/100
|-unboost|p2a: Scovillain|spa|2
|
|-damage|p1a: Canobbio|1/100|[from] Leech Seed|[of] p2a: Scovillain
|-damage|p1b: Joaquin|25/100|[from] Leech Seed|[of] p2a: Scovillain
|-end|p1a: Canobbio|Infestation|[partiallytrapped]|[silent]
|-end|p1b: Joaquin|Infestation|[partiallytrapped]|[silent]
|-ability|p1a: Canobbio|Speed Boost|boost
|-boost|p1a: Canobbio|spe|1
|upkeep
|c| Prepucio Perez|Porque
|
|t:|1783102367
|switch|p2b: Sneasler|Sneasler, L50, M|100/100
|turn|6
|c| Prepucio Perez|Ojala me lecharan si
|
|t:|1783102377
|move|p1b: Joaquin|Protect|p1b: Joaquin
|-singleturn|p1b: Joaquin|Protect
|move|p2b: Sneasler|Fake Out|p1b: Joaquin
|-activate|p1b: Joaquin|move: Protect
|move|p1a: Canobbio|Overheat|p2a: Scovillain
|-damage|p2a: Scovillain|76/100
|-unboost|p1a: Canobbio|spa|2
|-immune|p1a: Canobbio
|move|p2a: Scovillain|Overheat|p1b: Joaquin
|-activate|p1b: Joaquin|move: Protect
|
|-damage|p1a: Canobbio|0 fnt|[from] Leech Seed|[of] p2a: Scovillain
|-heal|p2a: Scovillain|78/100|[silent]
|faint|p1a: Canobbio
|-damage|p1b: Joaquin|12/100|[from] Leech Seed|[of] p2a: Scovillain
|-heal|p2a: Scovillain|93/100|[silent]
|upkeep
|c| shishio_ax|Deberiamos crucificar a Emilio por este equipo
|
|t:|1783102386
|switch|p1a: ChatGPT|Metagross, L50|100/100
|turn|7
|
|t:|1783102401
|detailschange|p1a: ChatGPT|Metagross-Mega, L50
|-mega|p1a: ChatGPT|Metagross|Metagrossite
|move|p2b: Sneasler|Protect|p2b: Sneasler
|-singleturn|p2b: Sneasler|Protect
|move|p2a: Scovillain|Protect|p2a: Scovillain
|-singleturn|p2a: Scovillain|Protect
|move|p1b: Joaquin|Waterfall|p2a: Scovillain
|-activate|p2a: Scovillain|move: Protect
|move|p1a: ChatGPT|Psychic Fangs|p2b: Sneasler
|-activate|p2b: Sneasler|move: Protect
|
|-damage|p1b: Joaquin|0 fnt|[from] Leech Seed|[of] p2a: Scovillain
|-heal|p2a: Scovillain|100/100|[silent]
|faint|p1b: Joaquin
|upkeep
|c|☆Noel catavinos|el +2 de defensa es criminal eh
|
|t:|1783102407
|switch|p1b: Rotación|Incineroar, L50, M|100/100
|-ability|p1b: Rotación|Intimidate|boost
|-unboost|p2a: Scovillain|atk|1
|-unboost|p2b: Sneasler|atk|1
|-enditem|p2b: Sneasler|White Herb
|-clearnegativeboost|p2b: Sneasler|[silent]
|turn|8
|
|t:|1783102425
|move|p1b: Rotación|Fake Out|p2a: Scovillain
|-damage|p2a: Scovillain|94/100
|-immune|p1b: Rotación
|cant|p2a: Scovillain|flinch
|move|p2b: Sneasler|Close Combat|p1b: Rotación
|-supereffective|p1b: Rotación|1
|-damage|p1b: Rotación|0 fnt
|-unboost|p2b: Sneasler|def|1
|-unboost|p2b: Sneasler|spd|1
|faint|p1b: Rotación
|move|p1a: ChatGPT|Psychic Fangs|p2b: Sneasler
|-supereffective|p2b: Sneasler|2
|-damage|p2b: Sneasler|0 fnt
|faint|p2b: Sneasler
|
|upkeep
|
|t:|1783102436
|switch|p2b: Basculegion|Basculegion, L50, M|100/100
|turn|9
|
|t:|1783102440
|move|p2a: Scovillain|Rage Powder|p2a: Scovillain
|-singleturn|p2a: Scovillain|move: Rage Powder
|move|p2b: Basculegion|Last Respects|p1a: ChatGPT
|-supereffective|p1a: ChatGPT|1
|-damage|p1a: ChatGPT|0 fnt
|faint|p1a: ChatGPT
|
|win|pokemonalpha.es
||Noel catavinos is ready for game 2.
|c| maxibeasm|emilio es new meta
||pokemonalpha.es is ready for game 2.
|uhtml|next|Next: Game 2 of 3
|j| raicune28
|l| shishio_ax
|l| raicune28
|l|☆Noel catavinos
|player|p1|
|l| Jmf_vgc_92
|l| Prepucio Perez
