|j|☆Olvidonaaaa
|j|☆trompavieja
|html|Olvidonaaaatrompavieja    
|uhtml|bestof|Game 2 of a best-of-3
|t:|1782991207
|gametype|doubles
|player|p1|Olvidonaaaa|170|1257
|player|p2|trompavieja|tate|1347
|gen|9
|tier|[Gen 9 Champions] VGC 2026 Reg M-B (Bo3)
|rated|
|rule|Species Clause: Limit one of each Pokémon
|rule|Item Clause: Limit 1 of each item
|clearpoke
|poke|p1|Blastoise, L50, F|
|poke|p1|Kingambit, L50, F|
|poke|p1|Sinistcha, L50|
|poke|p1|Incineroar, L50, M|
|poke|p1|Sneasler, L50, M|
|poke|p1|Delphox, L50, F|
|poke|p2|Garchomp, L50, M|
|poke|p2|Aerodactyl, L50, M|
|poke|p2|Kingambit, L50, F|
|poke|p2|Farigiraf, L50, F|
|poke|p2|Sylveon, L50, F|
|poke|p2|Charizard, L50, F|
|teampreview|4
|showteam|p1|Blastoise||Blastoisinite|Torrent|WaterSpout,DarkPulse,ShellSmash,Protect|Calm||F|||50|]Kingambit||BlackGlasses|Defiant|KowtowCleave,Protect,SuckerPunch,SwordsDance|Adamant||F|||50|]Sinistcha||OccaBerry|Hospitality|MatchaGotcha,Protect,TrickRoom,RagePowder|Bold|||||50|]Incineroar||SitrusBerry|Intimidate|FakeOut,PartingShot,FlareBlitz,HelpingHand|Calm||M|||50|]Sneasler||FocusSash|PoisonTouch|CloseCombat,DireClaw,FakeOut,QuickGuard|Jolly||M|||50|]Delphox||Delphoxite|Blaze|HeatWave,NastyPlot,Protect,Psyshock|Timid||F|||50|
|showteam|p2|Garchomp||LifeOrb|RoughSkin|StompingTantrum,Earthquake,DragonClaw,Protect|Jolly||M|||50|]Aerodactyl||Aerodactylite|Unnerve|Tailwind,DualWingbeat,RockSlide,IceFang|Jolly||M|||50|]Kingambit||FocusSash|Defiant|SuckerPunch,KowtowCleave,LowKick,IronHead|Adamant||F|||50|]Farigiraf||SitrusBerry|ArmorTail|TwinBeam,Thunderbolt,TrickRoom,HelpingHand|Bold||F|||50|]Sylveon||FairyFeather|Pixilate|Detect,HyperVoice,QuickAttack,HyperBeam|Modest||F|||50|]Charizard||CharizarditeY|Blaze|HeatWave,SolarBeam,WeatherBall,Protect|Modest||F|||50|
|
|t:|1782991223
|teamsize|p1|4
|teamsize|p2|4
|start
|switch|p1a: Sneasler|Sneasler, L50, M|100/100
|switch|p1b: Kingambit|Kingambit, L50, F|100/100
|switch|p2a: Aerodactyl|Aerodactyl, L50, M|100/100
|switch|p2b: Charizard|Charizard, L50, F|100/100
|-ability|p2a: Aerodactyl|Unnerve
|turn|1
|inactive|Battle timer is ON: inactive players will automatically lose when time's up. (requested by trompavieja)
|
|t:|1782991235
|switch|p2a: Farigiraf|Farigiraf, L50, F|100/100
|detailschange|p2b: Charizard|Charizard-Mega-Y, L50, F
|-mega|p2b: Charizard|Charizard|Charizardite Y
|-weather|SunnyDay|[from] ability: Drought|[of] p2b: Charizard
|move|p1a: Sneasler|Fake Out||[still]
|cant|p2a: Farigiraf|ability: Armor Tail|Fake Out|[of] p1a: Sneasler
|move|p2b: Charizard|Heat Wave|p1b: Kingambit|[spread] p1a,p1b
|-supereffective|p1b: Kingambit|1
|-damage|p1a: Sneasler|17/100
|-damage|p1b: Kingambit|0 fnt
|-status|p1a: Sneasler|brn
|faint|p1b: Kingambit
|
|-weather|SunnyDay|[upkeep]
|-damage|p1a: Sneasler|11/100 brn|[from] brn
|upkeep
|-message|Olvidonaaaa forfeited.
|raw|Olvidonaaaa's rating: 1257 → 1238(-19 for losing)
|raw|trompavieja's rating: 1347 → 1362(+15 for winning)
|
|win|trompavieja
|l|☆Olvidonaaaa
|player|p1|
