|j|☆CuboX11n
|j|☆aliciadoors
|html|CuboX11naliciadoors    
|uhtml|bestof|Game 1 of a best-of-3
|t:|1757847050
|gametype|doubles
|player|p1|CuboX11n|crasherwake|1301
|player|p2|aliciadoors|jasmine|1433
|gen|9
|tier|[Gen 9] VGC 2025 Reg H (Bo3)
|rated|
|rule|Species Clause: Limit one of each Pokémon
|rule|Item Clause: Limit 1 of each item
|clearpoke
|poke|p1|Tyranitar, L50, F|
|poke|p1|Garchomp, L50, F|
|poke|p1|Basculegion, L50, M|
|poke|p1|Volcarona, L50, M|
|poke|p1|Amoonguss, L50, F|
|poke|p1|Grimmsnarl, L50, M|
|poke|p2|Tyranitar, L50, F|
|poke|p2|Excadrill, L50, M|
|poke|p2|Corviknight, L50, F|
|poke|p2|Indeedee, L50, M|
|poke|p2|Sneasler, L50, M|
|poke|p2|Archaludon, L50, M|
|teampreview|4
|showteam|p1|Tyranitar||AssaultVest|SandStream|LowKick,TeraBlast,RockSlide,KnockOff|||F|||50|,,,,,Flying]Garchomp||LoadedDice|SandVeil|StompingTantrum,ScaleShot,SwordsDance,Protect|||F|||50|,,,,,Poison]Basculegion||ChoiceScarf|Adaptability|LastRespects,WaveCrash,FlipTurn,TeraBlast|||M|||50|,,,,,Ghost]Volcarona||Leftovers|FlameBody|HeatWave,GigaDrain,QuiverDance,Protect|||M|||50|,,,,,Grass]Amoonguss||SitrusBerry|Regenerator|Spore,RagePowder,LeafStorm,ClearSmog|||F|||50|,,,,,Steel]Grimmsnarl||LightClay|Prankster|ThunderWave,LightScreen,Reflect,SpiritBreak|||M|||50|,,,,,Water
|showteam|p2|Tyranitar||AssaultVest|SandStream|RockSlide,KnockOff,TeraBlast,LowKick|||F|||50|,,,,,Flying]Excadrill||FocusSash|SandRush|Earthquake,HighHorsepower,IronHead,Protect|||M|||50|,,,,,Ground]Corviknight||SitrusBerry|MirrorArmor|BraveBird,Tailwind,BulkUp,Roost|||F|||50|,,,,,Dragon]Indeedee||ChoiceScarf|PsychicSurge|ExpandingForce,TeraBlast,Trick,Protect|||M|||50|,,,,,Psychic]Sneasler||PsychicSeed|Unburden|CloseCombat,DireClaw,ThroatChop,Protect|||M|||50|,,,,,Stellar]Archaludon||PowerHerb|Sturdy|FlashCannon,DracoMeteor,ElectroShot,Protect|||M|||50|,,,,,Stellar
|inactive|Battle timer is ON: inactive players will automatically lose when time's up. (requested by aliciadoors)
|inactive|aliciadoors has 60 seconds left.
|
|t:|1757847089
|teamsize|p1|4
|teamsize|p2|4
|start
|switch|p1a: Grimmsnarl|Grimmsnarl, L50, M, shiny|100/100
|switch|p1b: Garchomp|Garchomp, L50, F|100/100
|switch|p2a: Excadrill|Excadrill, L50, M|100/100
|switch|p2b: Tyranitar|Tyranitar, L50, F|100/100
|-weather|Sandstorm|[from] ability: Sand Stream|[of] p2b: Tyranitar
|turn|1
|
|t:|1757847104
|move|p1a: Grimmsnarl|Reflect|p1a: Grimmsnarl
|-sidestart|p1: CuboX11n|Reflect
|move|p2a: Excadrill|Iron Head|p1a: Grimmsnarl
|-supereffective|p1a: Grimmsnarl
|-damage|p1a: Grimmsnarl|35/100
|move|p1b: Garchomp|Stomping Tantrum|p2a: Excadrill
|-supereffective|p2a: Excadrill
|-damage|p2a: Excadrill|3/100
|move|p2b: Tyranitar|Knock Off|p1b: Garchomp
|-damage|p1b: Garchomp|69/100
|-enditem|p1b: Garchomp|Loaded Dice|[from] move: Knock Off|[of] p2b: Tyranitar
|
|-weather|Sandstorm|[upkeep]
|-damage|p1a: Grimmsnarl|29/100|[from] Sandstorm
|upkeep
|turn|2
|inactive|CuboX11n has 30 seconds left.
|inactive|aliciadoors has 30 seconds left.
|
|t:|1757847135
|switch|p2b: Corviknight|Corviknight, L50, F|100/100
|switch|p1a: Basculegion|Basculegion, L50, M, shiny|100/100
|-terastallize|p2a: Excadrill|Ground
|move|p2a: Excadrill|Earthquake|p1b: Garchomp|[spread] p1a
|-immune|p2b: Corviknight
|-miss|p2a: Excadrill|p1b: Garchomp
|-damage|p1a: Basculegion|54/100
|move|p1b: Garchomp|Scale Shot|p2a: Excadrill
|-damage|p2a: Excadrill|0 fnt
|faint|p2a: Excadrill
|-hitcount|p2: Excadrill|1
|-unboost|p1b: Garchomp|def|1
|-boost|p1b: Garchomp|spe|1
|
|-weather|Sandstorm|[upkeep]
|-damage|p1a: Basculegion|48/100|[from] Sandstorm
|upkeep
|
|t:|1757847154
|switch|p2a: Tyranitar|Tyranitar, L50, F|100/100
|turn|3
|inactive|CuboX11n has 30 seconds left.
|
|t:|1757847179
|move|p1b: Garchomp|Scale Shot|p2a: Tyranitar
|-crit|p2a: Tyranitar
|-damage|p2a: Tyranitar|85/100
|-damage|p2a: Tyranitar|75/100
|-damage|p2a: Tyranitar|65/100
|-hitcount|p2a: Tyranitar|3
|-unboost|p1b: Garchomp|def|1
|-boost|p1b: Garchomp|spe|1
|move|p1a: Basculegion|Flip Turn|p2a: Tyranitar
|-supereffective|p2a: Tyranitar
|-damage|p2a: Tyranitar|0 fnt
|faint|p2a: Tyranitar
|
|t:|1757847190
|switch|p1a: Grimmsnarl|Grimmsnarl, L50, M, shiny|29/100|[from] Flip Turn
|move|p2b: Corviknight|Brave Bird|p1b: Garchomp|[miss]
|-miss|p2b: Corviknight|p1b: Garchomp
|
|-weather|Sandstorm|[upkeep]
|-damage|p1a: Grimmsnarl|23/100|[from] Sandstorm
|upkeep
|-message|aliciadoors forfeited.
|
|win|CuboX11n
||aliciadoors is ready for game 2.
||CuboX11n is ready for game 2.
|uhtml|next|Next: Game 2 of 3
|l|☆aliciadoors
|player|p2|
|l|☆CuboX11n
|player|p1|
