|j|☆LeAltFR
|j|☆firulaisv
|html|LeAltFRfirulaisv    
|uhtml|bestof|Game 2 of a best-of-3
|t:|1756494809
|gametype|doubles
|player|p1|LeAltFR|265|1000
|player|p2|firulaisv|pryce|1013
|gen|9
|tier|[Gen 9] VGC 2025 Reg H (Bo3)
|rated|
|rule|Species Clause: Limit one of each Pokémon
|rule|Item Clause: Limit 1 of each item
|clearpoke
|poke|p1|Whimsicott, L50, M|
|poke|p1|Ursaluna-Bloodmoon, L50, M|
|poke|p1|Archaludon, L50, F|
|poke|p1|Typhlosion-Hisui, L50, F|
|poke|p1|Indeedee-F, L50, F|
|poke|p1|Gallade, L50, M|
|poke|p2|Sneasler, L50, F|
|poke|p2|Ursaluna, L50, M|
|poke|p2|Porygon2, L50|
|poke|p2|Incineroar, L50, M|
|poke|p2|Whimsicott, L50, M|
|poke|p2|Dragonite, L50, F|
|teampreview|4
|showteam|p1|Whimsicott||CovertCloak|Prankster|Tailwind,Moonblast,Encore,SunnyDay|||M|||50|,,,,,Steel]Ursaluna-Bloodmoon||LifeOrb|MindsEye|EarthPower,BloodMoon,HyperVoice,Protect|||M|||50|,,,,,Normal]Archaludon||PowerHerb|Sturdy|ElectroShot,FlashCannon,Protect,DracoMeteor|||F|||50|,,,,,Stellar]Typhlosion-Hisui||ChoiceSpecs|Blaze|Eruption,HeatWave,ShadowBall,Overheat|||F|||50|,,,,,Fire]Indeedee-F||SafetyGoggles|PsychicSurge|TrickRoom,FollowMe,HelpingHand,Psychic|||F|||50|,,,,,Fairy]Gallade||ClearAmulet|Sharpness|TrickRoom,PsychoCut,SacredSword,WideGuard|||M|||50|,,,,,Grass
|showteam|p2|Sneasler||FocusSash|Unburden|DireClaw,CloseCombat,FakeOut,Protect|||F|||50|,,,,,Stellar]Ursaluna||FlameOrb|Guts|Earthquake,Protect,HeadlongRush,Facade|||M|||50|,,,,,Ghost]Porygon2||Eviolite|Download|TeraBlast,IceBeam,TrickRoom,Recover||||||50|,,,,,Flying]Incineroar||SafetyGoggles|Intimidate|FakeOut,FlareBlitz,KnockOff,WillOWisp|||M|||50|,,,,,Water]Whimsicott||CovertCloak|Prankster|Tailwind,Taunt,Encore,Moonblast|||M|||50|,,,,,Dark]Dragonite||LoadedDice|Multiscale|ScaleShot,Haze,AerialAce,TeraBlast|||F|||50|,,,,,Fairy
|inactive|Battle timer is ON: inactive players will automatically lose when time's up. (requested by LeAltFR)
|
|t:|1756494865
|teamsize|p1|4
|teamsize|p2|4
|start
|switch|p1a: Indeedee|Indeedee-F, L50, F|100/100
|switch|p1b: Ursaluna|Ursaluna-Bloodmoon, L50, M|100/100
|switch|p2a: Whimsicott|Whimsicott, L50, M|100/100
|switch|p2b: Dragonite|Dragonite, L50, F|100/100
|-fieldstart|move: Psychic Terrain|[from] ability: Psychic Surge|[of] p1a: Indeedee
|turn|1
|inactive|firulaisv has 30 seconds left.
|inactive|firulaisv has 20 seconds left.
|inactive|firulaisv has 15 seconds left.
|inactive|firulaisv has 10 seconds left.
|inactive|firulaisv has 5 seconds left.
|
|t:|1756494916
|switch|p2a: Ursaluna|Ursaluna, L50, M|100/100
|-terastallize|p1a: Indeedee|Fairy
|move|p1a: Indeedee|Follow Me|p1a: Indeedee
|-singleturn|p1a: Indeedee|move: Follow Me
|move|p2b: Dragonite|Aerial Ace|p1a: Indeedee
|-damage|p1a: Indeedee|68/100
|move|p1b: Ursaluna|Hyper Voice|p2b: Dragonite|[spread] p2a,p2b
|-damage|p2a: Ursaluna|59/100
|-damage|p2b: Dragonite|76/100
|-damage|p1b: Ursaluna|91/100|[from] item: Life Orb
|
|-status|p2a: Ursaluna|brn|[from] item: Flame Orb
|upkeep
|turn|2
|
|t:|1756494940
|switch|p2b: Espartaco|Incineroar, L50, M|100/100
|-ability|p2b: Espartaco|Intimidate|boost
|-unboost|p1a: Indeedee|atk|1
|-unboost|p1b: Ursaluna|atk|1
|move|p1a: Indeedee|Helping Hand|p1b: Ursaluna
|-singleturn|p1b: Ursaluna|Helping Hand|[of] p1a: Indeedee
|move|p2a: Ursaluna|Protect|p2a: Ursaluna
|-singleturn|p2a: Ursaluna|Protect
|move|p1b: Ursaluna|Hyper Voice|p2b: Espartaco|[spread] p2b
|-activate|p2a: Ursaluna|move: Protect
|-damage|p2b: Espartaco|36/100
|-damage|p1b: Ursaluna|81/100|[from] item: Life Orb
|
|-damage|p2a: Ursaluna|53/100 brn|[from] brn
|upkeep
|turn|3
|
|t:|1756494950
|move|p1a: Indeedee|Helping Hand|p1b: Ursaluna
|-singleturn|p1b: Ursaluna|Helping Hand|[of] p1a: Indeedee
|move|p1b: Ursaluna|Hyper Voice|p2a: Ursaluna|[spread] p2a,p2b
|-damage|p2a: Ursaluna|0 fnt
|-damage|p2b: Espartaco|0 fnt
|faint|p2a: Ursaluna
|faint|p2b: Espartaco
|-damage|p1b: Ursaluna|72/100|[from] item: Life Orb
|
|upkeep
|-message|firulaisv forfeited.
|
|win|LeAltFR
|l|☆firulaisv
|player|p2|
||LeAltFR is ready for game 3.
