|j|☆PigsPigsPigsPigs
|j|☆Jacrepid
|html|PigsPigsPigsPigsJacrepid    
|uhtml|bestof|Game 1 of a best-of-3
|t:|1756848225
|gametype|doubles
|player|p1|PigsPigsPigsPigs|265|1148
|player|p2|Jacrepid|101|1143
|gen|9
|tier|[Gen 9] VGC 2025 Reg H (Bo3)
|rated|
|rule|Species Clause: Limit one of each Pokémon
|rule|Item Clause: Limit 1 of each item
|clearpoke
|poke|p1|Indeedee-F, L50, F|
|poke|p1|Armarouge, L50, F|
|poke|p1|Annihilape, L50, F|
|poke|p1|Ursaluna-Bloodmoon, L50, M|
|poke|p1|Gallade, L50, M|
|poke|p1|Sneasler, L50, M|
|poke|p2|Archaludon, L50, F|
|poke|p2|Pelipper, L50, M|
|poke|p2|Basculegion, L50, M|
|poke|p2|Sinistcha, L50|
|poke|p2|Incineroar, L50, M|
|poke|p2|Kommo-o, L50, M|
|teampreview|4
|showteam|p1|Indeedee-F||FocusSash|PsychicSurge|FollowMe,TrickRoom,HelpingHand,Psychic|||F|||50|,,,,,Ghost]Armarouge||LifeOrb|FlashFire|ExpandingForce,ArmorCannon,Protect,TrickRoom|||F|||50|,,,,,Grass]Annihilape||SafetyGoggles|Defiant|Taunt,FinalGambit,CloseCombat,RageFist|||F|||50|,,,,,Steel]Ursaluna-Bloodmoon||AssaultVest|MindsEye|HyperVoice,BloodMoon,EarthPower,VacuumWave|||M|||50|,,,,,Water]Gallade||ClearAmulet|Sharpness|PsychoCut,SacredSword,TrickRoom,WideGuard|||M|||50|,,,,,Grass]Sneasler||PsychicSeed|Unburden|DireClaw,CloseCombat,ThroatChop,Protect|||M|||50|,,,,,Dark
|showteam|p2|Archaludon||AssaultVest|Stamina|ElectroShot,BodyPress,FlashCannon,DracoMeteor|||F|||50|,,,,,Bug]Pelipper||FocusSash|Drizzle|Tailwind,Protect,WeatherBall,Hurricane|||M|||50|,,,,,Stellar]Basculegion||ChoiceBand|SwiftSwim|WaveCrash,FlipTurn,LastRespects,TeraBlast|||M|||50|,,,,,Grass]Sinistcha||RockyHelmet|Hospitality|RagePowder,TrickRoom,LifeDew,MatchaGotcha||||||50|,,,,,Water]Incineroar||SafetyGoggles|Intimidate|FakeOut,KnockOff,FlareBlitz,PartingShot|||M|||50|,,,,,Ghost]Kommo-o||LifeOrb|Overcoat|BodyPress,IronDefense,IronHead,Protect|||M|||50|,,,,,Steel
|
|t:|1756848298
|teamsize|p1|4
|teamsize|p2|4
|start
|switch|p1a: Pomni|Indeedee-F, L50, F|100/100
|switch|p1b: Sneasler|Sneasler, L50, M|100/100
|switch|p2a: Pelipper|Pelipper, L50, M|100/100
|switch|p2b: Basculegion|Basculegion, L50, M|100/100
|-weather|RainDance|[from] ability: Drizzle|[of] p2a: Pelipper
|-fieldstart|move: Psychic Terrain|[from] ability: Psychic Surge|[of] p1a: Pomni
|-enditem|p1b: Sneasler|Psychic Seed
|-boost|p1b: Sneasler|spd|1|[from] item: Psychic Seed
|turn|1
|
|t:|1756848326
|move|p1b: Sneasler|Dire Claw|p2b: Basculegion
|-resisted|p2b: Basculegion
|-damage|p2b: Basculegion|74/100
|move|p2b: Basculegion|Flip Turn|p1b: Sneasler
|-damage|p1b: Sneasler|0 fnt
|faint|p1b: Sneasler
|
|t:|1756848334
|switch|p2b: Incineroar|Incineroar, L50, M|100/100|[from] Flip Turn
|-ability|p2b: Incineroar|Intimidate|boost
|-unboost|p1a: Pomni|atk|1
|move|p2a: Pelipper|Weather Ball|p1a: Pomni
|-damage|p1a: Pomni|36/100
|move|p1a: Pomni|Trick Room|p1a: Pomni
|-fieldstart|move: Trick Room|[of] p1a: Pomni
|
|-weather|RainDance|[upkeep]
|upkeep
|
|t:|1756848344
|switch|p1b: XDDCC|Gallade, L50, M|100/100
|turn|2
|
|t:|1756848359
|-terastallize|p2b: Incineroar|Ghost
|move|p1a: Pomni|Follow Me|p1a: Pomni
|-singleturn|p1a: Pomni|move: Follow Me
|move|p1b: XDDCC|Sacred Sword|p2b: Incineroar
|-immune|p2b: Incineroar
|move|p2b: Incineroar|Knock Off|p1a: Pomni
|-supereffective|p1a: Pomni
|-damage|p1a: Pomni|0 fnt
|-enditem|p1a: Pomni|Focus Sash|[from] move: Knock Off|[of] p2b: Incineroar
|faint|p1a: Pomni
|move|p2a: Pelipper|Hurricane|p1b: XDDCC
|-supereffective|p1b: XDDCC
|-damage|p1b: XDDCC|4/100
|
|-weather|RainDance|[upkeep]
|upkeep
|
|t:|1756848375
|switch|p1a: Zooble|Armarouge, L50, F|100/100
|turn|3
|
|t:|1756848395
|move|p1a: Zooble|Expanding Force|p2b: Incineroar|[spread] p2a,p2b
|-crit|p2b: Incineroar
|-enditem|p2a: Pelipper|Focus Sash
|-damage|p2a: Pelipper|1/100
|-damage|p2b: Incineroar|0 fnt
|faint|p2b: Incineroar
|-damage|p1a: Zooble|91/100|[from] item: Life Orb
|move|p1b: XDDCC|Psycho Cut|p2a: Pelipper
|-damage|p2a: Pelipper|0 fnt
|faint|p2a: Pelipper
|
|-weather|RainDance|[upkeep]
|upkeep
|
|t:|1756848404
|switch|p2b: Basculegion|Basculegion, L50, M|74/100
|switch|p2a: Archaludon|Archaludon, L50, F, shiny|100/100
|turn|4
|
|t:|1756848421
|-terastallize|p1a: Zooble|Grass
|move|p1a: Zooble|Expanding Force|p2a: Archaludon|[spread] p2a,p2b
|-resisted|p2a: Archaludon
|-damage|p2a: Archaludon|68/100
|-damage|p2b: Basculegion|0 fnt
|-ability|p2a: Archaludon|Stamina|boost
|-boost|p2a: Archaludon|def|1
|faint|p2b: Basculegion
|-damage|p1a: Zooble|81/100|[from] item: Life Orb
|move|p1b: XDDCC|Sacred Sword|p2a: Archaludon
|-supereffective|p2a: Archaludon
|-damage|p2a: Archaludon|0 fnt
|faint|p2a: Archaludon
|
|win|PigsPigsPigsPigs
