|j|‽Rillabossman
|j|☆gaelstromm
|html|Rillabossmangaelstromm    
|uhtml|bestof|Game 3 of a best-of-3
|t:|1757691793
|gametype|doubles
|player|p1|Rillabossman|102|1166
|player|p2|gaelstromm|169|1186
|gen|9
|tier|[Gen 9] VGC 2025 Reg H (Bo3)
|rated|
|rule|Species Clause: Limit one of each Pokémon
|rule|Item Clause: Limit 1 of each item
|clearpoke
|poke|p1|Kingambit, L50, F|
|poke|p1|Sneasler, L50, M|
|poke|p1|Rillaboom, L50, F|
|poke|p1|Primarina, L50, F|
|poke|p1|Magmar, L50, M|
|poke|p1|Dragapult, L50, M|
|poke|p2|Gholdengo, L50|
|poke|p2|Incineroar, L50, M|
|poke|p2|Amoonguss, L50, M|
|poke|p2|Archaludon, L50, M|
|poke|p2|Pelipper, L50, F|
|poke|p2|Basculegion, L50, M|
|teampreview|4
|showteam|p1|Kingambit||BlackGlasses|Defiant|SwordsDance,SuckerPunch,KowtowCleave,Protect|||F|||50|,,,,,Dark]Sneasler||GrassySeed|Unburden|FakeOut,DireClaw,CloseCombat,Protect|||M|||50|,,,,,Stellar]Rillaboom||MiracleSeed|GrassySurge|FakeOut,GrassyGlide,WoodHammer,Uturn|||F|||50|,,,,,Grass]Primarina||LifeOrb|LiquidVoice|HyperVoice,Moonblast,Protect,Haze|||F|||50|,,,,,Poison]Magmar||Eviolite|VitalSpirit|Overheat,Protect,FollowMe,Taunt|||M|||50|,,,,,Ghost]Dragapult||ChoiceBand|ClearBody|DragonDarts,Outrage,PhantomForce,Uturn|||M|||50|,,,,,Dragon
|showteam|p2|Gholdengo||LifeOrb|GoodasGold|MakeItRain,ShadowBall,NastyPlot,Protect||||||50|,,,,,Water]Incineroar||RockyHelmet|Intimidate|Taunt,KnockOff,PartingShot,FakeOut|||M|||50|,,,,,Ghost]Amoonguss||SitrusBerry|Regenerator|PollenPuff,Spore,RagePowder,Protect|||M|||50|,,,,,Water]Archaludon||AssaultVest|Stamina|DragonPulse,FlashCannon,ElectroShot,BodyPress|||M|||50|,,,,,Bug]Pelipper||FocusSash|Drizzle|WeatherBall,Hurricane,Tailwind,Protect|||F|||50|,,,,,Ground]Basculegion||ChoiceBand|SwiftSwim|WaveCrash,LastRespects,FlipTurn,AquaJet|||M|||50|,,,,,Water
|inactive|Battle timer is ON: inactive players will automatically lose when time's up. (requested by gaelstromm)
|inactive|Rillabossman has 60 seconds left.
|inactive|Rillabossman has 30 seconds left.
|inactive|Rillabossman has 20 seconds left.
|
|t:|1757691868
|teamsize|p1|4
|teamsize|p2|4
|start
|switch|p1a: Sneasler|Sneasler, L50, M|100/100
|switch|p1b: Rillaboom|Rillaboom, L50, F|100/100
|switch|p2a: Archaludon|Archaludon, L50, M|100/100
|switch|p2b: Pelipper|Pelipper, L50, F|100/100
|-weather|RainDance|[from] ability: Drizzle|[of] p2b: Pelipper
|-fieldstart|move: Grassy Terrain|[from] ability: Grassy Surge|[of] p1b: Rillaboom
|-enditem|p1a: Sneasler|Grassy Seed
|-boost|p1a: Sneasler|def|1|[from] item: Grassy Seed
|turn|1
|inactive|Rillabossman has 30 seconds left.
|inactive|gaelstromm has 30 seconds left.
|inactive|Rillabossman has 20 seconds left.
|inactive|gaelstromm has 20 seconds left.
|inactive|Rillabossman has 15 seconds left.
|inactive|gaelstromm has 15 seconds left.
|
|t:|1757691909
|-terastallize|p1a: Sneasler|Stellar
|-terastallize|p2a: Archaludon|Bug
|move|p1b: Rillaboom|Fake Out|p2b: Pelipper
|-damage|p2b: Pelipper|81/100
|move|p1a: Sneasler|Close Combat|p2a: Archaludon
|-resisted|p2a: Archaludon
|-damage|p2a: Archaludon|71/100
|-unboost|p1a: Sneasler|def|1
|-unboost|p1a: Sneasler|spd|1
|-ability|p2a: Archaludon|Stamina|boost
|-boost|p2a: Archaludon|def|1
|move|p2a: Archaludon|Electro Shot||[still]
|-prepare|p2a: Archaludon|Electro Shot
|-boost|p2a: Archaludon|spa|1
|-anim|p2a: Archaludon|Electro Shot|p1b: Rillaboom
|-resisted|p1b: Rillaboom
|-damage|p1b: Rillaboom|70/100
|cant|p2b: Pelipper|flinch
|
|-weather|RainDance|[upkeep]
|-heal|p2a: Archaludon|77/100|[from] Grassy Terrain
|-heal|p1b: Rillaboom|75/100|[from] Grassy Terrain
|upkeep
|turn|2
|
|t:|1757691927
|switch|p2b: Amoonguss|Amoonguss, L50, M|100/100
|move|p1a: Sneasler|Dire Claw|p2a: Archaludon
|-damage|p2a: Archaludon|49/100
|-ability|p2a: Archaludon|Stamina|boost
|-boost|p2a: Archaludon|def|1
|move|p2a: Archaludon|Electro Shot||[still]
|-prepare|p2a: Archaludon|Electro Shot
|-boost|p2a: Archaludon|spa|1
|-anim|p2a: Archaludon|Electro Shot|p1a: Sneasler
|-damage|p1a: Sneasler|0 fnt
|faint|p1a: Sneasler
|move|p1b: Rillaboom|Wood Hammer|p2b: Amoonguss
|-resisted|p2b: Amoonguss
|-damage|p2b: Amoonguss|80/100
|-damage|p1b: Rillaboom|68/100|[from] Recoil
|
|-weather|RainDance|[upkeep]
|-heal|p2a: Archaludon|55/100|[from] Grassy Terrain
|-heal|p1b: Rillaboom|74/100|[from] Grassy Terrain
|-heal|p2b: Amoonguss|86/100|[from] Grassy Terrain
|upkeep
|
|t:|1757691934
|switch|p1a: Kingambit|Kingambit, L50, F|100/100
|turn|3
|
|t:|1757691943
|move|p2a: Archaludon|Electro Shot||[still]
|-prepare|p2a: Archaludon|Electro Shot
|-boost|p2a: Archaludon|spa|1
|-anim|p2a: Archaludon|Electro Shot|p1b: Rillaboom
|-resisted|p1b: Rillaboom
|-damage|p1b: Rillaboom|20/100
|move|p1b: Rillaboom|U-turn|p2b: Amoonguss
|-damage|p2b: Amoonguss|66/100
|
|t:|1757691956
|switch|p1b: Magmar|Magmar, L50, M|100/100|[from] U-turn
|move|p1a: Kingambit|Kowtow Cleave|p2a: Archaludon
|-damage|p2a: Archaludon|35/100
|-ability|p2a: Archaludon|Stamina|boost
|-boost|p2a: Archaludon|def|1
|move|p2b: Amoonguss|Spore|p1a: Kingambit
|-status|p1a: Kingambit|slp|[from] move: Spore
|
|-weather|RainDance|[upkeep]
|-heal|p2a: Archaludon|41/100|[from] Grassy Terrain
|-heal|p2b: Amoonguss|72/100|[from] Grassy Terrain
|upkeep
|turn|4
|-message|Rillabossman forfeited.
|
|win|gaelstromm
|raw|Rillabossman's rating: 1166 → 1142(-24 for losing)
|raw|gaelstromm's rating: 1186 → 1210(+24 for winning)
|l|‽Rillabossman
|player|p1|
