|j|☆Invoker Kuzan
|j|☆ronansting
|html|Invoker Kuzanronansting    
|uhtml|bestof|Game 2 of a best-of-3
|t:|1756394831
|gametype|doubles
|player|p1|Invoker Kuzan|marnie-masters3|1308
|player|p2|ronansting|baker|1428
|gen|9
|tier|[Gen 9] VGC 2025 Reg H (Bo3)
|rated|
|rule|Species Clause: Limit one of each Pokémon
|rule|Item Clause: Limit 1 of each item
|clearpoke
|poke|p1|Indeedee-F, L50, F|
|poke|p1|Hatterene, L50, F|
|poke|p1|Gallade, L50, M|
|poke|p1|Ursaluna, L50, M|
|poke|p1|Lilligant-Hisui, L50, F|
|poke|p1|Torkoal, L50, M|
|poke|p2|Archaludon, L50, M|
|poke|p2|Pelipper, L50, F|
|poke|p2|Indeedee, L50, M|
|poke|p2|Amoonguss, L50, F|
|poke|p2|Basculegion, L50, M|
|poke|p2|Hydreigon, L50, F|
|teampreview|4
|showteam|p1|Indeedee-F||PsychicSeed|PsychicSurge|TrickRoom,FollowMe,HelpingHand,DazzlingGleam|||F|||50|,,,,,Fire]Hatterene||LifeOrb|MagicBounce|ExpandingForce,TrickRoom,DazzlingGleam,Protect|||F|||50|,,,,,Psychic]Gallade||ClearAmulet|Sharpness|PsychoCut,TrickRoom,SacredSword,WideGuard|||M|||50|,,,,,Grass]Ursaluna||FlameOrb|Guts|HeadlongRush,Facade,SwordsDance,Protect|||M|||50|,,,,,Ghost]Lilligant-Hisui||FocusSash|Chlorophyll|SolarBlade,SleepPowder,CloseCombat,AfterYou|||F|||50|,,,,,Ghost]Torkoal||ChoiceSpecs|Drought|Eruption,HeatWave,WeatherBall,EarthPower|||M|||50|,,,,,Fire
|showteam|p2|Archaludon||AssaultVest|Stamina|ElectroShot,DracoMeteor,BodyPress,FlashCannon|||M|||50|,,,,,Grass]Pelipper||FocusSash|Drizzle|WeatherBall,Hurricane,Tailwind,Protect|||F|||50|,,,,,Ghost]Indeedee||ChoiceScarf|PsychicSurge|ExpandingForce,TeraBlast,Trick,DazzlingGleam|||M|||50|,,,,,Ground]Amoonguss||SitrusBerry|Regenerator|Spore,SludgeBomb,Protect,RagePowder|||F|||50|,,,,,Water]Basculegion||ChoiceBand|SwiftSwim|FlipTurn,WaveCrash,LastRespects,AquaJet|||M|||50|,,,,,Poison]Hydreigon||CovertCloak|Levitate|Taunt,Snarl,DracoMeteor,EarthPower|||F|||50|,,,,,Fairy
|inactive|Battle timer is ON: inactive players will automatically lose when time's up. (requested by Invoker Kuzan)
|
|t:|1756394862
|teamsize|p1|4
|teamsize|p2|4
|start
|switch|p1a: Indeedee|Indeedee-F, L50, F, shiny|100/100
|switch|p1b: Gallade|Gallade, L50, M, shiny|100/100
|switch|p2a: Empire|Basculegion, L50, M|100/100
|switch|p2b: Piedragon|Hydreigon, L50, F|100/100
|-fieldstart|move: Psychic Terrain|[from] ability: Psychic Surge|[of] p1a: Indeedee
|-enditem|p1a: Indeedee|Psychic Seed
|-boost|p1a: Indeedee|spd|1|[from] item: Psychic Seed
|turn|1
|
|t:|1756394883
|switch|p1a: Hatterene|Hatterene, L50, F, shiny|100/100
|move|p2b: Piedragon|Snarl|p1a: Hatterene|[spread] p1a,p1b
|-crit|p1b: Gallade
|-damage|p1a: Hatterene|80/100
|-damage|p1b: Gallade|72/100
|-unboost|p1a: Hatterene|spa|1
|move|p2a: Empire|Flip Turn|p1a: Hatterene
|-damage|p1a: Hatterene|36/100
|
|t:|1756394899
|switch|p2a: Smellypper|Pelipper, L50, F|100/100|[from] Flip Turn
|-weather|RainDance|[from] ability: Drizzle|[of] p2a: Smellypper
|move|p1b: Gallade|Trick Room|p1b: Gallade
|-fieldstart|move: Trick Room|[of] p1b: Gallade
|
|-weather|RainDance|[upkeep]
|upkeep
|turn|2
|
|t:|1756394921
|-terastallize|p2b: Piedragon|Fairy
|move|p1a: Hatterene|Dazzling Gleam|p2b: Piedragon|[spread] p2a,p2b
|-damage|p2a: Smellypper|43/100
|-damage|p2b: Piedragon|71/100
|-damage|p1a: Hatterene|27/100|[from] item: Life Orb
|move|p1b: Gallade|Psycho Cut|p2a: Smellypper
|-damage|p2a: Smellypper|0 fnt
|faint|p2a: Smellypper
|move|p2b: Piedragon|Draco Meteor|p1b: Gallade
|-damage|p1b: Gallade|19/100
|-unboost|p2b: Piedragon|spa|2
|
|-weather|RainDance|[upkeep]
|upkeep
|
|t:|1756394933
|switch|p2a: Empire|Basculegion, L50, M|100/100
|turn|3
|
|t:|1756394943
|move|p1a: Hatterene|Expanding Force|p2a: Empire|[spread] p2a,p2b
|-damage|p2a: Empire|30/100
|-damage|p2b: Piedragon|14/100
|-damage|p1a: Hatterene|17/100|[from] item: Life Orb
|move|p1b: Gallade|Psycho Cut|p2b: Piedragon
|-damage|p2b: Piedragon|0 fnt
|faint|p2b: Piedragon
|move|p2a: Empire|Flip Turn|p1a: Hatterene
|-damage|p1a: Hatterene|0 fnt
|faint|p1a: Hatterene
|
|t:|1756394949
|switch|p2a: Arching|Archaludon, L50, M|100/100|[from] Flip Turn
|
|-weather|RainDance|[upkeep]
|upkeep
|
|t:|1756394952
|switch|p1a: Torkoal|Torkoal, L50, M, shiny|100/100
|switch|p2b: Empire|Basculegion, L50, M|30/100
|-weather|SunnyDay|[from] ability: Drought|[of] p1a: Torkoal
|turn|4
|
|t:|1756394957
|-terastallize|p1a: Torkoal|Fire
|move|p1a: Torkoal|Eruption|p2a: Arching|[spread] p2a,p2b
|-resisted|p2b: Empire
|-damage|p2a: Arching|6/100
|-damage|p2b: Empire|0 fnt
|-ability|p2a: Arching|Stamina|boost
|-boost|p2a: Arching|def|1
|faint|p2b: Empire
|move|p1b: Gallade|Sacred Sword|p2a: Arching
|-supereffective|p2a: Arching
|-damage|p2a: Arching|0 fnt
|faint|p2a: Arching
|
|win|Invoker Kuzan
||ronansting is ready for game 3.
||Invoker Kuzan is ready for game 3.
|uhtml|next|Next: Game 3 of 3
