|j|☆je8
|j|☆uglybeast
|html|je8uglybeast    
|uhtml|bestof|Game 2 of a best-of-3
|t:|1756152294
|gametype|doubles
|player|p1|je8|170|1170
|player|p2|uglybeast|lucas|1180
|gen|9
|tier|[Gen 9] VGC 2025 Reg H (Bo3)
|rated|
|rule|Species Clause: Limit one of each Pokémon
|rule|Item Clause: Limit 1 of each item
|clearpoke
|poke|p1|Gholdengo, L50|
|poke|p1|Rillaboom, L50, M|
|poke|p1|Dragonite, L50, M|
|poke|p1|Incineroar, L50, F|
|poke|p1|Sneasler, L50, M|
|poke|p1|Primarina, L50, M|
|poke|p2|Murkrow, L50, M|
|poke|p2|Ursaluna-Bloodmoon, L50, M|
|poke|p2|Sneasler, L50, M|
|poke|p2|Dragapult, L50, F|
|poke|p2|Armarouge, L50, F|
|poke|p2|Indeedee-F, L50, F|
|teampreview|4
|showteam|p1|Gholdengo||LifeOrb|GoodasGold|Protect,NastyPlot,MakeItRain,ShadowBall||||||50|,,,,,Water]Rillaboom||MiracleSeed|GrassySurge|GrassyGlide,WoodHammer,FakeOut,HighHorsepower|||M|||50|,,,,,Grass]Dragonite||AssaultVest|InnerFocus|AerialAce,IcePunch,LowKick,ExtremeSpeed|||M|||50|,,,,,Ice]Incineroar||SitrusBerry|Intimidate|FlareBlitz,KnockOff,FakeOut,PartingShot|||F|||50|,,,,,Ghost]Sneasler||FocusSash|Unburden|Protect,CloseCombat,DireClaw,ThroatChop|||M|||50|,,,,,Ghost]Primarina||ThroatSpray|LiquidVoice|Protect,Haze,HyperVoice,Moonblast|||M|||50|,,,,,Poison
|showteam|p2|Murkrow||Eviolite|Prankster|Haze,SunnyDay,Tailwind,BraveBird|||M|||50|,,,,,Ghost]Ursaluna-Bloodmoon||LifeOrb|MindsEye|BloodMoon,HyperVoice,Protect,EarthPower|||M|||50|,,,,,Normal]Sneasler||PsychicSeed|Unburden|ThroatChop,DireClaw,CloseCombat,Protect|||M|||50|,,,,,Dark]Dragapult||ChoiceBand|ClearBody|DragonDarts,Outrage,Uturn,PhantomForce|||F|||50|,,,,,Dragon]Armarouge||PowerHerb|FlashFire|HeatWave,MeteorBeam,ExpandingForce,Protect|||F|||50|,,,,,Grass]Indeedee-F||RockyHelmet|PsychicSurge|DazzlingGleam,FollowMe,HelpingHand,TrickRoom|||F|||50|,,,,,Grass
|j| 13XH
|
|t:|1756152360
|teamsize|p1|4
|teamsize|p2|4
|start
|switch|p1a: Incineroar|Incineroar, L50, F|100/100
|switch|p1b: Gholdengo|Gholdengo, L50|100/100
|switch|p2a: Blade|Indeedee-F, L50, F|100/100
|switch|p2b: Giandam|Armarouge, L50, F|100/100
|-fieldstart|move: Psychic Terrain|[from] ability: Psychic Surge|[of] p2a: Blade
|-ability|p1a: Incineroar|Intimidate|boost
|-unboost|p2a: Blade|atk|1
|-unboost|p2b: Giandam|atk|1
|turn|1
|inactive|Battle timer is ON: inactive players will automatically lose when time's up. (requested by uglybeast)
|inactive|uglybeast has 60 seconds left.
|
|t:|1756152403
|move|p2a: Blade|Follow Me|p2a: Blade
|-singleturn|p2a: Blade|move: Follow Me
|move|p2b: Giandam|Meteor Beam||[still]
|-prepare|p2b: Giandam|Meteor Beam
|-boost|p2b: Giandam|spa|1
|-enditem|p2b: Giandam|Power Herb
|-anim|p2b: Giandam|Meteor Beam|p1a: Incineroar
|-supereffective|p1a: Incineroar
|-damage|p1a: Incineroar|0 fnt
|faint|p1a: Incineroar
|move|p1b: Gholdengo|Make It Rain|p2a: Blade|[spread] p2a,p2b
|-resisted|p2b: Giandam
|-damage|p2a: Blade|45/100
|-damage|p2b: Giandam|63/100
|-unboost|p1b: Gholdengo|spa|1
|-damage|p1b: Gholdengo|91/100|[from] item: Life Orb
|
|upkeep
|
|t:|1756152418
|switch|p1a: Rillaboom|Rillaboom, L50, M|100/100
|-fieldstart|move: Grassy Terrain|[from] ability: Grassy Surge|[of] p1a: Rillaboom
|turn|2
|inactive|uglybeast has 30 seconds left.
|inactive|uglybeast has 20 seconds left.
|inactive|uglybeast has 15 seconds left.
|inactive|uglybeast has 10 seconds left.
|
|t:|1756152467
|switch|p2a: Laz|Dragapult, L50, F|100/100
|move|p2b: Giandam|Protect|p2b: Giandam
|-singleturn|p2b: Giandam|Protect
|move|p1a: Rillaboom|Grassy Glide|p2a: Laz
|-resisted|p2a: Laz
|-damage|p2a: Laz|66/100
|move|p1b: Gholdengo|Shadow Ball|p2b: Giandam
|-activate|p2b: Giandam|move: Protect
|
|-heal|p2a: Laz|72/100|[from] Grassy Terrain
|-heal|p2b: Giandam|69/100|[from] Grassy Terrain
|-heal|p1b: Gholdengo|97/100|[from] Grassy Terrain
|upkeep
|turn|3
|inactive|uglybeast has 30 seconds left.
|
|t:|1756152494
|switch|p1a: Dragonite|Dragonite, L50, M|100/100
|-terastallize|p2a: Laz|Dragon
|-terastallize|p1b: Gholdengo|Water
|move|p2a: Laz|Dragon Darts|p1a: Dragonite
|-supereffective|p1a: Dragonite
|-damage|p1a: Dragonite|4/100
|-anim|p2a: Laz|Dragon Darts|p1b: Gholdengo
|-damage|p1b: Gholdengo|37/100
|move|p2b: Giandam|Heat Wave|p1a: Dragonite|[spread] p1a,p1b
|-resisted|p1a: Dragonite
|-resisted|p1b: Gholdengo
|-damage|p1a: Dragonite|0 fnt
|-damage|p1b: Gholdengo|7/100
|faint|p1a: Dragonite
|move|p1b: Gholdengo|Make It Rain|p2b: Giandam|[spread] p2a,p2b
|-resisted|p2b: Giandam
|-damage|p2a: Laz|16/100
|-damage|p2b: Giandam|40/100
|-unboost|p1b: Gholdengo|spa|1
|-damage|p1b: Gholdengo|0 fnt|[from] item: Life Orb
|faint|p1b: Gholdengo
|
|-heal|p2a: Laz|22/100|[from] Grassy Terrain
|-heal|p2b: Giandam|46/100|[from] Grassy Terrain
|upkeep
|
|t:|1756152509
|switch|p1b: Rillaboom|Rillaboom, L50, M|100/100
|turn|4
|
|t:|1756152516
|switch|p2a: Blade|Indeedee-F, L50, F|45/100
|-fieldstart|move: Psychic Terrain|[from] ability: Psychic Surge|[of] p2a: Blade
|move|p2b: Giandam|Heat Wave|p1b: Rillaboom
|-supereffective|p1b: Rillaboom
|-damage|p1b: Rillaboom|0 fnt
|faint|p1b: Rillaboom
|
|win|uglybeast
|raw|je8's rating: 1170 → 1146(-24 for losing)
|raw|uglybeast's rating: 1180 → 1204(+24 for winning)
