|j|☆corvid_queen
|j|☆TheMaoriGamer
|html|corvid_queenTheMaoriGamer    
|uhtml|bestof|Game 2 of a best-of-3
|t:|1756626609
|gametype|doubles
|player|p1|corvid_queen|guitarist|
|player|p2|TheMaoriGamer|2|
|gen|9
|tier|[Gen 9] VGC 2025 Reg H (Bo3)
|rule|Species Clause: Limit one of each Pokémon
|rule|Item Clause: Limit 1 of each item
|clearpoke
|poke|p1|Ursaluna-Bloodmoon, L50, M|
|poke|p1|Porygon2, L50|
|poke|p1|Amoonguss, L50, M|
|poke|p1|Incineroar, L50, M|
|poke|p1|Dragapult, L50, F|
|poke|p1|Sneasler, L50, F|
|poke|p2|Gholdengo, L50|
|poke|p2|Incineroar, L50, M|
|poke|p2|Amoonguss, L50, M|
|poke|p2|Archaludon, L50, M|
|poke|p2|Pelipper, L50, M|
|poke|p2|Basculegion, L50, M|
|teampreview|4
|showteam|p1|Ursaluna-Bloodmoon||AssaultVest|MindsEye|BloodMoon,HyperVoice,EarthPower,VacuumWave|||M|||50|,,,,,Normal]Porygon2||Eviolite|Trace|IceBeam,Thunderbolt,Recover,TrickRoom||||||50|,,,,,Ghost]Amoonguss||CovertCloak|Regenerator|Spore,RagePowder,PollenPuff,SludgeBomb|||M|||50|,,,,,Water]Incineroar||SafetyGoggles|Intimidate|KnockOff,FakeOut,PartingShot,FlareBlitz|||M|||50|,,,,,Ghost]Dragapult||ChoiceBand|ClearBody|DragonDarts,Outrage,PhantomForce,Uturn|||F|||50|,,,,,Dragon]Sneasler||FocusSash|PoisonTouch|CloseCombat,DireClaw,ThroatChop,FakeOut|||F|||50|,,,,,Dark
|showteam|p2|Gholdengo||LifeOrb|GoodasGold|MakeItRain,ShadowBall,NastyPlot,Protect||||||50|,,,,,Water]Incineroar||MirrorHerb|Intimidate|Taunt,KnockOff,PartingShot,FakeOut|||M|||50|,,,,,Ghost]Amoonguss||RockyHelmet|Regenerator|PollenPuff,Spore,RagePowder,Protect|||M|||50|,,,,,Water]Archaludon||AssaultVest|Stamina|DragonPulse,FlashCannon,ElectroShot,BodyPress|||M|||50|,,,,,Bug]Pelipper||FocusSash|Drizzle|WeatherBall,Hurricane,Tailwind,Protect|||M|||50|,,,,,Ground]Basculegion||ChoiceBand|SwiftSwim|WaveCrash,LastRespects,FlipTurn,AquaJet|||M|||50|,,,,,Water
|inactive|Battle timer is ON: inactive players will automatically lose when time's up. (requested by TheMaoriGamer)
|inactive|TheMaoriGamer has 60 seconds left.
|inactive|TheMaoriGamer has 30 seconds left.
|inactive|TheMaoriGamer has 20 seconds left.
|inactive|TheMaoriGamer has 15 seconds left.
|
|t:|1756626685
|teamsize|p1|4
|teamsize|p2|4
|start
|switch|p1a: Incineroar|Incineroar, L50, M|100/100
|switch|p1b: Amoonguss|Amoonguss, L50, M|100/100
|switch|p2a: Pelipper|Pelipper, L50, M|100/100
|switch|p2b: Basculegion|Basculegion, L50, M|100/100
|-weather|RainDance|[from] ability: Drizzle|[of] p2a: Pelipper
|-ability|p1a: Incineroar|Intimidate|boost
|-unboost|p2a: Pelipper|atk|1
|-unboost|p2b: Basculegion|atk|1
|turn|1
|inactive|corvid_queen has 30 seconds left.
|inactive|TheMaoriGamer has 30 seconds left.
|inactive|corvid_queen has 20 seconds left.
|inactive|corvid_queen has 15 seconds left.
|inactive|TheMaoriGamer has 20 seconds left.
|
|t:|1756626729
|switch|p2a: Gholdengo|Gholdengo, L50|100/100
|move|p1a: Incineroar|Fake Out|p2b: Basculegion
|-immune|p2b: Basculegion
|move|p2b: Basculegion|Flip Turn|p1a: Incineroar
|-supereffective|p1a: Incineroar
|-damage|p1a: Incineroar|14/100
|
|t:|1756626738
|switch|p2b: Archaludon|Archaludon, L50, M|100/100|[from] Flip Turn
|move|p1b: Amoonguss|Spore|p2a: Gholdengo
|-immune|p2a: Gholdengo|[from] ability: Good as Gold
|
|-weather|RainDance|[upkeep]
|upkeep
|turn|2
|inactive|corvid_queen has 30 seconds left.
|inactive|TheMaoriGamer has 30 seconds left.
|inactive|corvid_queen has 20 seconds left.
|
|t:|1756626777
|switch|p1a: Porygon2|Porygon2, L50|100/100
|-ability|p1a: Porygon2|Stamina|Trace|[from] ability: Trace|[of] p2b: Archaludon
|-terastallize|p2a: Gholdengo|Water
|move|p2a: Gholdengo|Nasty Plot|p2a: Gholdengo
|-boost|p2a: Gholdengo|spa|2
|move|p2b: Archaludon|Electro Shot||[still]
|-prepare|p2b: Archaludon|Electro Shot
|-boost|p2b: Archaludon|spa|1
|-anim|p2b: Archaludon|Electro Shot|p1a: Porygon2
|-damage|p1a: Porygon2|63/100
|-ability|p1a: Porygon2|Stamina|boost
|-boost|p1a: Porygon2|def|1
|move|p1b: Amoonguss|Spore|p2b: Archaludon
|-status|p2b: Archaludon|slp|[from] move: Spore
|
|-weather|RainDance|[upkeep]
|upkeep
|turn|3
|inactive|corvid_queen has 30 seconds left.
|inactive|TheMaoriGamer has 30 seconds left.
|
|t:|1756626806
|move|p2a: Gholdengo|Make It Rain|p1b: Amoonguss|[spread] p1a,p1b
|-damage|p1a: Porygon2|0 fnt
|-damage|p1b: Amoonguss|1/100
|-unboost|p2a: Gholdengo|spa|1
|faint|p1a: Porygon2
|-damage|p2a: Gholdengo|91/100|[from] item: Life Orb
|cant|p2b: Archaludon|slp
|move|p1b: Amoonguss|Sludge Bomb|p2a: Gholdengo
|-damage|p2a: Gholdengo|60/100
|
|-weather|RainDance|[upkeep]
|upkeep
|
|t:|1756626811
|switch|p1a: Dragapult|Dragapult, L50, F|100/100
|turn|4
|-message|corvid_queen forfeited.
|
|win|TheMaoriGamer
|c|☆corvid_queen|gg
|c|☆TheMaoriGamer|gg
