|j|☆SixHeroes
|j|☆xdi8723
|html|SixHeroesxdi8723    
|uhtml|bestof|Game 1 of a best-of-3
|t:|1757158213
|gametype|doubles
|player|p1|SixHeroes|1|1052
|player|p2|xdi8723|veteran|1066
|gen|9
|tier|[Gen 9] VGC 2025 Reg H (Bo3)
|rated|
|rule|Species Clause: Limit one of each Pokémon
|rule|Item Clause: Limit 1 of each item
|clearpoke
|poke|p1|Talonflame, L50, M|
|poke|p1|Farigiraf, L50, F|
|poke|p1|Garchomp, L50, M|
|poke|p1|Hydreigon, L50, M|
|poke|p1|Rotom-Wash, L50|
|poke|p1|Hariyama, L50, M|
|poke|p2|Gholdengo, L50|
|poke|p2|Amoonguss, L50, M|
|poke|p2|Incineroar, L50, F|
|poke|p2|Kommo-o, L50, F|
|poke|p2|Ninetales-Alola, L50, F|
|poke|p2|Dragonite, L50, M|
|teampreview|4
|showteam|p1|Talonflame||SharpBeak|GaleWings|DualWingbeat,Tailwind,FlareBlitz,Taunt|||M|||50|,,,,,Ghost]Farigiraf||ThroatSpray|ArmorTail|HyperVoice,ExpandingForce,TrickRoom,Imprison|||F|||50|,,,,,Dark]Garchomp||LifeOrb|SandVeil|ScaleShot,StompingTantrum,Earthquake,Protect|||M|||50|,,,,,Ground]Hydreigon||ScopeLens|Levitate|DarkPulse,HeatWave,DragonPulse,FocusEnergy|||M|||50|,,,,,Fire]Rotom-Wash||ChoiceSpecs|Levitate|VoltSwitch,ShadowBall,HydroPump,Discharge||||||50|,,,,,Ghost]Hariyama||AssaultVest|ThickFat|KnockOff,CloseCombat,UpperHand,FakeOut|||M|||50|,,,,,Dark
|showteam|p2|Gholdengo||ChoiceSpecs|GoodasGold|MakeItRain,ShadowBall,Trick,FocusBlast||||||50|,,,,,Steel]Amoonguss||RockyHelmet|Regenerator|Protect,RagePowder,Spore,PollenPuff|||M|||50|,,,,,Fairy]Incineroar||SafetyGoggles|Intimidate|FakeOut,FlareBlitz,KnockOff,PartingShot|||F|||50|,,,,,Ghost]Kommo-o||ThroatSpray|Soundproof|Protect,ClangingScales,Flamethrower,ClangorousSoul|||F|||50|,,,,,Fire]Ninetales-Alola||FocusSash|SnowWarning|Protect,Blizzard,FreezeDry,Encore|||F|||50|,,,,,Ice]Dragonite||AssaultVest|Multiscale|ExtremeSpeed,TeraBlast,IceSpinner,StompingTantrum|||M|||50|,,,,,Flying
|inactive|Battle timer is ON: inactive players will automatically lose when time's up. (requested by xdi8723)
|inactive|xdi8723 has 60 seconds left.
|inactive|xdi8723 has 30 seconds left.
|inactive|xdi8723 has 20 seconds left.
|inactive|xdi8723 has 15 seconds left.
|
|t:|1757158299
|teamsize|p1|4
|teamsize|p2|4
|start
|switch|p1a: Garchomp|Garchomp, L50, M|100/100
|switch|p1b: Rotom|Rotom-Wash, L50|100/100
|switch|p2a: Kommo-o|Kommo-o, L50, F|100/100
|switch|p2b: Incineroar|Incineroar, L50, F|100/100
|-ability|p2b: Incineroar|Intimidate|boost
|-unboost|p1a: Garchomp|atk|1
|-unboost|p1b: Rotom|atk|1
|turn|1
|inactive|SixHeroes has 30 seconds left.
|inactive|SixHeroes has 20 seconds left.
|
|t:|1757158336
|move|p2b: Incineroar|Fake Out|p1b: Rotom
|-damage|p1b: Rotom|86/100
|move|p1a: Garchomp|Scale Shot|p2a: Kommo-o
|-supereffective|p2a: Kommo-o
|-damage|p2a: Kommo-o|78/100
|-supereffective|p2a: Kommo-o
|-damage|p2a: Kommo-o|56/100
|-hitcount|p2a: Kommo-o|2
|-unboost|p1a: Garchomp|def|1
|-boost|p1a: Garchomp|spe|1
|-damage|p1a: Garchomp|91/100|[from] item: Life Orb
|cant|p1b: Rotom|flinch
|move|p2a: Kommo-o|Clangorous Soul|p2a: Kommo-o
|-boost|p2a: Kommo-o|atk|1
|-boost|p2a: Kommo-o|def|1
|-boost|p2a: Kommo-o|spa|1
|-boost|p2a: Kommo-o|spd|1
|-boost|p2a: Kommo-o|spe|1
|-damage|p2a: Kommo-o|24/100
|-enditem|p2a: Kommo-o|Throat Spray
|-boost|p2a: Kommo-o|spa|1|[from] item: Throat Spray
|
|upkeep
|turn|2
|inactive|SixHeroes has 30 seconds left.
|inactive|xdi8723 has 30 seconds left.
|
|t:|1757158371
|move|p1a: Garchomp|Stomping Tantrum|p2a: Kommo-o
|-damage|p2a: Kommo-o|0 fnt
|faint|p2a: Kommo-o
|-damage|p1a: Garchomp|81/100|[from] item: Life Orb
|move|p1b: Rotom|Hydro Pump|p2b: Incineroar
|-supereffective|p2b: Incineroar
|-damage|p2b: Incineroar|0 fnt
|faint|p2b: Incineroar
|
|upkeep
|
|t:|1757158383
|switch|p2a: Gholdengo|Gholdengo, L50|100/100
|switch|p2b: Dragonite|Dragonite, L50, M|100/100
|turn|3
|inactive|SixHeroes has 30 seconds left.
|
|t:|1757158408
|switch|p1b: Hydreigon|Hydreigon, L50, M|100/100
|-terastallize|p2a: Gholdengo|Steel
|move|p1a: Garchomp|Scale Shot|p2b: Dragonite
|-supereffective|p2b: Dragonite
|-damage|p2b: Dragonite|88/100
|-supereffective|p2b: Dragonite
|-damage|p2b: Dragonite|65/100
|-supereffective|p2b: Dragonite
|-damage|p2b: Dragonite|39/100
|-hitcount|p2b: Dragonite|3
|-unboost|p1a: Garchomp|def|1
|-boost|p1a: Garchomp|spe|1
|-damage|p1a: Garchomp|71/100|[from] item: Life Orb
|move|p2a: Gholdengo|Make It Rain|p1b: Hydreigon|[spread] p1a,p1b
|-damage|p1a: Garchomp|0 fnt
|-damage|p1b: Hydreigon|0 fnt
|-unboost|p2a: Gholdengo|spa|1
|faint|p1a: Garchomp
|faint|p1b: Hydreigon
|move|p2b: Dragonite|Ice Spinner|p1: Garchomp|[notarget]
|-fail|p2b: Dragonite
|
|upkeep
|
|t:|1757158427
|switch|p1a: Talonflame|Talonflame, L50, M|100/100
|switch|p1b: Rotom|Rotom-Wash, L50|86/100
|turn|4
|inactive|SixHeroes has 30 seconds left.
|
|t:|1757158461
|-terastallize|p1b: Rotom|Ghost
|move|p1a: Talonflame|Dual Wingbeat|p2b: Dragonite|[miss]
|-miss|p1a: Talonflame|p2b: Dragonite
|move|p1b: Rotom|Shadow Ball|p2a: Gholdengo
|-damage|p2a: Gholdengo|34/100
|move|p2a: Gholdengo|Make It Rain|p1a: Talonflame|[spread] p1a,p1b
|-resisted|p1a: Talonflame
|-crit|p1a: Talonflame
|-damage|p1a: Talonflame|0 fnt
|-damage|p1b: Rotom|4/100
|-unboost|p2a: Gholdengo|spa|1
|faint|p1a: Talonflame
|move|p2b: Dragonite|Ice Spinner|p1b: Rotom
|-damage|p1b: Rotom|0 fnt
|faint|p1b: Rotom
|
|win|xdi8723
|inactive|SixHeroes has 30 seconds to confirm battle start!
|inactive|xdi8723 has 30 seconds to confirm battle start!
||SixHeroes is ready for game 2.
|inactive|xdi8723 has 20 seconds to confirm battle start!
