|j|☆IceColdZekrom
|j|☆spellbreakvgc
|html|IceColdZekromspellbreakvgc    
|uhtml|bestof|Game 2 of a best-of-3
|t:|1756807699
|gametype|doubles
|player|p1|IceColdZekrom|eusine|1110
|player|p2|spellbreakvgc|lance|1107
|gen|9
|tier|[Gen 9] VGC 2025 Reg H (Bo3)
|rated|
|rule|Species Clause: Limit one of each Pokémon
|rule|Item Clause: Limit 1 of each item
|clearpoke
|poke|p1|Incineroar, L50, F|
|poke|p1|Primarina, L50, M|
|poke|p1|Amoonguss, L50, M|
|poke|p1|Ursaluna, L50, F|
|poke|p1|Farigiraf, L50, F|
|poke|p1|Rotom-Fan, L50|
|poke|p2|Garchomp, L50, M|
|poke|p2|Weezing-Galar, L50, M|
|poke|p2|Archaludon, L50, F|
|poke|p2|Gholdengo, L50|
|poke|p2|Talonflame, L50, F|
|poke|p2|Annihilape, L50, F|
|teampreview|4
|showteam|p1|Incineroar||SafetyGoggles|Intimidate|PartingShot,FakeOut,KnockOff,FlareBlitz|||F|||50|,,,,,Ghost]Primarina||LifeOrb|LiquidVoice|Protect,HyperVoice,CalmMind,Moonblast|||M|||50|,,,,,Ground]Amoonguss||SitrusBerry|Regenerator|Spore,RagePowder,Protect,SludgeBomb|||M|||50|,,,,,Water]Ursaluna||FlameOrb|Guts|Protect,HeadlongRush,Facade,ThroatChop|||F|||50|,,,,,Ghost]Farigiraf||MentalHerb|ArmorTail|TrickRoom,HyperVoice,Psychic,Protect|||F|||50|,,,,,Dark]Rotom-Fan||Leftovers|Levitate|LightScreen,AirSlash,Thunderbolt,Protect||||||50|,,,,,Electric
|showteam|p2|Garchomp||LifeOrb|RoughSkin|DragonClaw,Earthquake,StompingTantrum,Protect|||M|||50|,,,,,Ground]Weezing-Galar||FocusSash|NeutralizingGas|Protect,SludgeBomb,Taunt,StrangeSteam|||M|||50|,,,,,Flying]Archaludon||PowerHerb|Sturdy|ElectroShot,Thunderbolt,DracoMeteor,Protect|||F|||50|,,,,,Electric]Gholdengo||ChoiceSpecs|GoodasGold|ShadowBall,DazzlingGleam,PowerGem,MakeItRain||||||50|,,,,,Fairy]Talonflame||CovertCloak|GaleWings|Tailwind,DualWingbeat,WillOWisp,FlareBlitz|||F|||50|,,,,,Stellar]Annihilape||AssaultVest|Defiant|CloseCombat,RageFist,FinalGambit,IcePunch|||F|||50|,,,,,Grass
|inactive|Battle timer is ON: inactive players will automatically lose when time's up. (requested by spellbreakvgc)
|inactive|IceColdZekrom has 60 seconds left.
|inactive|spellbreakvgc has 60 seconds left.
|inactive|spellbreakvgc has 30 seconds left.
|inactive|spellbreakvgc has 20 seconds left.
|inactive|spellbreakvgc has 15 seconds left.
|inactive|spellbreakvgc has 10 seconds left.
|inactive|spellbreakvgc has 5 seconds left.
|
|t:|1756807791
|teamsize|p1|4
|teamsize|p2|4
|start
|switch|p1a: Incineroar|Incineroar, L50, F, shiny|100/100
|switch|p1b: Farigiraf|Farigiraf, L50, F|100/100
|switch|p2a: Annihilape|Annihilape, L50, F|100/100
|switch|p2b: Gholdengo|Gholdengo, L50|100/100
|-ability|p1a: Incineroar|Intimidate|boost
|-unboost|p2a: Annihilape|atk|1
|-ability|p2a: Annihilape|Defiant|boost
|-boost|p2a: Annihilape|atk|2
|-unboost|p2b: Gholdengo|atk|1
|turn|1
|inactive|IceColdZekrom has 30 seconds left.
|inactive|IceColdZekrom has 20 seconds left.
|
|t:|1756807829
|-terastallize|p2b: Gholdengo|Fairy
|-terastallize|p1a: Incineroar|Ghost
|move|p2a: Annihilape|Close Combat|p1b: Farigiraf
|-damage|p1b: Farigiraf|39/100
|-unboost|p2a: Annihilape|def|1
|-unboost|p2a: Annihilape|spd|1
|move|p2b: Gholdengo|Dazzling Gleam|p1b: Farigiraf|[spread] p1a,p1b
|-damage|p1a: Incineroar|57/100
|-damage|p1b: Farigiraf|0 fnt
|faint|p1b: Farigiraf
|move|p1a: Incineroar|Knock Off|p2b: Gholdengo
|-resisted|p2b: Gholdengo
|-damage|p2b: Gholdengo|80/100
|-enditem|p2b: Gholdengo|Choice Specs|[from] move: Knock Off|[of] p1a: Incineroar
|
|upkeep
|inactive|IceColdZekrom has 30 seconds left.
|
|t:|1756807855
|switch|p1b: Primarina|Primarina, L50, M|100/100
|turn|2
|
|t:|1756807879
|move|p2a: Annihilape|Final Gambit|p1b: Primarina
|-damage|p1b: Primarina|0 fnt
|faint|p2a: Annihilape
|faint|p1b: Primarina
|move|p2b: Gholdengo|Shadow Ball|p1a: Incineroar
|-supereffective|p1a: Incineroar
|-damage|p1a: Incineroar|0 fnt
|faint|p1a: Incineroar
|
|upkeep
|-message|IceColdZekrom forfeited.
|raw|IceColdZekrom's rating: 1110 → 1085(-25 for losing)
|raw|spellbreakvgc's rating: 1107 → 1132(+25 for winning)
|
|win|spellbreakvgc
