|j|☆Flow456
|j|☆wodaiogien
|html|Flow456wodaiogien    
|uhtml|bestof|Game 1 of a best-of-3
|t:|1782646329
|gametype|doubles
|player|p1|Flow456|colress|1096
|player|p2|wodaiogien|2|1143
|gen|9
|tier|[Gen 9 Champions] VGC 2026 Reg M-B (Bo3)
|rated|
|rule|Species Clause: Limit one of each Pokémon
|rule|Item Clause: Limit 1 of each item
|clearpoke
|poke|p1|Basculegion, L50, M|
|poke|p1|Sylveon, L50, M|
|poke|p1|Charizard, L50, F|
|poke|p1|Whimsicott, L50, F|
|poke|p1|Garchomp, L50, F|
|poke|p1|Sneasler, L50, F|
|poke|p2|Swampert, L50, F|
|poke|p2|Archaludon, L50, M|
|poke|p2|Tsareena, L50, F|
|poke|p2|Pelipper, L50, M|
|poke|p2|Sinistcha, L50|
|poke|p2|Grimmsnarl, L50, M|
|teampreview|4
|showteam|p1|Basculegion||ChoiceScarf|Adaptability|LastRespects,WaveCrash,FlipTurn,AquaJet|Jolly||M|||50|]Sylveon||FairyFeather|Pixilate|HyperVoice,HyperBeam,QuickAttack,Protect|Modest||M|||50|]Charizard||CharizarditeY|SolarPower|HeatWave,SolarBeam,WeatherBall,Protect|Modest||F|||50|]Whimsicott||FocusSash|Prankster|Tailwind,Moonblast,Encore,Protect|Serious||F|||50|]Garchomp||LifeOrb|RoughSkin|DragonClaw,Earthquake,RockSlide,Protect|Jolly||F|||50|]Sneasler||WhiteHerb|Unburden|CloseCombat,DireClaw,FakeOut,Protect|Adamant||F|||50|
|showteam|p2|Swampert||Swampertite|Damp|Protect,WaveCrash,Earthquake,IcePunch|Adamant||F|||50|]Archaludon||Leftovers|Stamina|Protect,ElectroShot,DragonPulse,FlashCannon|Modest||M|||50|]Tsareena||ChoiceScarf|QueenlyMajesty|TropKick,TripleAxel,LowKick,Uturn|Adamant||F|||50|]Pelipper||SitrusBerry|Drizzle|Hurricane,WeatherBall,Tailwind,WideGuard|Modest||M|||50|]Sinistcha||CobaBerry|Hospitality|MatchaGotcha,RagePowder,TrickRoom,Protect|Relaxed|||||50|]Grimmsnarl||LightClay|Prankster|FoulPlay,PartingShot,Reflect,LightScreen|Bold||M|||50|
|inactive|Battle timer is ON: inactive players will automatically lose when time's up. (requested by wodaiogien)
|inactive|Flow456 has 60 seconds left.
|inactive|wodaiogien has 60 seconds left.
|inactive|Flow456 has 30 seconds left.
|inactive|wodaiogien has 30 seconds left.
|inactive|Flow456 has 20 seconds left.
|inactive|wodaiogien has 20 seconds left.
|inactive|Flow456 has 15 seconds left.
|inactive|wodaiogien has 15 seconds left.
|inactive|Flow456 has 10 seconds left.
|inactive|Flow456 has 5 seconds left.
|
|t:|1782646418
|teamsize|p1|4
|teamsize|p2|4
|start
|switch|p1a: Sylveon|Sylveon, L50, M|100/100
|switch|p1b: Whimsicott|Whimsicott, L50, F|100/100
|switch|p2a: Tsareena|Tsareena, L50, F|100/100
|switch|p2b: Swampert|Swampert, L50, F|100/100
|turn|1
|
|t:|1782646441
|detailschange|p2b: Swampert|Swampert-Mega, L50, F
|-mega|p2b: Swampert|Swampert|Swampertite
|move|p1b: Whimsicott|Tailwind|p1b: Whimsicott
|-sidestart|p1: Flow456|move: Tailwind
|move|p1a: Sylveon|Hyper Voice|p2a: Tsareena|[spread] p2a,p2b
|-damage|p2a: Tsareena|46/100
|-damage|p2b: Swampert|60/100
|move|p2a: Tsareena|Triple Axel|p1b: Whimsicott
|-supereffective|p1b: Whimsicott|1
|-damage|p1b: Whimsicott|79/100
|-supereffective|p1b: Whimsicott|1
|-damage|p1b: Whimsicott|34/100
|-supereffective|p1b: Whimsicott|1
|-damage|p1b: Whimsicott|0 fnt
|faint|p1b: Whimsicott
|-hitcount|p1: Whimsicott|3
|move|p2b: Swampert|Wave Crash|p1a: Sylveon
|-damage|p1a: Sylveon|22/100
|-damage|p2b: Swampert|36/100|[from] Recoil
|
|upkeep
|inactive|Flow456 has 30 seconds left.
|inactive|Flow456 has 20 seconds left.
|inactive|Flow456 has 15 seconds left.
|inactive|Flow456 has 10 seconds left.
|
|t:|1782646486
|switch|p1b: Basculegion|Basculegion, L50, M|100/100
|turn|2
|
|t:|1782646508
|switch|p2a: Pelipper|Pelipper, L50, M|100/100
|-weather|RainDance|[from] ability: Drizzle|[of] p2a: Pelipper
|move|p2b: Swampert|Protect|p2b: Swampert
|-singleturn|p2b: Swampert|Protect
|move|p1a: Sylveon|Protect|p1a: Sylveon
|-singleturn|p1a: Sylveon|Protect
|move|p1b: Basculegion|Last Respects|p2a: Pelipper
|-damage|p2a: Pelipper|31/100
|-enditem|p2a: Pelipper|Sitrus Berry|[eat]
|-heal|p2a: Pelipper|56/100|[from] item: Sitrus Berry
|
|-weather|RainDance|[upkeep]
|upkeep
|turn|3
|inactive|wodaiogien has 30 seconds left.
|inactive|wodaiogien has 20 seconds left.
|inactive|wodaiogien has 15 seconds left.
|inactive|wodaiogien has 10 seconds left.
|inactive|wodaiogien has 5 seconds left.
|
|t:|1782646560
|move|p1b: Basculegion|Last Respects|p2a: Pelipper
|-damage|p2a: Pelipper|0 fnt
|faint|p2a: Pelipper
|move|p2b: Swampert|Earthquake|p1a: Sylveon|[spread] p1a,p1b
|-damage|p1a: Sylveon|0 fnt
|-damage|p1b: Basculegion|40/100
|faint|p1a: Sylveon
|
|-weather|RainDance|[upkeep]
|upkeep
|
|t:|1782646574
|switch|p2a: Archaludon|Archaludon, L50, M|100/100
|switch|p1a: Charizard|Charizard, L50, F|100/100
|turn|4
|inactive|wodaiogien has 30 seconds left.
|
|t:|1782646601
|detailschange|p1a: Charizard|Charizard-Mega-Y, L50, F
|-mega|p1a: Charizard|Charizard|Charizardite Y
|-weather|SunnyDay|[from] ability: Drought|[of] p1a: Charizard
|move|p1b: Basculegion|Last Respects|p2b: Swampert
|-damage|p2b: Swampert|0 fnt
|faint|p2b: Swampert
|move|p1a: Charizard|Weather Ball|p2a: Archaludon
|-damage|p2a: Archaludon|7/100
|-ability|p2a: Archaludon|Stamina|boost
|-boost|p2a: Archaludon|def|1
|move|p2a: Archaludon|Dragon Pulse|p1a: Charizard
|-damage|p1a: Charizard|59/100
|
|-weather|SunnyDay|[upkeep]
|-heal|p2a: Archaludon|13/100|[from] item: Leftovers
|-sideend|p1: Flow456|move: Tailwind
|upkeep
|
|t:|1782646607
|switch|p2b: Tsareena|Tsareena, L50, F|46/100
|turn|5
|inactive|Flow456 has 30 seconds left.
|
|t:|1782646633
|move|p1b: Basculegion|Last Respects|p2b: Tsareena
|-damage|p2b: Tsareena|0 fnt
|faint|p2b: Tsareena
|move|p1a: Charizard|Heat Wave|p2a: Archaludon
|-damage|p2a: Archaludon|0 fnt
|faint|p2a: Archaludon
|
|win|Flow456
|inactive|Flow456 has 30 seconds to confirm battle start!
|inactive|wodaiogien has 30 seconds to confirm battle start!
