|j|☆marcosdeltasena31
|j|☆Northgdh
|html|marcosdeltasena31Northgdh    
|uhtml|bestof|Game 2 of a best-of-3
|t:|1783985259
|gametype|doubles
|player|p1|marcosdeltasena31|hilbert|1330
|player|p2|Northgdh|1|1331
|gen|9
|tier|[Gen 9 Champions] VGC 2026 Reg M-B (Bo3)
|rated|
|rule|Species Clause: Limit one of each Pokémon
|rule|Item Clause: Limit 1 of each item
|clearpoke
|poke|p1|Charizard, L50, M, shiny|
|poke|p1|Aerodactyl, L50, M|
|poke|p1|Sylveon, L50, F|
|poke|p1|Incineroar, L50, F|
|poke|p1|Garchomp, L50, M|
|poke|p1|Farigiraf, L50, M, shiny|
|poke|p2|Incineroar, L50, M, shiny|
|poke|p2|Delphox, L50, F, shiny|
|poke|p2|Sinistcha, L50|
|poke|p2|Kingambit, L50, M, shiny|
|poke|p2|Blastoise, L50, M, shiny|
|poke|p2|Sneasler, L50, M|
|teampreview|4
|showteam|p1|Charizard||CharizarditeY|Blaze|HeatWave,WeatherBall,SolarBeam,Protect|Modest||M|||50|]Aerodactyl||FocusSash|Unnerve|RockSlide,Tailwind,WideGuard,Protect|Jolly||M|||50|]Sylveon||FairyFeather|Pixilate|HyperVoice,HyperBeam,QuickAttack,Protect|Modest||F|||50|]Incineroar||PasshoBerry|Intimidate|FlareBlitz,DarkestLariat,FakeOut,PartingShot|Impish||F|||50|]Garchomp||LifeOrb|RoughSkin|Earthquake,Protect,DragonClaw,StompingTantrum|Jolly||M|||50|]Farigiraf||SitrusBerry|ArmorTail|Psychic,Thunderbolt,TrickRoom,Protect|Bold||M|||50|
|showteam|p2|Incineroar||SitrusBerry|Intimidate|FlareBlitz,FakeOut,HelpingHand,PartingShot|Impish||M|||50|]Delphox||Delphoxite|Blaze|HeatWave,Psychic,NastyPlot,Protect|Timid||F|||50|]Sinistcha||KasibBerry|Hospitality|MatchaGotcha,RagePowder,LifeDew,Protect|Bold|||||50|]Kingambit||LifeOrb|Defiant|KowtowCleave,SuckerPunch,SwordsDance,Protect|Adamant||M|||50|]Blastoise||Blastoisinite|RainDish|WaterSpout,DarkPulse,ShellSmash,Protect|Modest||M|||50|]Sneasler||FocusSash|PoisonTouch|CloseCombat,PoisonJab,FakeOut,QuickGuard|Jolly||M|||50|
|inactive|Battle timer is ON: inactive players will automatically lose when time's up. (requested by Northgdh)
|inactive|marcosdeltasena31 has 60 seconds left.
|inactive|Northgdh has 60 seconds left.
|
|t:|1783985312
|teamsize|p1|4
|teamsize|p2|4
|start
|switch|p1a: Charizard|Charizard, L50, M, shiny|100/100
|switch|p1b: Aerodactyl|Aerodactyl, L50, M|100/100
|switch|p2a: purple|Delphox, L50, F, shiny|100/100
|switch|p2b: honeybee|Sneasler, L50, M|100/100
|-ability|p1b: Aerodactyl|Unnerve
|turn|1
|
|t:|1783985326
|switch|p1b: Farigiraf|Farigiraf, L50, M, shiny|100/100
|detailschange|p2a: purple|Delphox-Mega, L50, F, shiny
|-mega|p2a: purple|Delphox|Delphoxite
|detailschange|p1a: Charizard|Charizard-Mega-Y, L50, M, shiny
|-mega|p1a: Charizard|Charizard|Charizardite Y
|-weather|SunnyDay|[from] ability: Drought|[of] p1a: Charizard
|move|p2a: purple|Psychic|p1a: Charizard
|-damage|p1a: Charizard|55/100
|move|p2b: honeybee|Poison Jab|p1a: Charizard
|-damage|p1a: Charizard|20/100y
|-status|p1a: Charizard|psn
|move|p1a: Charizard|Heat Wave|p2a: purple|[spread] p2a,p2b
|-resisted|p2a: purple|1
|-damage|p2a: purple|75/100
|-damage|p2b: honeybee|10/100
|
|-weather|SunnyDay|[upkeep]
|-damage|p1a: Charizard|8/100 psn|[from] psn
|upkeep
|turn|2
|
|t:|1783985348
|move|p2a: purple|Heat Wave|p1b: Farigiraf|[spread] p1a,p1b
|-resisted|p1a: Charizard|1
|-damage|p1a: Charizard|0 fnt
|-damage|p1b: Farigiraf|50/100g
|faint|p1a: Charizard
|move|p2b: honeybee|Close Combat|p1b: Farigiraf
|-damage|p1b: Farigiraf|0 fnt
|-unboost|p2b: honeybee|def|1
|-unboost|p2b: honeybee|spd|1
|faint|p1b: Farigiraf
|
|-weather|SunnyDay|[upkeep]
|upkeep
|
|t:|1783985355
|switch|p1a: Sylveon|Sylveon, L50, F|100/100
|switch|p1b: Aerodactyl|Aerodactyl, L50, M|100/100
|-ability|p1b: Aerodactyl|Unnerve
|turn|3
|
|t:|1783985366
|switch|p2b: stupid song|Incineroar, L50, M, shiny|100/100
|-ability|p2b: stupid song|Intimidate|boost
|-unboost|p1a: Sylveon|atk|1
|-unboost|p1b: Aerodactyl|atk|1
|move|p2a: purple|Protect|p2a: purple
|-singleturn|p2a: purple|Protect
|move|p1a: Sylveon|Quick Attack|p2b: stupid song
|-damage|p2b: stupid song|93/100
|move|p1b: Aerodactyl|Rock Slide|p2a: purple|[spread] p2b
|-activate|p2a: purple|move: Protect
|-supereffective|p2b: stupid song|1
|-damage|p2b: stupid song|66/100
|
|-weather|SunnyDay|[upkeep]
|upkeep
|turn|4
|-message|marcosdeltasena31 forfeited.
|raw|marcosdeltasena31's rating: 1330 → 1310(-20 for losing)
|raw|Northgdh's rating: 1331 → 1351(+20 for winning)
|
|win|Northgdh
|l|☆marcosdeltasena31
|player|p1|
