|j|☆ilovemigu
|j|☆MinceFaster
|html|ilovemiguMinceFaster    
|uhtml|bestof|Game 2 of a best-of-3
|t:|1784704926
|gametype|doubles
|player|p1|ilovemigu|swimmerf-gen4dp|1016
|player|p2|MinceFaster|waiter|1045
|gen|9
|tier|[Gen 9 Champions] VGC 2026 Reg M-B (Bo3)
|rated|
|rule|Species Clause: Limit one of each Pokémon
|rule|Item Clause: Limit 1 of each item
|clearpoke
|poke|p1|Gallade, L50, M, shiny|
|poke|p1|Salazzle, L50, F, shiny|
|poke|p1|Archaludon, L50, M, shiny|
|poke|p1|Pelipper, L50, M, shiny|
|poke|p1|Basculegion, L50, M, shiny|
|poke|p1|Kingambit, L50, F, shiny|
|poke|p2|Archaludon, L50, M, shiny|
|poke|p2|Sylveon, L50, F, shiny|
|poke|p2|Pelipper, L50, F, shiny|
|poke|p2|Swampert, L50, F|
|poke|p2|Sinistcha, L50, shiny|
|poke|p2|Sableye, L50, F, shiny|
|teampreview|4
|showteam|p1|Gallade||ScopeLens|Sharpness|SacredSword,PsychoCut,LeafBlade,Protect|Adamant||M|||50|]Salazzle||FocusSash|Corrosion|Toxic,FakeOut,DragonCheer,Overheat|Timid||F|||50|]Archaludon||Leftovers|Stamina|DragonPulse,FlashCannon,ElectroShot,Protect|Modest||M|||50|]Pelipper||DampRock|Drizzle|Hurricane,WeatherBall,WideGuard,Tailwind|Timid||M|||50|]Basculegion||ChoiceScarf|Adaptability|AquaJet,WaveCrash,LastRespects,FlipTurn|Adamant||M|||50|]Kingambit||BlackGlasses|Defiant|SuckerPunch,KowtowCleave,IronHead,Protect|Adamant||F|||50|
|showteam|p2|Archaludon||Leftovers|Stamina|ElectroShot,FlashCannon,DragonPulse,Protect|Modest||M|||50|]Sylveon||LifeOrb|Pixilate|HyperVoice,HyperBeam,QuickAttack,Protect|Timid||F|||50|]Pelipper||FocusSash|Drizzle|Hurricane,WeatherBall,Tailwind,Protect|Timid||F|||50|]Swampert||Swampertite|Damp|WaveCrash,Earthquake,IcePunch,Protect|Adamant||F|||50|]Sinistcha||KasibBerry|Hospitality|MatchaGotcha,RagePowder,TrickRoom,Protect|Relaxed|||||50|]Sableye||LightClay|Prankster|Quash,RainDance,Reflect,LightScreen|Sassy||F|||50|
|inactive|Battle timer is ON: inactive players will automatically lose when time's up. (requested by MinceFaster)
|
|t:|1784704953
|teamsize|p1|4
|teamsize|p2|4
|start
|switch|p1a: Salazzle|Salazzle, L50, F, shiny|100/100
|switch|p1b: Gallade|Gallade, L50, M, shiny|100/100
|switch|p2a: Swampert|Swampert, L50, F|100/100
|switch|p2b: Pelipper|Pelipper, L50, F, shiny|100/100
|-weather|RainDance|[from] ability: Drizzle|[of] p2b: Pelipper
|turn|1
|inactive|MinceFaster has 30 seconds left.
|inactive|ilovemigu has 30 seconds left.
|inactive|ilovemigu has 20 seconds left.
|
|t:|1784704993
|detailschange|p2a: Swampert|Swampert-Mega, L50, F
|-mega|p2a: Swampert|Swampert|Swampertite
|move|p2a: Swampert|Protect|p2a: Swampert
|-singleturn|p2a: Swampert|Protect
|move|p1a: Salazzle|Dragon Cheer|p1b: Gallade
|-start|p1b: Gallade|move: Dragon Cheer
|move|p2b: Pelipper|Hurricane|p1b: Gallade
|-supereffective|p1b: Gallade|1
|-damage|p1b: Gallade|7/100
|move|p1b: Gallade|Leaf Blade|p2b: Pelipper
|-crit|p2b: Pelipper
|-enditem|p2b: Pelipper|Focus Sash
|-damage|p2b: Pelipper|1/100
|
|-weather|RainDance|[upkeep]
|upkeep
|turn|2
|inactive|ilovemigu has 30 seconds left.
|inactive|MinceFaster has 30 seconds left.
|inactive|ilovemigu has 20 seconds left.
|inactive|MinceFaster has 20 seconds left.
|inactive|ilovemigu has 15 seconds left.
|inactive|ilovemigu has 10 seconds left.
|
|t:|1784705042
|switch|p1a: Basculegion|Basculegion, L50, M, shiny|100/100
|move|p1b: Gallade|Protect|p1b: Gallade
|-singleturn|p1b: Gallade|Protect
|move|p2a: Swampert|Earthquake|p1b: Gallade|[spread] p1a
|-activate|p1b: Gallade|move: Protect
|-immune|p2b: Pelipper
|-damage|p1a: Basculegion|41/100
|move|p2b: Pelipper|Weather Ball|p1a: Basculegion
|-resisted|p1a: Basculegion|1
|-damage|p1a: Basculegion|3/100
|
|-weather|RainDance|[upkeep]
|upkeep
|turn|3
|inactive|ilovemigu has 30 seconds left.
|inactive|ilovemigu has 20 seconds left.
|inactive|ilovemigu has 15 seconds left.
|inactive|ilovemigu has 10 seconds left.
|inactive|ilovemigu has 5 seconds left.
|
|t:|1784705095
|move|p2a: Swampert|Earthquake|p1b: Gallade|[spread] p1a,p1b
|-immune|p2b: Pelipper
|-damage|p1a: Basculegion|0 fnt
|-damage|p1b: Gallade|0 fnt
|faint|p1a: Basculegion
|faint|p1b: Gallade
|move|p2b: Pelipper|Tailwind|p2b: Pelipper
|-sidestart|p2: MinceFaster|move: Tailwind
|
|-weather|RainDance|[upkeep]
|upkeep
|
|t:|1784705107
|switch|p1a: Salazzle|Salazzle, L50, F, shiny|100/100
|switch|p1b: Archaludon|Archaludon, L50, M, shiny|100/100
|turn|4
|
|t:|1784705123
|move|p2a: Swampert|Earthquake|p1a: Salazzle|[spread] p1a,p1b
|-immune|p2b: Pelipper
|-supereffective|p1a: Salazzle|2
|-crit|p1a: Salazzle
|-supereffective|p1b: Archaludon|1
|-enditem|p1a: Salazzle|Focus Sash
|-damage|p1a: Salazzle|1/100
|-damage|p1b: Archaludon|28/100
|-ability|p1b: Archaludon|Stamina|boost
|-boost|p1b: Archaludon|def|1
|move|p2b: Pelipper|Weather Ball|p1a: Salazzle
|-supereffective|p1a: Salazzle|1
|-damage|p1a: Salazzle|0 fnt
|faint|p1a: Salazzle
|move|p1b: Archaludon|Electro Shot||[still]
|-prepare|p1b: Archaludon|Electro Shot
|-boost|p1b: Archaludon|spa|1
|-anim|p1b: Archaludon|Electro Shot|p2b: Pelipper
|-supereffective|p2b: Pelipper|2
|-crit|p2b: Pelipper
|-damage|p2b: Pelipper|0 fnt
|faint|p2b: Pelipper
|
|-weather|RainDance|[upkeep]
|-heal|p1b: Archaludon|35/100|[from] item: Leftovers
|upkeep
|-message|ilovemigu forfeited.
|raw|ilovemigu's rating: 1016 → 1005(-11 for losing)
|raw|MinceFaster's rating: 1045 → 1075(+30 for winning)
|
|win|MinceFaster
