|j|☆Eienkibou
|j|☆nestorprida
|html|Eienkibounestorprida    
|uhtml|bestof|Game 3 of a best-of-3
|t:|1757649740
|gametype|doubles
|player|p1|Eienkibou|102|
|player|p2|nestorprida|2|
|gen|9
|tier|[Gen 9] VGC 2025 Reg H (Bo3)
|rule|Species Clause: Limit one of each Pokémon
|rule|Item Clause: Limit 1 of each item
|clearpoke
|poke|p1|Typhlosion-Hisui, L50, F|
|poke|p1|Whimsicott, L50, M|
|poke|p1|Torkoal, L50, M|
|poke|p1|Charizard, L50, F|
|poke|p1|Farigiraf, L50, M|
|poke|p1|Ursaluna, L50, M|
|poke|p2|Ursaluna-Bloodmoon, L50, M|
|poke|p2|Incineroar, L50, M|
|poke|p2|Gholdengo, L50|
|poke|p2|Rillaboom, L50, M|
|poke|p2|Annihilape, L50, M|
|poke|p2|Dragonite, L50, F|
|teampreview|4
|showteam|p1|Typhlosion-Hisui||ChoiceScarf|Blaze|Eruption,ShadowBall,HeatWave,Overheat|||F|||50|,,,,,Fire]Whimsicott||CovertCloak|Prankster|Tailwind,Moonblast,SunnyDay,Encore|||M|||50|,,,,,Dark]Torkoal||EjectPack|Drought|HeatWave,HelpingHand,Overheat,Protect|||M|||50|,,,,,Water]Charizard||ChoiceSpecs|SolarPower|HeatWave,WeatherBall,TeraBlast,AirSlash|||F|||50|,,,,,Ghost]Farigiraf||ThroatSpray|ArmorTail|HyperVoice,Psychic,TrickRoom,Protect|||M|||50|,,,,,Water]Ursaluna||FlameOrb|Guts|Facade,Earthquake,HeadlongRush,Protect|||M|||50|,,,,,Ghost
|showteam|p2|Ursaluna-Bloodmoon||Leftovers|MindsEye|BloodMoon,EarthPower,CalmMind,Protect|||M|||50|,,,,,Electric]Incineroar||SitrusBerry|Intimidate|FlareBlitz,KnockOff,PartingShot,FakeOut|||M|||50|,,,,,Ghost]Gholdengo||LifeOrb|GoodasGold|MakeItRain,ShadowBall,NastyPlot,Protect||||||50|,,,,,Water]Rillaboom||AssaultVest|GrassySurge|GrassyGlide,WoodHammer,HighHorsepower,FakeOut|||M|||50|,,,,,Fire]Annihilape||SafetyGoggles|Defiant|RageFist,CloseCombat,FinalGambit,Taunt|||M|||50|,,,,,Water]Dragonite||LoadedDice|Multiscale|ScaleShot,Protect,ExtremeSpeed,Tailwind|||F|||50|,,,,,Steel
|inactive|Battle timer is ON: inactive players will automatically lose when time's up. (requested by nestorprida)
|inactive|nestorprida has 60 seconds left.
|
|t:|1757649782
|teamsize|p1|4
|teamsize|p2|4
|start
|switch|p1a: Torkoal|Torkoal, L50, M, shiny|100/100
|switch|p1b: Typhlosion|Typhlosion-Hisui, L50, F, shiny|100/100
|switch|p2a: Dragonite|Dragonite, L50, F, shiny|100/100
|switch|p2b: Gholdengo|Gholdengo, L50|100/100
|-weather|SunnyDay|[from] ability: Drought|[of] p1a: Torkoal
|turn|1
|inactive|Eienkibou has 30 seconds left.
|inactive|nestorprida has 30 seconds left.
|inactive|Eienkibou has 20 seconds left.
|inactive|Eienkibou has 15 seconds left.
|inactive|nestorprida has 20 seconds left.
|
|t:|1757649826
|-terastallize|p2b: Gholdengo|Water
|move|p1b: Typhlosion|Shadow Ball|p2b: Gholdengo
|-damage|p2b: Gholdengo|53/100
|move|p2b: Gholdengo|Shadow Ball|p1a: Torkoal
|-damage|p1a: Torkoal|29/100
|-damage|p2b: Gholdengo|43/100|[from] item: Life Orb
|move|p2a: Dragonite|Scale Shot|p1b: Typhlosion
|-damage|p1b: Typhlosion|76/100
|-damage|p1b: Typhlosion|56/100
|-damage|p1b: Typhlosion|34/100
|-damage|p1b: Typhlosion|13/100
|-hitcount|p1b: Typhlosion|4
|-unboost|p2a: Dragonite|def|1
|-boost|p2a: Dragonite|spe|1
|move|p1a: Torkoal|Overheat|p2a: Dragonite
|-resisted|p2a: Dragonite
|-damage|p2a: Dragonite|77/100
|-unboost|p1a: Torkoal|spa|2
|-enditem|p1a: Torkoal|Eject Pack
|
|t:|1757649846
|switch|p1a: Whimsicott|Whimsicott, L50, M, shiny|100/100
|
|-weather|SunnyDay|[upkeep]
|upkeep
|turn|2
|
|t:|1757649858
|move|p1a: Whimsicott|Tailwind|p1a: Whimsicott
|-sidestart|p1: Eienkibou|move: Tailwind
|move|p1b: Typhlosion|Shadow Ball|p2a: Dragonite
|-damage|p2a: Dragonite|31/100
|move|p2a: Dragonite|Tailwind|p2a: Dragonite
|-sidestart|p2: nestorprida|move: Tailwind
|move|p2b: Gholdengo|Make It Rain|p1b: Typhlosion|[spread] p1a,p1b
|-supereffective|p1a: Whimsicott
|-resisted|p1b: Typhlosion
|-damage|p1a: Whimsicott|0 fnt
|-damage|p1b: Typhlosion|0 fnt
|-unboost|p2b: Gholdengo|spa|1
|faint|p1a: Whimsicott
|faint|p1b: Typhlosion
|-damage|p2b: Gholdengo|34/100|[from] item: Life Orb
|
|-weather|SunnyDay|[upkeep]
|upkeep
|
|t:|1757649873
|switch|p1a: Charizard|Charizard, L50, F, shiny|100/100
|switch|p1b: Torkoal|Torkoal, L50, M, shiny|29/100
|turn|3
|inactive|Eienkibou has 30 seconds left.
|
|t:|1757649905
|move|p2a: Dragonite|Scale Shot|p1a: Charizard|[miss]
|-miss|p2a: Dragonite|p1a: Charizard
|move|p1a: Charizard|Heat Wave|p2a: Dragonite|[spread] p2a,p2b
|-resisted|p2a: Dragonite
|-resisted|p2b: Gholdengo
|-damage|p2a: Dragonite|0 fnt
|-damage|p2b: Gholdengo|0 fnt
|faint|p2a: Dragonite
|faint|p2b: Gholdengo
|move|p1b: Torkoal|Heat Wave|p2: Dragonite|[notarget]
|-fail|p1b: Torkoal
|
|-weather|SunnyDay|[upkeep]
|-damage|p1a: Charizard|88/100|[from] ability: Solar Power|[of] p1a: Charizard
|upkeep
|
|t:|1757649917
|switch|p2b: Annihilape|Annihilape, L50, M, shiny|100/100
|switch|p2a: Ursaluna|Ursaluna-Bloodmoon, L50, M|100/100
|turn|4
|inactive|nestorprida has 30 seconds left.
|
|t:|1757649944
|move|p1b: Torkoal|Helping Hand|p1a: Charizard
|-singleturn|p1a: Charizard|Helping Hand|[of] p1b: Torkoal
|move|p1a: Charizard|Heat Wave|p2a: Ursaluna|[spread] p2a,p2b
|-damage|p2a: Ursaluna|0 fnt
|-damage|p2b: Annihilape|0 fnt
|faint|p2a: Ursaluna
|faint|p2b: Annihilape
|
|win|Eienkibou
|l|☆nestorprida
|player|p2|
