|j|☆ScillyWi11y
|j|☆ghotamcity2.0
|html|ScillyWi11yghotamcity2.0    
|uhtml|bestof|Game 2 of a best-of-3
|t:|1757164607
|gametype|doubles
|player|p1|ScillyWi11y|101|1070
|player|p2|ghotamcity2.0|biker-gen4|1159
|gen|9
|tier|[Gen 9] VGC 2025 Reg H (Bo3)
|rated|
|rule|Species Clause: Limit one of each Pokémon
|rule|Item Clause: Limit 1 of each item
|clearpoke
|poke|p1|Garchomp, L50, F|
|poke|p1|Whimsicott, L50, M|
|poke|p1|Incineroar, L50, M|
|poke|p1|Gengar, L50, M|
|poke|p1|Primarina, L50, M|
|poke|p1|Kingambit, L50, F|
|poke|p2|Garchomp, L50, F|
|poke|p2|Gholdengo, L50|
|poke|p2|Porygon2, L50|
|poke|p2|Rillaboom, L50, M|
|poke|p2|Incineroar, L50, M|
|poke|p2|Dragonite, L50, F|
|teampreview|4
|showteam|p1|Garchomp||LifeOrb|RoughSkin|Earthquake,Protect,DragonClaw,StompingTantrum|||F|||50|,,,,,Fairy]Whimsicott||CovertCloak|Prankster|Tailwind,FakeTears,Taunt,Moonblast|||M|||50|,,,,,Fairy]Incineroar||SafetyGoggles|Intimidate|FakeOut,Protect,PartingShot,KnockOff|||M|||50|,,,,,Bug]Gengar||FocusSash|CursedBody|SludgeBomb,ShadowBall,Protect,TrickRoom|||M|||50|,,,,,Grass]Primarina||ThroatSpray|LiquidVoice|Moonblast,HyperVoice,CalmMind,Protect|||M|||50|,,,,,Water]Kingambit||BlackGlasses|Defiant|SuckerPunch,KowtowCleave,Protect,IronHead|||F|||50|,,,,,Flying
|showteam|p2|Garchomp||ClearAmulet|RoughSkin|StompingTantrum,RockSlide,SwordsDance,Protect|||F|||50|,,,,,Steel]Gholdengo||Leftovers|GoodasGold|Protect,MakeItRain,ShadowBall,NastyPlot||||||50|,,,,,Steel]Porygon2||Eviolite|Download|TeraBlast,TrickRoom,IceBeam,Recover||||||50|,,,,,Fighting]Rillaboom||AssaultVest|GrassySurge|FakeOut,GrassyGlide,DrumBeating,Uturn|||M|||50|,,,,,Fire]Incineroar||SafetyGoggles|Intimidate|FakeOut,KnockOff,PartingShot,FlareBlitz|||M|||50|,,,,,Water]Dragonite||LoadedDice|Multiscale|Protect,ScaleShot,Tailwind,Haze|||F|||50|,,,,,Fairy
|c|☆ScillyWi11y|Why r u gey
|inactive|Battle timer is ON: inactive players will automatically lose when time's up. (requested by ScillyWi11y)
|inactive|ghotamcity2.0 has 60 seconds left.
|inactive|ghotamcity2.0 has 30 seconds left.
|inactive|ghotamcity2.0 has 20 seconds left.
|inactive|ghotamcity2.0 has 15 seconds left.
|inactive|ghotamcity2.0 has 10 seconds left.
|inactive|ghotamcity2.0 has 5 seconds left.
|
|t:|1757164728
|teamsize|p1|4
|teamsize|p2|4
|start
|switch|p1a: Gengar|Gengar, L50, M|100/100
|switch|p1b: Whimsicott|Whimsicott, L50, M|100/100
|switch|p2a: Garchomp|Garchomp, L50, F|100/100
|switch|p2b: Gholdengo|Gholdengo, L50|100/100
|turn|1
|inactive|ghotamcity2.0 has 30 seconds left.
|inactive|ghotamcity2.0 has 20 seconds left.
|inactive|ghotamcity2.0 has 15 seconds left.
|c|☆ScillyWi11y|How have you not been kicjed
|inactive|ghotamcity2.0 has 10 seconds left.
|inactive|ghotamcity2.0 has 5 seconds left.
|
|t:|1757164783
|-terastallize|p1b: Whimsicott|Fairy
|move|p2b: Gholdengo|Protect|p2b: Gholdengo
|-singleturn|p2b: Gholdengo|Protect
|move|p1a: Gengar|Shadow Ball|p2b: Gholdengo
|-activate|p2b: Gholdengo|move: Protect
|move|p2a: Garchomp|Stomping Tantrum|p1a: Gengar
|-supereffective|p1a: Gengar
|-enditem|p1a: Gengar|Focus Sash
|-damage|p1a: Gengar|1/100
|move|p1b: Whimsicott|Moonblast|p2a: Garchomp
|-supereffective|p2a: Garchomp
|-damage|p2a: Garchomp|4/100
|
|upkeep
|turn|2
|l|☆ScillyWi11y
|inactive|ScillyWi11y disconnected and has a minute to reconnect!
|player|p1|
|j|☆ScillyWi11y
|inactive|ScillyWi11y reconnected and has 35 seconds left.
|player|p1|ScillyWi11y|101|
|inactive|ScillyWi11y has 30 seconds left.
|inactive|ghotamcity2.0 has 30 seconds left.
|n|!ScillyWi11y|scillywi11y
|inactive|ghotamcity2.0 has 20 seconds left.
|inactive|ghotamcity2.0 has 15 seconds left.
|inactive|ghotamcity2.0 has 10 seconds left.
|inactive|ghotamcity2.0 has 5 seconds left.
|
|t:|1757164838
|move|p2b: Gholdengo|Protect|p2b: Gholdengo
|-singleturn|p2b: Gholdengo|Protect
|move|p1a: Gengar|Shadow Ball|p2b: Gholdengo
|-activate|p2b: Gholdengo|move: Protect
|move|p2a: Garchomp|Stomping Tantrum|p1a: Gengar
|-supereffective|p1a: Gengar
|-damage|p1a: Gengar|0 fnt
|faint|p1a: Gengar
|move|p1b: Whimsicott|Moonblast|p2a: Garchomp
|-supereffective|p2a: Garchomp
|-damage|p2a: Garchomp|0 fnt
|faint|p2a: Garchomp
|
|upkeep
|inactive|ScillyWi11y has 30 seconds left.
|inactive|ghotamcity2.0 has 30 seconds left.
|inactive|ScillyWi11y has 20 seconds left.
|inactive|ghotamcity2.0 has 20 seconds left.
|inactive|ghotamcity2.0 has 15 seconds left.
|inactive|ghotamcity2.0 has 10 seconds left.
|inactive|ghotamcity2.0 has 5 seconds left.
|
|t:|1757164893
|switch|p1a: Garchomp|Garchomp, L50, F|100/100
|switch|p2a: Porygon2|Porygon2, L50|100/100
|-ability|p2a: Porygon2|Download|boost
|-boost|p2a: Porygon2|spa|1
|turn|3
|inactive|ScillyWi11y has 30 seconds left.
|inactive|ghotamcity2.0 has 30 seconds left.
|inactive|ghotamcity2.0 has 20 seconds left.
|inactive|ghotamcity2.0 has 15 seconds left.
|inactive|ghotamcity2.0 has 10 seconds left.
|inactive|ghotamcity2.0 has 5 seconds left.
|
|t:|1757164948
|move|p2b: Gholdengo|Protect||[still]
|-fail|p2b: Gholdengo
|move|p1a: Garchomp|Earthquake|p2b: Gholdengo|[spread] p1b,p2a,p2b
|-crit|p2a: Porygon2
|-supereffective|p2b: Gholdengo
|-damage|p1b: Whimsicott|51/100
|-damage|p2a: Porygon2|49/100
|-damage|p2b: Gholdengo|0 fnt
|faint|p2b: Gholdengo
|-damage|p1a: Garchomp|91/100|[from] item: Life Orb
|move|p1b: Whimsicott|Moonblast|p2a: Porygon2
|-damage|p2a: Porygon2|27/100
|move|p2a: Porygon2|Tera Blast|p1b: Whimsicott
|-damage|p1b: Whimsicott|0 fnt
|faint|p1b: Whimsicott
|
|upkeep
|inactive|ghotamcity2.0 has 30 seconds left.
|inactive|ghotamcity2.0 has 20 seconds left.
|inactive|ghotamcity2.0 has 15 seconds left.
|inactive|ghotamcity2.0 has 10 seconds left.
|inactive|ghotamcity2.0 has 5 seconds left.
|
|t:|1757165003
|switch|p2b: Rillaboom|Rillaboom, L50, M|100/100
|switch|p1b: Primarina|Primarina, L50, M|100/100
|-fieldstart|move: Grassy Terrain|[from] ability: Grassy Surge|[of] p2b: Rillaboom
|turn|4
|inactive|ScillyWi11y has 30 seconds left.
|inactive|ghotamcity2.0 has 30 seconds left.
|inactive|ghotamcity2.0 has 20 seconds left.
|inactive|ghotamcity2.0 has 15 seconds left.
|inactive|ghotamcity2.0 has 10 seconds left.
|inactive|ghotamcity2.0 has 5 seconds left.
|
|t:|1757165058
|move|p2b: Rillaboom|Fake Out|p1b: Primarina
|-damage|p1b: Primarina|85/100
|move|p1a: Garchomp|Dragon Claw|p2b: Rillaboom
|-damage|p2b: Rillaboom|38/100
|-damage|p1a: Garchomp|81/100|[from] item: Life Orb
|cant|p1b: Primarina|flinch
|move|p2a: Porygon2|Tera Blast|p1b: Primarina
|-damage|p1b: Primarina|48/100
|
|-heal|p1a: Garchomp|87/100|[from] Grassy Terrain
|-heal|p2b: Rillaboom|44/100|[from] Grassy Terrain
|-heal|p1b: Primarina|53/100|[from] Grassy Terrain
|-heal|p2a: Porygon2|32/100|[from] Grassy Terrain
|upkeep
|turn|5
|inactive|ghotamcity2.0 has 30 seconds left.
|inactive|ghotamcity2.0 has 20 seconds left.
|inactive|ghotamcity2.0 has 15 seconds left.
|inactive|ghotamcity2.0 has 10 seconds left.
|inactive|ghotamcity2.0 has 5 seconds left.
|
|t:|1757165113
|move|p2b: Rillaboom|Fake Out||[still]
|-hint|Fake Out only works on your first turn out.
|-fail|p2b: Rillaboom
|move|p1a: Garchomp|Dragon Claw|p2b: Rillaboom
|-damage|p2b: Rillaboom|0 fnt
|faint|p2b: Rillaboom
|-damage|p1a: Garchomp|77/100|[from] item: Life Orb
|move|p1b: Primarina|Hyper Voice|p2a: Porygon2
|-damage|p2a: Porygon2|8/100
|-enditem|p1b: Primarina|Throat Spray
|-boost|p1b: Primarina|spa|1|[from] item: Throat Spray
|move|p2a: Porygon2|Tera Blast|p1b: Primarina
|-damage|p1b: Primarina|15/100
|
|-heal|p1a: Garchomp|83/100|[from] Grassy Terrain
|-heal|p1b: Primarina|20/100|[from] Grassy Terrain
|-heal|p2a: Porygon2|14/100|[from] Grassy Terrain
|upkeep
|turn|6
|inactive|ghotamcity2.0 has 30 seconds left.
|inactive|ghotamcity2.0 has 20 seconds left.
|inactive|ghotamcity2.0 has 15 seconds left.
|inactive|ghotamcity2.0 has 10 seconds left.
|inactive|ghotamcity2.0 has 5 seconds left.
|-message|ghotamcity2.0 lost due to inactivity.
|
|win|ScillyWi11y
