|j|☆sogreenitslime
|j|☆acemphd
|html|sogreenitslimeacemphd    
|uhtml|bestof|Game 2 of a best-of-3
|t:|1782660485
|gametype|doubles
|player|p1|sogreenitslime|pokemaniac|1153
|player|p2|acemphd|fisherman-gen4|1235
|gen|9
|tier|[Gen 9 Champions] VGC 2026 Reg M-B (Bo3)
|rated|
|rule|Species Clause: Limit one of each Pokémon
|rule|Item Clause: Limit 1 of each item
|clearpoke
|poke|p1|Aerodactyl, L50, F|
|poke|p1|Rotom-Wash, L50|
|poke|p1|Sceptile, L50, M|
|poke|p1|Kingambit, L50, M|
|poke|p1|Sneasler, L50, F|
|poke|p1|Incineroar, L50, M|
|poke|p2|Torkoal, L50, M|
|poke|p2|Vileplume, L50, F|
|poke|p2|Farigiraf, L50, M|
|poke|p2|Mawile, L50, M|
|poke|p2|Staraptor, L50, F|
|poke|p2|Scrafty, L50, F|
|teampreview|4
|showteam|p1|Aerodactyl||Aerodactylite|Unnerve|Tailwind,RockSlide,DualWingbeat,Protect|Jolly||F|||50|]Rotom-Wash||ChoiceScarf|Levitate|VoltSwitch,Discharge,Electroweb,HydroPump|Timid|||||50|]Sceptile||Sceptilite|Overgrow|EnergyBall,EarthPower,DragonPulse,Protect|Timid||M|||50|]Kingambit||ChopleBerry|Defiant|KowtowCleave,SuckerPunch,IronHead,Protect|Adamant||M|||50|]Sneasler||WhiteHerb|Unburden|DireClaw,CloseCombat,FakeOut,Protect|Jolly||F|||50|]Incineroar||SitrusBerry|Intimidate|WillOWisp,FlareBlitz,PartingShot,FakeOut|Careful||M|||50|
|showteam|p2|Torkoal||Charcoal|Drought|AncientPower,Eruption,HeatWave,Protect|Quiet||M|||50|]Vileplume||FocusSash|Chlorophyll|EnergyBall,SludgeBomb,SleepPowder,AfterYou|Timid||F|||50|]Farigiraf||ColburBerry|ArmorTail|Psychic,HyperVoice,TrickRoom,HelpingHand|Bold||M|||50|]Mawile||Mawilite|Intimidate|IronHead,PlayRough,SuckerPunch,Protect|Adamant||M|||50|]Staraptor||ChoiceScarf|Intimidate|FinalGambit,DualWingbeat,CloseCombat,Uturn|Jolly||F|||50|]Scrafty||Scraftinite|Intimidate|KnockOff,CloseCombat,RockSlide,FakeOut|Adamant||F|||50|
|
|t:|1782660521
|teamsize|p1|4
|teamsize|p2|4
|start
|switch|p1a: Kingambit|Kingambit, L50, M|100/100
|switch|p1b: Sneasler|Sneasler, L50, F|100/100
|switch|p2a: Vileplume|Vileplume, L50, F|100/100
|switch|p2b: Torkoal|Torkoal, L50, M|100/100
|-weather|SunnyDay|[from] ability: Drought|[of] p2b: Torkoal
|turn|1
|inactive|Battle timer is ON: inactive players will automatically lose when time's up. (requested by acemphd)
|
|t:|1782660551
|move|p2b: Torkoal|Protect|p2b: Torkoal
|-singleturn|p2b: Torkoal|Protect
|move|p1b: Sneasler|Fake Out|p2a: Vileplume
|-damage|p2a: Vileplume|80/100
|cant|p2a: Vileplume|flinch
|move|p1a: Kingambit|Kowtow Cleave|p2b: Torkoal
|-activate|p2b: Torkoal|move: Protect
|
|-weather|SunnyDay|[upkeep]
|upkeep
|turn|2
|
|t:|1782660570
|move|p2a: Vileplume|After You|p2b: Torkoal
|-activate|p2b: Torkoal|move: After You
|move|p2b: Torkoal|Eruption|p1a: Kingambit|[spread] p1a,p1b
|-supereffective|p1a: Kingambit|1
|-damage|p1a: Kingambit|0 fnt
|-damage|p1b: Sneasler|0 fnt
|faint|p1a: Kingambit
|faint|p1b: Sneasler
|
|-weather|SunnyDay|[upkeep]
|upkeep
|c|☆sogreenitslime|i didn't read
|
|t:|1782660582
|switch|p1b: Rotom|Rotom-Wash, L50|100/100
|switch|p1a: Sceptile|Sceptile, L50, M|100/100
|turn|3
|c|☆acemphd|hahah
|inactive|acemphd has 30 seconds left.
|inactive|acemphd has 20 seconds left.
|inactive|acemphd has 15 seconds left.
|
|t:|1782660622
|detailschange|p1a: Sceptile|Sceptile-Mega, L50, M
|-mega|p1a: Sceptile|Sceptile|Sceptilite
|move|p1b: Rotom|Discharge|p2a: Vileplume|[spread] p2a,p2b
|-ability|p1a: Sceptile|Lightning Rod|boost
|-boost|p1a: Sceptile|spa|1
|-resisted|p2a: Vileplume|1
|-damage|p2a: Vileplume|63/100
|-damage|p2b: Torkoal|66/100
|move|p2a: Vileplume|Energy Ball|p1b: Rotom
|-supereffective|p1b: Rotom|1
|-damage|p1b: Rotom|0 fnt
|faint|p1b: Rotom
|move|p1a: Sceptile|Earth Power|p2b: Torkoal
|-supereffective|p2b: Torkoal|1
|-damage|p2b: Torkoal|0 fnt
|faint|p2b: Torkoal
|
|-weather|SunnyDay|[upkeep]
|upkeep
|c|☆sogreenitslime|bruh
|
|t:|1782660638
|switch|p2b: Farigiraf|Farigiraf, L50, M|100/100
|turn|4
|
|t:|1782660650
|move|p2a: Vileplume|Sludge Bomb|p1a: Sceptile
|-supereffective|p1a: Sceptile|1
|-damage|p1a: Sceptile|0 fnt
|faint|p1a: Sceptile
|
|win|acemphd
||sogreenitslime is ready for game 3.
||acemphd is ready for game 3.
|uhtml|next|Next: Game 3 of 3
|l|☆acemphd
|player|p2|
