|j|☆That1Morpecko
|j|☆zcgjhn
|html|That1Morpeckozcgjhn    
|uhtml|bestof|Game 1 of a best-of-3
|t:|1782241235
|gametype|doubles
|player|p1|That1Morpecko|hiker-gen4|1106
|player|p2|zcgjhn|2|1044
|gen|9
|tier|[Gen 9 Champions] VGC 2026 Reg M-B (Bo3)
|rated|
|rule|Species Clause: Limit one of each Pokémon
|rule|Item Clause: Limit 1 of each item
|clearpoke
|poke|p1|Grimmsnarl, L50, M|
|poke|p1|Swampert, L50, F|
|poke|p1|Pelipper, L50, F|
|poke|p1|Archaludon, L50, M|
|poke|p1|Sinistcha, L50|
|poke|p1|Floette-Eternal, L50, F|
|poke|p2|Farigiraf, L50, M, shiny|
|poke|p2|Slowbro, L50, M, shiny|
|poke|p2|Dragalge, L50, M, shiny|
|poke|p2|Incineroar, L50, F, shiny|
|poke|p2|Conkeldurr, L50, F|
|poke|p2|Kingambit, L50, M, shiny|
|teampreview|4
|showteam|p1|Grimmsnarl||LightClay|Prankster|FoulPlay,PartingShot,LightScreen,Reflect|Careful||M|||50|]Swampert||Swampertite|Torrent|WaveCrash,HighHorsepower,IcePunch,Protect|Adamant||F|||50|]Pelipper||SitrusBerry|Drizzle|Tailwind,Hurricane,WeatherBall,WideGuard|Modest||F|||50|]Archaludon||Leftovers|Stamina|ElectroShot,DragonPulse,FlashCannon,Protect|Modest||M|||50|]Sinistcha||CobaBerry|Hospitality|MatchaGotcha,RagePowder,LifeDew,Protect|Relaxed|||||50|]Floette-Eternal||Floettite|FlowerVeil|CalmMind,DazzlingGleam,Moonblast,Protect|Modest||F|||50|
|showteam|p2|Farigiraf||Leftovers|ArmorTail|TrickRoom,Protect,FoulPlay,EnergyBall|Quiet||M|||50|]Slowbro||Slowbronite|Oblivious|IronDefense,CalmMind,BodyPress,ShadowBall|Relaxed||M|||50|]Dragalge||LifeOrb|Adaptability|Scald,Protect,DragonPulse,SludgeBomb|Quiet||M|||50|]Incineroar||SitrusBerry|Intimidate|FakeOut,DarkestLariat,FlareBlitz,PartingShot|Brave||F|||50|]Conkeldurr||ExpertBelt|SheerForce|PoisonJab,DrainPunch,FirePunch,Detect|Brave||F|||50|]Kingambit||ChopleBerry|Defiant|SuckerPunch,KowtowCleave,IronHead,Protect|Brave||M|||50|
|inactive|Battle timer is ON: inactive players will automatically lose when time's up. (requested by That1Morpecko)
|
|t:|1782241253
|teamsize|p1|4
|teamsize|p2|4
|start
|switch|p1a: Swampert|Swampert, L50, F|100/100
|switch|p1b: Pelipper|Pelipper, L50, F|100/100
|switch|p2a: Farigiraf|Farigiraf, L50, M, shiny|100/100
|switch|p2b: Incineroar|Incineroar, L50, F, shiny|100/100
|-weather|RainDance|[from] ability: Drizzle|[of] p1b: Pelipper
|-ability|p2b: Incineroar|Intimidate|boost
|-unboost|p1a: Swampert|atk|1
|-unboost|p1b: Pelipper|atk|1
|turn|1
|inactive|That1Morpecko has 30 seconds left.
|
|t:|1782241278
|detailschange|p1a: Swampert|Swampert-Mega, L50, F
|-mega|p1a: Swampert|Swampert|Swampertite
|move|p2b: Incineroar|Fake Out|p1b: Pelipper
|-damage|p1b: Pelipper|84/100
|move|p1a: Swampert|Wave Crash|p2b: Incineroar
|-supereffective|p2b: Incineroar|1
|-damage|p2b: Incineroar|0 fnt
|faint|p2b: Incineroar
|-damage|p1a: Swampert|67/100|[from] Recoil
|cant|p1b: Pelipper|flinch
|move|p2a: Farigiraf|Trick Room|p2a: Farigiraf
|-fieldstart|move: Trick Room|[of] p2a: Farigiraf
|
|-weather|RainDance|[upkeep]
|upkeep
|
|t:|1782241285
|switch|p2b: Slowbro|Slowbro, L50, M, shiny|100/100
|turn|2
|
|t:|1782241305
|switch|p1b: Archaludon|Archaludon, L50, M|100/100
|detailschange|p2b: Slowbro|Slowbro-Mega, L50, M, shiny
|-mega|p2b: Slowbro|Slowbro|Slowbronite
|move|p2b: Slowbro|Iron Defense|p2b: Slowbro
|-boost|p2b: Slowbro|def|2
|move|p2a: Farigiraf|Energy Ball|p1a: Swampert
|-supereffective|p1a: Swampert|2
|-damage|p1a: Swampert|0 fnt
|faint|p1a: Swampert
|
|-weather|RainDance|[upkeep]
|upkeep
|
|t:|1782241318
|switch|p1a: Sinistcha|Sinistcha, L50|100/100
|turn|3
|
|t:|1782241328
|move|p2b: Slowbro|Body Press|p1b: Archaludon
|-supereffective|p1b: Archaludon|1
|-damage|p1b: Archaludon|0 fnt
|faint|p1b: Archaludon
|move|p2a: Farigiraf|Foul Play|p1a: Sinistcha
|-supereffective|p1a: Sinistcha|1
|-damage|p1a: Sinistcha|71/100
|move|p1a: Sinistcha|Matcha Gotcha|p2a: Farigiraf|[spread] p2a,p2b
|-supereffective|p2b: Slowbro|1
|-damage|p2a: Farigiraf|76/100
|-heal|p1a: Sinistcha|86/100|[from] drain|[of] p2a: Farigiraf
|-damage|p2b: Slowbro|48/100
|-heal|p1a: Sinistcha|100/100|[from] drain|[of] p2b: Slowbro
|-status|p2b: Slowbro|brn
|
|-weather|RainDance|[upkeep]
|-heal|p2a: Farigiraf|82/100|[from] item: Leftovers
|-damage|p2b: Slowbro|42/100 brn|[from] brn
|upkeep
|-message|That1Morpecko forfeited.
|
|win|zcgjhn
|l|☆That1Morpecko
|player|p1|
||zcgjhn is ready for game 2.
||That1Morpecko is ready for game 2.
|uhtml|next|Next: Game 2 of 3
|l|☆zcgjhn
|player|p2|
|j|☆That1Morpecko
|player|p1|That1Morpecko|hiker-gen4|
