|j|☆iliasdelm
|j|☆valeron88
|html|iliasdelmvaleron88    
|uhtml|bestof|Game 1 of a best-of-3
|t:|1756973813
|gametype|doubles
|player|p1|iliasdelm|gambler|1128
|player|p2|valeron88|265|1205
|gen|9
|tier|[Gen 9] VGC 2025 Reg H (Bo3)
|rated|
|rule|Species Clause: Limit one of each Pokémon
|rule|Item Clause: Limit 1 of each item
|clearpoke
|poke|p1|Primarina, L50, M|
|poke|p1|Incineroar, L50, M|
|poke|p1|Gholdengo, L50|
|poke|p1|Ursaluna, L50, M|
|poke|p1|Amoonguss, L50, F|
|poke|p1|Porygon2, L50|
|poke|p2|Glimmora, L50, M|
|poke|p2|Amoonguss, L50, F|
|poke|p2|Incineroar, L50, F|
|poke|p2|Kingambit, L50, M|
|poke|p2|Sneasler, L50, M|
|poke|p2|Volcarona, L50, M|
|teampreview|4
|showteam|p1|Primarina||ThroatSpray|LiquidVoice|HyperVoice,Moonblast,Haze,Protect|||M|||50|,,,,,Poison]Incineroar||AssaultVest|Intimidate|FlareBlitz,KnockOff,FakeOut,Uturn|||M|||50|,,,,,Grass]Gholdengo||LifeOrb|GoodasGold|MakeItRain,ShadowBall,NastyPlot,Protect||||||50|,,,,,Water]Ursaluna||FlameOrb|Guts|Facade,HeadlongRush,Protect,Substitute|||M|||50|,,,,,Ghost]Amoonguss||SitrusBerry|Regenerator|PollenPuff,Spore,RagePowder,GigaDrain|||F|||50|,,,,,Electric]Porygon2||Eviolite|Download|IceBeam,TeraBlast,Recover,TrickRoom||||||50|,,,,,Fighting
|showteam|p2|Glimmora||PowerHerb|ToxicDebris|MeteorBeam,SpikyShield,EarthPower,SludgeBomb|||M|||50|,,,,,Flying]Amoonguss||RockyHelmet|Regenerator|RagePowder,PollenPuff,Spore,ClearSmog|||F|||50|,,,,,Water]Incineroar||AssaultVest|Intimidate|Uturn,KnockOff,FakeOut,FlareBlitz|||F|||50|,,,,,Ghost]Kingambit||LifeOrb|Defiant|SuckerPunch,KowtowCleave,IronHead,Protect|||M|||50|,,,,,Ghost]Sneasler||FocusSash|PoisonTouch|FakeOut,DireClaw,CloseCombat,Uturn|||M|||50|,,,,,Ghost]Volcarona||SitrusBerry|FlameBody|FieryDance,QuiverDance,GigaDrain,Protect|||M|||50|,,,,,Water
|inactive|Battle timer is ON: inactive players will automatically lose when time's up. (requested by valeron88)
|
|t:|1756973879
|teamsize|p1|4
|teamsize|p2|4
|start
|switch|p1a: Incineroar|Incineroar, L50, M|100/100
|switch|p1b: Gholdengo|Gholdengo, L50|100/100
|switch|p2a: Kingambit|Kingambit, L50, M|100/100
|switch|p2b: Glimmora|Glimmora, L50, M|100/100
|-ability|p1a: Incineroar|Intimidate|boost
|-unboost|p2a: Kingambit|atk|1
|-ability|p2a: Kingambit|Defiant|boost
|-boost|p2a: Kingambit|atk|2
|-unboost|p2b: Glimmora|atk|1
|turn|1
|inactive|iliasdelm has 30 seconds left.
|inactive|valeron88 has 30 seconds left.
|inactive|valeron88 has 20 seconds left.
|inactive|iliasdelm has 20 seconds left.
|
|t:|1756973920
|-terastallize|p1b: Gholdengo|Water
|-terastallize|p2a: Kingambit|Ghost
|move|p2a: Kingambit|Sucker Punch|p1b: Gholdengo
|-damage|p1b: Gholdengo|30/100
|-damage|p2a: Kingambit|91/100|[from] item: Life Orb
|move|p2b: Glimmora|Meteor Beam||[still]
|-prepare|p2b: Glimmora|Meteor Beam
|-boost|p2b: Glimmora|spa|1
|-enditem|p2b: Glimmora|Power Herb
|-anim|p2b: Glimmora|Meteor Beam|p1a: Incineroar
|-supereffective|p1a: Incineroar
|-damage|p1a: Incineroar|0 fnt
|faint|p1a: Incineroar
|move|p1b: Gholdengo|Make It Rain|p2a: Kingambit|[spread] p2a,p2b
|-supereffective|p2b: Glimmora
|-damage|p2a: Kingambit|44/100
|-damage|p2b: Glimmora|0 fnt
|-unboost|p1b: Gholdengo|spa|1
|faint|p2b: Glimmora
|-damage|p1b: Gholdengo|20/100|[from] item: Life Orb
|
|upkeep
|
|t:|1756973939
|switch|p2b: Amoonguss|Amoonguss, L50, F|100/100
|switch|p1a: Porygon2|Porygon2, L50|100/100
|-ability|p1a: Porygon2|Download|boost
|-boost|p1a: Porygon2|spa|1
|turn|2
|
|t:|1756973951
|move|p1b: Gholdengo|Nasty Plot|p1b: Gholdengo
|-boost|p1b: Gholdengo|spa|2
|move|p2a: Kingambit|Kowtow Cleave|p1a: Porygon2
|-damage|p1a: Porygon2|55/100
|-damage|p2a: Kingambit|34/100|[from] item: Life Orb
|move|p1a: Porygon2|Ice Beam|p2a: Kingambit
|-damage|p2a: Kingambit|4/100
|-status|p2a: Kingambit|frz
|move|p2b: Amoonguss|Pollen Puff|p2a: Kingambit
|-heal|p2a: Kingambit|54/100 frz
|
|upkeep
|turn|3
|
|t:|1756973972
|cant|p2a: Kingambit|frz
|move|p1b: Gholdengo|Make It Rain|p2b: Amoonguss|[spread] p2a,p2b
|-damage|p2a: Kingambit|0 fnt
|-damage|p2b: Amoonguss|18/100
|-unboost|p1b: Gholdengo|spa|1
|faint|p2a: Kingambit
|-damage|p1b: Gholdengo|10/100|[from] item: Life Orb
|move|p1a: Porygon2|Ice Beam|p2b: Amoonguss
|-supereffective|p2b: Amoonguss
|-damage|p2b: Amoonguss|0 fnt
|faint|p2b: Amoonguss
|
|upkeep
|-message|valeron88 forfeited.
|
|win|iliasdelm
