|j|☆pinba2
|j|☆blfuller_4
|html|pinba2blfuller_4    
|uhtml|bestof|Game 2 of a best-of-3
|t:|1756923133
|gametype|doubles
|player|p1|pinba2|nate|1020
|player|p2|blfuller_4|265|1107
|gen|9
|tier|[Gen 9] VGC 2025 Reg H (Bo3)
|rated|
|rule|Species Clause: Limit one of each Pokémon
|rule|Item Clause: Limit 1 of each item
|clearpoke
|poke|p1|Annihilape, L50, M|
|poke|p1|Garchomp, L50, M|
|poke|p1|Incineroar, L50, M|
|poke|p1|Whimsicott, L50, F|
|poke|p1|Rillaboom, L50, M|
|poke|p1|Palafin, L50, M|
|poke|p2|Sneasler, L50, M|
|poke|p2|Indeedee, L50, M|
|poke|p2|Gholdengo, L50|
|poke|p2|Dragapult, L50, M|
|poke|p2|Kingambit, L50, F|
|poke|p2|Electabuzz, L50, M|
|teampreview|4
|showteam|p1|Annihilape||ChoiceScarf|Defiant|IcePunch,PoisonJab,RageFist,CloseCombat|||M|||50|,,,,,Dark]Garchomp||FocusSash|RoughSkin|ScaleShot,RockSlide,Earthquake,Protect|||M|||50|,,,,,Ground]Incineroar||CovertCloak|Intimidate|FlareBlitz,SunnyDay,KnockOff,FakeOut|||M|||50|,,,,,Bug]Whimsicott||AbilityShield|Prankster|Encore,Tailwind,DazzlingGleam,TrickRoom|||F|||50|,,,,,Dark]Rillaboom||MiracleSeed|GrassySurge|FakeOut,GrassyGlide,WoodHammer,Taunt|||M|||50|,,,,,Fire]Palafin||MysticWater|ZerotoHero|Haze,WaveCrash,IcePunch,CloseCombat|||M|||50|,,,,,Water
|showteam|p2|Sneasler||PsychicSeed|Unburden|Protect,DireClaw,CloseCombat,ThroatChop|||M|||50|,,,,,Dark]Indeedee||ChoiceScarf|PsychicSurge|ExpandingForce,DazzlingGleam,ShadowBall,Trick|||M|||50|,,,,,Psychic]Gholdengo||ChoiceSpecs|GoodasGold|MakeItRain,ShadowBall,PowerGem,Thunderbolt||||||50|,,,,,Dragon]Dragapult||ChoiceBand|ClearBody|Outrage,DragonDarts,PhantomForce,Uturn|||M|||50|,,,,,Dragon]Kingambit||AssaultVest|Defiant|KowtowCleave,IronHead,TeraBlast,SuckerPunch|||F|||50|,,,,,Fire]Electabuzz||Eviolite|VitalSpirit|FollowMe,Electroweb,Taunt,HelpingHand|||M|||50|,,,,,Ghost
|inactive|Battle timer is ON: inactive players will automatically lose when time's up. (requested by pinba2)
|inactive|pinba2 has 60 seconds left.
|inactive|blfuller_4 has 60 seconds left.
|
|t:|1756923172
|teamsize|p1|4
|teamsize|p2|4
|start
|switch|p1a: Whimsicott|Whimsicott, L50, F|100/100
|switch|p1b: Annihilape|Annihilape, L50, M|100/100
|switch|p2a: Sneasler|Sneasler, L50, M|100/100
|switch|p2b: Indeedee|Indeedee, L50, M|100/100
|-fieldstart|move: Psychic Terrain|[from] ability: Psychic Surge|[of] p2b: Indeedee
|-enditem|p2a: Sneasler|Psychic Seed
|-boost|p2a: Sneasler|spd|1|[from] item: Psychic Seed
|turn|1
|inactive|pinba2 has 30 seconds left.
|inactive|pinba2 has 20 seconds left.
|inactive|pinba2 has 15 seconds left.
|
|t:|1756923213
|switch|p1a: Incineroar|Incineroar, L50, M|100/100
|-ability|p1a: Incineroar|Intimidate|boost
|-unboost|p2a: Sneasler|atk|1
|-unboost|p2b: Indeedee|atk|1
|move|p2a: Sneasler|Dire Claw|p1a: Incineroar
|-damage|p1a: Incineroar|74/100
|move|p1b: Annihilape|Rage Fist|p2a: Sneasler
|-damage|p2a: Sneasler|62/100
|move|p2b: Indeedee|Expanding Force|p1b: Annihilape|[spread] p1b
|-immune|p1a: Incineroar
|-supereffective|p1b: Annihilape
|-damage|p1b: Annihilape|0 fnt
|faint|p1b: Annihilape
|
|upkeep
|
|t:|1756923231
|switch|p1b: Whimsicott|Whimsicott, L50, F|100/100
|turn|2
|
|t:|1756923256
|-terastallize|p1a: Incineroar|Bug
|move|p1b: Whimsicott|Tailwind|p1b: Whimsicott
|-sidestart|p1: pinba2|move: Tailwind
|move|p2a: Sneasler|Dire Claw|p1b: Whimsicott
|-supereffective|p1b: Whimsicott
|-damage|p1b: Whimsicott|0 fnt
|faint|p1b: Whimsicott
|move|p2b: Indeedee|Expanding Force|p1a: Incineroar
|-damage|p1a: Incineroar|0 fnt
|faint|p1a: Incineroar
|
|upkeep
|c|☆pinba2|Wooooow
|c|☆pinba2|You is insano
|inactive|pinba2 has 30 seconds left.
|c|☆pinba2|👏👏👏👏
|c|☆blfuller_4|thx bb
|inactive|pinba2 has 20 seconds left.
|l|☆pinba2
|inactive|pinba2 disconnected and has a minute to reconnect!
|player|p1|
|inactive|pinba2 has 15 seconds left.
|inactive|pinba2 has 10 seconds left.
|inactive|pinba2 has 5 seconds left.
|j|☆pinba2
|inactive|pinba2 reconnected and has 5 seconds left.
|player|p1|pinba2|nate|
|
|t:|1756923311
|switch|p1a: Garchomp|Garchomp, L50, M|100/100
|turn|3
|
|t:|1756923329
|move|p2a: Sneasler|Close Combat|p1a: Garchomp
|-damage|p1a: Garchomp|56/100
|-unboost|p2a: Sneasler|def|1
|-unboost|p2a: Sneasler|spd|1
|-damage|p2a: Sneasler|50/100|[from] ability: Rough Skin|[of] p1a: Garchomp
|move|p1a: Garchomp|Earthquake|p2b: Indeedee|[spread] p2a,p2b
|-supereffective|p2a: Sneasler
|-damage|p2a: Sneasler|0 fnt
|-damage|p2b: Indeedee|18/100
|faint|p2a: Sneasler
|move|p2b: Indeedee|Expanding Force|p1a: Garchomp
|-damage|p1a: Garchomp|0 fnt
|faint|p1a: Garchomp
|
|win|blfuller_4
|raw|pinba2's rating: 1020 → 1010(-10 for losing)
|raw|blfuller_4's rating: 1107 → 1126(+19 for winning)
|c|☆pinba2|Bye
