|j|☆Sandyboio66
|j|☆frankino98
|html|Sandyboio66frankino98    
|uhtml|bestof|Game 1 of a best-of-3
|t:|1757707395
|gametype|doubles
|player|p1|Sandyboio66|265|1182
|player|p2|frankino98|cynthia|1170
|gen|9
|tier|[Gen 9] VGC 2025 Reg H (Bo3)
|rated|
|rule|Species Clause: Limit one of each Pokémon
|rule|Item Clause: Limit 1 of each item
|clearpoke
|poke|p1|Excadrill, L50, F|
|poke|p1|Tyranitar, L50, M|
|poke|p1|Dragonite, L50, F|
|poke|p1|Gyarados, L50, M|
|poke|p1|Gholdengo, L50|
|poke|p1|Electabuzz, L50, M|
|poke|p2|Annihilape, L50, F|
|poke|p2|Sinistcha, L50|
|poke|p2|Maushold-Four, L50|
|poke|p2|Klefki, L50, M|
|poke|p2|Ursaluna-Bloodmoon, L50, M|
|poke|p2|Ninetales-Alola, L50, F|
|teampreview|4
|showteam|p1|Excadrill||LifeOrb|SandRush|IronHead,HighHorsepower,Earthquake,Protect|||F|||50|,,,,,Stellar]Tyranitar||AssaultVest|SandStream|RockSlide,KnockOff,TeraBlast,LowKick|||M|||50|,,,,,Flying]Dragonite||LoadedDice|InnerFocus|ScaleShot,ExtremeSpeed,Haze,Tailwind|||F|||50|,,,,,Steel]Gyarados||SafetyGoggles|Intimidate|Waterfall,ThunderWave,Taunt,Protect|||M|||50|,,,,,Water]Gholdengo||MetalCoat|GoodasGold|ShadowBall,MakeItRain,NastyPlot,Protect||||||50|,,,,,Dragon]Electabuzz||Eviolite|VitalSpirit|FollowMe,Thunderbolt,Electroweb,Protect|||M|||50|,,,,,Electric
|showteam|p2|Annihilape||Leftovers|Defiant|Protect,BulkUp,DrainPunch,RageFist|||F|||50|,,,,,Fire]Sinistcha||SitrusBerry|Hospitality|MatchaGotcha,TrickRoom,LifeDew,RagePowder||||||50|,,,,,Water]Maushold-Four||SafetyGoggles|FriendGuard|FollowMe,Taunt,BeatUp,Protect||||||50|,,,,,Ghost]Klefki||LightClay|Prankster|Reflect,LightScreen,MistyTerrain,DazzlingGleam|||M|||50|,,,,,Ghost]Ursaluna-Bloodmoon||AssaultVest|MindsEye|BloodMoon,HyperVoice,EarthPower,VacuumWave|||M|||50|,,,,,Water]Ninetales-Alola||FocusSash|SnowWarning|Protect,Encore,FreezeDry,Blizzard|||F|||50|,,,,,Ghost
|
|t:|1757707429
|teamsize|p1|4
|teamsize|p2|4
|start
|switch|p1a: Gholdengo|Gholdengo, L50|100/100
|switch|p1b: Electabuzz|Electabuzz, L50, M|100/100
|switch|p2a: Annihilape|Annihilape, L50, F, shiny|100/100
|switch|p2b: Maushold|Maushold-Four, L50|100/100
|turn|1
|
|t:|1757707447
|-terastallize|p2a: Annihilape|Fire
|move|p1b: Electabuzz|Follow Me|p1b: Electabuzz
|-singleturn|p1b: Electabuzz|move: Follow Me
|move|p2b: Maushold|Beat Up|p1b: Electabuzz
|-damage|p1b: Electabuzz|96/100
|-damage|p1b: Electabuzz|93/100
|-damage|p1b: Electabuzz|90/100
|-damage|p1b: Electabuzz|88/100
|-hitcount|p1b: Electabuzz|4
|move|p2a: Annihilape|Rage Fist|p1b: Electabuzz
|-damage|p1b: Electabuzz|60/100
|move|p1a: Gholdengo|Nasty Plot|p1a: Gholdengo
|-boost|p1a: Gholdengo|spa|2
|
|upkeep
|turn|2
|inactive|Battle timer is ON: inactive players will automatically lose when time's up. (requested by Sandyboio66)
|
|t:|1757707485
|move|p1b: Electabuzz|Follow Me|p1b: Electabuzz
|-singleturn|p1b: Electabuzz|move: Follow Me
|move|p2b: Maushold|Taunt|p1b: Electabuzz
|-start|p1b: Electabuzz|move: Taunt
|move|p2a: Annihilape|Bulk Up|p2a: Annihilape
|-boost|p2a: Annihilape|atk|1
|-boost|p2a: Annihilape|def|1
|move|p1a: Gholdengo|Nasty Plot|p1a: Gholdengo
|-boost|p1a: Gholdengo|spa|2
|
|upkeep
|turn|3
|
|t:|1757707505
|-terastallize|p1a: Gholdengo|Dragon
|move|p1b: Electabuzz|Thunderbolt|p2a: Annihilape
|-damage|p2a: Annihilape|74/100
|move|p2b: Maushold|Beat Up|p2a: Annihilape
|-damage|p2a: Annihilape|73/100
|-damage|p2a: Annihilape|72/100
|-crit|p2a: Annihilape
|-damage|p2a: Annihilape|70/100
|-damage|p2a: Annihilape|69/100
|-hitcount|p2a: Annihilape|4
|move|p2a: Annihilape|Rage Fist|p1a: Gholdengo
|-damage|p1a: Gholdengo|0 fnt
|faint|p1a: Gholdengo
|
|-heal|p2a: Annihilape|75/100|[from] item: Leftovers
|upkeep
|
|t:|1757707516
|switch|p1a: Excadrill|Excadrill, L50, F, shiny|100/100
|turn|4
|
|t:|1757707537
|move|p2b: Maushold|Follow Me|p2b: Maushold
|-singleturn|p2b: Maushold|move: Follow Me
|move|p1b: Electabuzz|Electroweb|p2b: Maushold|[spread] p2a,p2b
|-damage|p2a: Annihilape|64/100
|-damage|p2b: Maushold|78/100
|-unboost|p2a: Annihilape|spe|1
|-ability|p2a: Annihilape|Defiant|boost
|-boost|p2a: Annihilape|atk|2
|-unboost|p2b: Maushold|spe|1
|move|p1a: Excadrill|High Horsepower|p2b: Maushold
|-damage|p2b: Maushold|0 fnt
|faint|p2b: Maushold
|-damage|p1a: Excadrill|91/100|[from] item: Life Orb
|move|p2a: Annihilape|Drain Punch|p1a: Excadrill
|-supereffective|p1a: Excadrill
|-damage|p1a: Excadrill|0 fnt
|-heal|p2a: Annihilape|100/100|[from] drain|[of] p1a: Excadrill
|faint|p1a: Excadrill
|
|upkeep
|-message|Sandyboio66 forfeited.
|
|win|frankino98
|l|☆Sandyboio66
|player|p1|
||frankino98 is ready for game 2.
||Sandyboio66 is ready for game 2.
|uhtml|next|Next: Game 2 of 3
