|j|☆daelien
|j|☆merr123
|html|daelienmerr123    
|uhtml|bestof|Game 1 of a best-of-3
|t:|1782422726
|gametype|doubles
|player|p1|daelien|170|1285
|player|p2|merr123|2|1192
|gen|9
|tier|[Gen 9 Champions] VGC 2026 Reg M-B (Bo3)
|rated|
|rule|Species Clause: Limit one of each Pokémon
|rule|Item Clause: Limit 1 of each item
|clearpoke
|poke|p1|Kingambit, L50, F|
|poke|p1|Volcarona, L50, F|
|poke|p1|Raichu, L50, F|
|poke|p1|Whimsicott, L50, F|
|poke|p1|Sinistcha, L50|
|poke|p1|Lopunny, L50, F|
|poke|p2|Sneasler, L50, M|
|poke|p2|Staraptor, L50, M|
|poke|p2|Manectric, L50, F|
|poke|p2|Sinistcha, L50|
|poke|p2|Kingambit, L50, F|
|poke|p2|Mamoswine, L50, M|
|teampreview|4
|showteam|p1|Kingambit||BlackGlasses|Defiant|Protect,KowtowCleave,SuckerPunch,SwordsDance|Adamant||F|||50|]Volcarona||Leftovers|FlameBody|FieryDance,StruggleBug,QuiverDance,Protect|Timid||F|||50|]Raichu||RaichuniteY|LightningRod|ZapCannon,FocusBlast,Protect,GrassKnot|Timid||F|||50|]Whimsicott||FocusSash|Prankster|Moonblast,Tailwind,Encore,Protect|Timid||F|||50|]Sinistcha||KasibBerry|Hospitality|MatchaGotcha,Imprison,RagePowder,TrickRoom|Calm|||||50|]Lopunny||Lopunnite|CuteCharm|FakeOut,CloseCombat,TripleAxel,Protect|Jolly||F|||50|
|showteam|p2|Sneasler||FocusSash|PoisonTouch|FakeOut,CloseCombat,DireClaw,Coaching|Jolly||M|||50|]Staraptor||Staraptite|Intimidate|CloseCombat,BraveBird,Tailwind,Protect|Adamant||M|||50|]Manectric||Manectite|LightningRod|Thunderbolt,Snarl,VoltSwitch,Protect|Timid||F|||50|]Sinistcha||SitrusBerry|Hospitality|MatchaGotcha,RagePowder,TrickRoom,Protect|Calm|||||50|]Kingambit||BlackGlasses|Defiant|SwordsDance,KowtowCleave,SuckerPunch,Protect|Adamant||F|||50|]Mamoswine||ChoiceScarf|Oblivious|IcicleCrash,Earthquake,IceShard,HighHorsepower|Jolly||M|||50|
|inactive|Battle timer is ON: inactive players will automatically lose when time's up. (requested by merr123)
|inactive|daelien also wants the timer to be on.
|inactive|daelien has 60 seconds left.
|
|t:|1782422780
|teamsize|p1|4
|teamsize|p2|4
|start
|switch|p1a: Raichu|Raichu, L50, F|100/100
|switch|p1b: Lopunny|Lopunny, L50, F|100/100
|switch|p2a: Sneasler|Sneasler, L50, M|100/100
|switch|p2b: Staraptor|Staraptor, L50, M|100/100
|-ability|p2b: Staraptor|Intimidate|boost
|-unboost|p1a: Raichu|atk|1
|-unboost|p1b: Lopunny|atk|1
|turn|1
|
|t:|1782422800
|detailschange|p1a: Raichu|Raichu-Mega-Y, L50, F
|-mega|p1a: Raichu|Raichu|Raichunite Y
|move|p2b: Staraptor|Protect|p2b: Staraptor
|-singleturn|p2b: Staraptor|Protect
|move|p1b: Lopunny|Fake Out|p2b: Staraptor
|-activate|p2b: Staraptor|move: Protect
|move|p1a: Raichu|Zap Cannon|p2a: Sneasler
|-damage|p2a: Sneasler|15/100
|-status|p2a: Sneasler|par
|move|p2a: Sneasler|Coaching|p2b: Staraptor
|-boost|p2b: Staraptor|atk|1
|-boost|p2b: Staraptor|def|1
|
|upkeep
|turn|2
|
|t:|1782422823
|switch|p2a: Manectric|Manectric, L50, F|100/100
|detailschange|p2b: Staraptor|Staraptor-Mega, L50, M
|-mega|p2b: Staraptor|Staraptor|Staraptite
|move|p1a: Raichu|Zap Cannon|p2a: Manectric
|-activate|p2a: Manectric|ability: Lightning Rod
|-ability|p2a: Manectric|Lightning Rod|boost
|-boost|p2a: Manectric|spa|1
|move|p1b: Lopunny|Triple Axel|p2a: Manectric
|-damage|p2a: Manectric|93/100
|-damage|p2a: Manectric|80/100
|-damage|p2a: Manectric|62/100
|-hitcount|p2a: Manectric|3
|move|p2b: Staraptor|Close Combat|p1b: Lopunny
|-supereffective|p1b: Lopunny|1
|-damage|p1b: Lopunny|0 fnt
|-boost|p2b: Staraptor|def|1
|-boost|p2b: Staraptor|spd|1
|faint|p1b: Lopunny
|
|upkeep
|-message|daelien forfeited.
|
|win|merr123
|l|☆daelien
|player|p1|
||daelien is ready for game 2.
||merr123 is ready for game 2.
|uhtml|next|Next: Game 2 of 3
