|j|☆JusttestingforVGC
|j|☆Volanr
|html|JusttestingforVGCVolanr    
|uhtml|bestof|Game 2 of a best-of-3
|t:|1757687454
|gametype|doubles
|player|p1|JusttestingforVGC|steven|1401
|player|p2|Volanr|cynthia-masters3|1378
|gen|9
|tier|[Gen 9] VGC 2025 Reg H (Bo3)
|rated|
|rule|Species Clause: Limit one of each Pokémon
|rule|Item Clause: Limit 1 of each item
|clearpoke
|poke|p1|Garchomp, L50, M|
|poke|p1|Corviknight, L50, M|
|poke|p1|Lycanroc, L50, F|
|poke|p1|Tyranitar, L50, F|
|poke|p1|Blaziken, L50, F|
|poke|p1|Rotom-Mow, L50|
|poke|p2|Archaludon, L50, M|
|poke|p2|Sinistcha-Masterpiece, L50|
|poke|p2|Dragonite, L50, F|
|poke|p2|Pelipper, L50, F|
|poke|p2|Ursaluna, L50, F|
|poke|p2|Gholdengo, L50|
|teampreview|4
|showteam|p1|Garchomp||Leftovers|SandVeil|Earthquake,DragonClaw,Substitute,Protect|||M|||50|,,,,,Steel]Corviknight||SitrusBerry|MirrorArmor|BulkUp,BraveBird,Tailwind,BodyPress|||M|||50|,,,,,Fire]Lycanroc||FocusSash|SandRush|Protect,CloseCombat,RockSlide,Endeavor|||F|||50|,,,,,Ghost]Tyranitar||AssaultVest|SandStream|KnockOff,RockSlide,LowKick,HighHorsepower|||F|||50|,,,,,Flying]Blaziken||LifeOrb|SpeedBoost|Protect,AuraSphere,Flamethrower,HelpingHand|||F|||50|,,,,,Ghost]Rotom-Mow||CovertCloak|Levitate|LeafStorm,Electroweb,Thunderbolt,ElectricTerrain||||||50|,,,,,Water
|showteam|p2|Archaludon||AssaultVest|Stamina|BodyPress,Snarl,ElectroShot,FlashCannon|||M|||50|,,,,,Fighting]Sinistcha-Masterpiece||SitrusBerry|Hospitality|MatchaGotcha,RagePowder,TrickRoom,LifeDew||||||50|,,,,,Dark]Dragonite||LoadedDice|Multiscale|ScaleShot,Protect,Tailwind,Haze|||F|||50|,,,,,Steel]Pelipper||FocusSash|Drizzle|MuddyWater,Hurricane,Tailwind,Protect|||F|||50|,,,,,Ghost]Ursaluna||FlameOrb|Guts|Facade,HeadlongRush,Earthquake,Protect|||F|||50|,,,,,Ghost]Gholdengo||ChoiceScarf|GoodasGold|MakeItRain,TeraBlast,ShadowBall,Trick||||||50|,,,,,Water
|inactive|Battle timer is ON: inactive players will automatically lose when time's up. (requested by JusttestingforVGC)
|inactive|JusttestingforVGC has 60 seconds left.
|
|t:|1757687521
|teamsize|p1|4
|teamsize|p2|4
|start
|switch|p1a: Corviknight|Corviknight, L50, M|100/100
|switch|p1b: Lycanroc|Lycanroc, L50, F|100/100
|switch|p2a: Dragonite|Dragonite, L50, F|100/100
|switch|p2b: Ursaluna|Ursaluna, L50, F|100/100
|turn|1
|inactive|JusttestingforVGC has 30 seconds left.
|inactive|JusttestingforVGC has 20 seconds left.
|inactive|JusttestingforVGC has 15 seconds left.
|inactive|JusttestingforVGC has 10 seconds left.
|inactive|JusttestingforVGC has 5 seconds left.
|
|t:|1757687576
|move|p1b: Lycanroc|Protect|p1b: Lycanroc
|-singleturn|p1b: Lycanroc|Protect
|move|p2a: Dragonite|Scale Shot|p1b: Lycanroc
|-activate|p1b: Lycanroc|move: Protect
|move|p1a: Corviknight|Bulk Up|p1a: Corviknight
|-boost|p1a: Corviknight|atk|1
|-boost|p1a: Corviknight|def|1
|move|p2b: Ursaluna|Earthquake|p1b: Lycanroc|[spread] 
|-activate|p1b: Lycanroc|move: Protect
|-immune|p2a: Dragonite
|-immune|p1a: Corviknight
|
|-status|p2b: Ursaluna|brn|[from] item: Flame Orb
|upkeep
|turn|2
|inactive|Volanr has 30 seconds left.
|
|t:|1757687604
|move|p2b: Ursaluna|Protect|p2b: Ursaluna
|-singleturn|p2b: Ursaluna|Protect
|move|p1b: Lycanroc|Rock Slide|p2a: Dragonite|[spread] p2a
|-activate|p2b: Ursaluna|move: Protect
|-supereffective|p2a: Dragonite
|-damage|p2a: Dragonite|68/100
|move|p2a: Dragonite|Scale Shot|p1b: Lycanroc|[miss]
|-miss|p2a: Dragonite|p1b: Lycanroc
|move|p1a: Corviknight|Tailwind|p1a: Corviknight
|-sidestart|p1: JusttestingforVGC|move: Tailwind
|
|-damage|p2b: Ursaluna|95/100 brn|[from] brn
|upkeep
|turn|3
|
|t:|1757687625
|move|p1b: Lycanroc|Rock Slide|p2a: Dragonite|[spread] p2a,p2b
|-supereffective|p2a: Dragonite
|-resisted|p2b: Ursaluna
|-damage|p2a: Dragonite|7/100
|-damage|p2b: Ursaluna|83/100 brn
|move|p1a: Corviknight|Body Press|p2a: Dragonite
|-resisted|p2a: Dragonite
|-damage|p2a: Dragonite|0 fnt
|faint|p2a: Dragonite
|move|p2b: Ursaluna|Facade|p1b: Lycanroc
|-resisted|p1b: Lycanroc
|-crit|p1b: Lycanroc
|-enditem|p1b: Lycanroc|Focus Sash
|-damage|p1b: Lycanroc|1/100
|
|-damage|p2b: Ursaluna|77/100 brn|[from] brn
|upkeep
|
|t:|1757687633
|switch|p2a: Archaludon|Archaludon, L50, M|100/100
|turn|4
|
|t:|1757687644
|switch|p2b: Pelipper|Pelipper, L50, F|100/100
|-weather|RainDance|[from] ability: Drizzle|[of] p2b: Pelipper
|-terastallize|p2a: Archaludon|Fighting
|move|p1b: Lycanroc|Endeavor|p2a: Archaludon
|-damage|p2a: Archaludon|1/100
|-ability|p2a: Archaludon|Stamina|boost
|-boost|p2a: Archaludon|def|1
|move|p1a: Corviknight|Brave Bird|p2a: Archaludon
|-supereffective|p2a: Archaludon
|-crit|p2a: Archaludon
|-damage|p2a: Archaludon|0 fnt
|faint|p2a: Archaludon
|-damage|p1a: Corviknight|99/100|[from] Recoil
|
|-weather|RainDance|[upkeep]
|upkeep
|-message|Volanr forfeited.
|
|win|JusttestingforVGC
||Volanr is ready for game 3.
||JusttestingforVGC is ready for game 3.
|uhtml|next|Next: Game 3 of 3
|l|☆JusttestingforVGC
|player|p1|
|l|☆Volanr
|player|p2|
