|j|☆Devta
|j|☆zaharba
|html|Devtazaharba    
|uhtml|bestof|Game 1 of a best-of-3
|t:|1782569412
|gametype|doubles
|player|p1|Devta|hexmaniac-gen6|1116
|player|p2|zaharba|101|1087
|gen|9
|tier|[Gen 9 Champions] VGC 2026 Reg M-B (Bo3)
|rated|
|rule|Species Clause: Limit one of each Pokémon
|rule|Item Clause: Limit 1 of each item
|clearpoke
|poke|p1|Charizard, L50, M, shiny|
|poke|p1|Garchomp, L50, F|
|poke|p1|Gholdengo, L50|
|poke|p1|Whimsicott, L50, M, shiny|
|poke|p1|Incineroar, L50, F|
|poke|p1|Basculegion, L50, M, shiny|
|poke|p2|Raichu, L50, F, shiny|
|poke|p2|Basculegion-F, L50, F|
|poke|p2|Ninetales-Alola, L50, M, shiny|
|poke|p2|Talonflame, L50, M|
|poke|p2|Vivillon, L50, F|
|poke|p2|Tyranitar, L50, F|
|teampreview|4
|showteam|p1|Charizard||CharizarditeY|Blaze|Protect,HeatWave,WeatherBall,SolarBeam|Modest||M|||50|]Garchomp||LifeOrb|RoughSkin|Protect,DragonClaw,StompingTantrum,RockSlide|Jolly||F|||50|]Gholdengo||SpellTag|GoodasGold|Protect,ShadowBall,MakeItRain,NastyPlot|Timid|||||50|]Whimsicott||FocusSash|Prankster|Protect,Moonblast,Encore,Tailwind|Timid||M|||50|]Incineroar||SitrusBerry|Intimidate|FlareBlitz,ThroatChop,PartingShot,FakeOut|Impish||F|||50|]Basculegion||ChoiceScarf|Adaptability|WaveCrash,LastRespects,FlipTurn,AquaJet|Jolly||M|||50|
|showteam|p2|Raichu||RaichuniteY|LightningRod|FocusBlast,ZapCannon,UpperHand,FakeOut|Timid||F|||50|]Basculegion-F||SpellTag|Adaptability|Protect,Hex,HydroPump,MuddyWater|Modest||F|||50|]Ninetales-Alola||NeverMeltIce|SnowWarning|Protect,FreezeDry,Blizzard,Encore|Timid||M|||50|]Talonflame||LifeOrb|GaleWings|Protect,BraveBird,Overheat,Tailwind|Naive||M|||50|]Vivillon||ChoiceScarf|CompoundEyes|SleepPowder,RagePowder,Hurricane,Tailwind|Timid||F|||50|]Tyranitar||ExpertBelt|SandStream|RockSlide,HighHorsepower,Protect,DragonDance|Adamant||F|||50|
|inactive|Battle timer is ON: inactive players will automatically lose when time's up. (requested by zaharba)
|inactive|Devta has 60 seconds left.
|inactive|zaharba has 60 seconds left.
|inactive|Devta has 30 seconds left.
|inactive|zaharba has 30 seconds left.
|inactive|Devta has 20 seconds left.
|inactive|zaharba has 20 seconds left.
|inactive|Devta has 15 seconds left.
|inactive|zaharba has 15 seconds left.
|inactive|Devta has 10 seconds left.
|inactive|zaharba has 10 seconds left.
|
|t:|1782569496
|teamsize|p1|4
|teamsize|p2|4
|start
|switch|p1a: Gholdengo|Gholdengo, L50|100/100
|switch|p1b: Incineroar|Incineroar, L50, F|100/100
|switch|p2a: Raichu|Raichu, L50, F, shiny|100/100
|switch|p2b: Talonflame|Talonflame, L50, M|100/100
|-ability|p1b: Incineroar|Intimidate|boost
|-unboost|p2a: Raichu|atk|1
|-unboost|p2b: Talonflame|atk|1
|turn|1
|inactive|Devta has 30 seconds left.
|
|t:|1782569529
|detailschange|p2a: Raichu|Raichu-Mega-Y, L50, F, shiny
|-mega|p2a: Raichu|Raichu|Raichunite Y
|move|p1a: Gholdengo|Protect|p1a: Gholdengo
|-singleturn|p1a: Gholdengo|Protect
|move|p2a: Raichu|Fake Out|p1b: Incineroar
|-damage|p1b: Incineroar|95/100
|move|p2b: Talonflame|Overheat|p1a: Gholdengo
|-activate|p1a: Gholdengo|move: Protect
|cant|p1b: Incineroar|flinch
|
|upkeep
|turn|2
|inactive|Devta has 30 seconds left.
|
|t:|1782569563
|switch|p1a: Charizard|Charizard, L50, M, shiny|100/100
|move|p2a: Raichu|Focus Blast|p1b: Incineroar
|-supereffective|p1b: Incineroar|1
|-damage|p1b: Incineroar|13/100
|-unboost|p1b: Incineroar|spd|1
|-enditem|p1b: Incineroar|Sitrus Berry|[eat]
|-heal|p1b: Incineroar|38/100|[from] item: Sitrus Berry
|move|p2b: Talonflame|Overheat|p1a: Charizard
|-resisted|p1a: Charizard|1
|-damage|p1a: Charizard|74/100
|-unboost|p2b: Talonflame|spa|2
|-damage|p2b: Talonflame|90/100|[from] item: Life Orb
|move|p1b: Incineroar|Parting Shot|p2a: Raichu
|-unboost|p2a: Raichu|atk|1
|-unboost|p2a: Raichu|spa|1
|
|t:|1782569576
|switch|p1b: Gholdengo|Gholdengo, L50|100/100|[from] Parting Shot
|
|upkeep
|turn|3
|inactive|Devta has 30 seconds left.
|inactive|Devta has 20 seconds left.
|inactive|Devta has 15 seconds left.
|
|t:|1782569617
|move|p1a: Charizard|Protect|p1a: Charizard
|-singleturn|p1a: Charizard|Protect
|move|p2a: Raichu|Zap Cannon|p1b: Gholdengo
|-damage|p1b: Gholdengo|47/100
|-status|p1b: Gholdengo|par
|move|p2b: Talonflame|Tailwind|p2b: Talonflame
|-sidestart|p2: zaharba|move: Tailwind
|move|p1b: Gholdengo|Nasty Plot|p1b: Gholdengo
|-boost|p1b: Gholdengo|spa|2
|
|upkeep
|turn|4
|
|t:|1782569638
|switch|p1a: Incineroar|Incineroar, L50, F|38/100
|-ability|p1a: Incineroar|Intimidate|boost
|-unboost|p2a: Raichu|atk|1
|-unboost|p2b: Talonflame|atk|1
|cant|p1b: Gholdengo|par
|move|p2a: Raichu|Zap Cannon|p1a: Incineroar
|-damage|p1a: Incineroar|0 fnt
|faint|p1a: Incineroar
|move|p2b: Talonflame|Overheat|p1b: Gholdengo|[miss]
|-miss|p2b: Talonflame|p1b: Gholdengo
|
|upkeep
|
|t:|1782569640
|switch|p1a: Whimsicott|Whimsicott, L50, M, shiny|100/100
|turn|5
|inactive|Devta has 30 seconds left.
|inactive|zaharba has 30 seconds left.
|inactive|Devta has 20 seconds left.
|inactive|zaharba has 20 seconds left.
|
|t:|1782569678
|move|p1a: Whimsicott|Tailwind|p1a: Whimsicott
|-sidestart|p1: Devta|move: Tailwind
|move|p2a: Raichu|Zap Cannon|p1b: Gholdengo
|-damage|p1b: Gholdengo|0 fnt
|faint|p1b: Gholdengo
|move|p2b: Talonflame|Brave Bird|p1a: Whimsicott
|-supereffective|p1a: Whimsicott|1
|-damage|p1a: Whimsicott|18/100
|-damage|p2b: Talonflame|66/100|[from] Recoil
|-damage|p2b: Talonflame|56/100|[from] item: Life Orb
|
|upkeep
|
|t:|1782569682
|switch|p1b: Charizard|Charizard, L50, M, shiny|74/100
|turn|6
|-message|Devta forfeited.
|
|win|zaharba
