|j|☆bleepbopboop
|j|☆andyvgc
|html|bleepbopboopandyvgc    
|uhtml|bestof|Game 1 of a best-of-3
|t:|1756507123
|gametype|doubles
|player|p1|bleepbopboop|ethan|1043
|player|p2|andyvgc|265|1116
|gen|9
|tier|[Gen 9] VGC 2025 Reg H (Bo3)
|rated|
|rule|Species Clause: Limit one of each Pokémon
|rule|Item Clause: Limit 1 of each item
|clearpoke
|poke|p1|Kingambit, L50, M|
|poke|p1|Garchomp, L50, F|
|poke|p1|Dragonite, L50, M|
|poke|p1|Typhlosion-Hisui, L50, M|
|poke|p1|Jumpluff, L50, M|
|poke|p1|Torkoal, L50, F|
|poke|p2|Sneasler, L50, M|
|poke|p2|Indeedee, L50, M|
|poke|p2|Ursaluna-Bloodmoon, L50, M|
|poke|p2|Electabuzz, L50, F|
|poke|p2|Incineroar, L50, F|
|poke|p2|Talonflame, L50, M|
|teampreview|4
|showteam|p1|Kingambit||AssaultVest|Defiant|IronHead,SuckerPunch,Assurance,LowKick|||M|||50|,,,,,Flying]Garchomp||LifeOrb|RoughSkin|DragonClaw,StompingTantrum,Earthquake,Protect|||F|||50|,,,,,Fire]Dragonite||LoadedDice|Multiscale|ScaleShot,ExtremeSpeed,IceSpinner,Protect|||M|||50|,,,,,Fairy]Typhlosion-Hisui||ChoiceSpecs|Blaze|Eruption,HeatWave,ShadowBall,Overheat|||M|||50|,,,,,Fire]Jumpluff||CovertCloak|Chlorophyll|LeafStorm,SleepPowder,Encore,Tailwind|||M|||50|,,,,,Poison]Torkoal||EjectPack|Drought|Overheat,BurningJealousy,HelpingHand,Protect|||F|||50|,,,,,Flying
|showteam|p2|Sneasler||PsychicSeed|Unburden|CloseCombat,DireClaw,ThroatChop,Protect|||M|||50|,,,,,Dark]Indeedee||FocusSash|PsychicSurge|ExpandingForce,TrickRoom,HelpingHand,Protect|||M|||50|,,,,,Psychic]Ursaluna-Bloodmoon||LifeOrb|MindsEye|BloodMoon,HyperVoice,EarthPower,Protect|||M|||50|,,,,,Normal]Electabuzz||Eviolite|VitalSpirit|Electroweb,FollowMe,Taunt,Protect|||F|||50|,,,,,Dragon]Incineroar||SafetyGoggles|Intimidate|FlareBlitz,KnockOff,PartingShot,FakeOut|||F|||50|,,,,,Ghost]Talonflame||CovertCloak|GaleWings|FlareBlitz,DualWingbeat,WillOWisp,Tailwind|||M|||50|,,,,,Fairy
|inactive|Battle timer is ON: inactive players will automatically lose when time's up. (requested by bleepbopboop)
|inactive|bleepbopboop has 60 seconds left.
|inactive|andyvgc has 60 seconds left.
|inactive|andyvgc has 30 seconds left.
|
|t:|1756507185
|teamsize|p1|4
|teamsize|p2|4
|start
|switch|p1a: Jumpluff|Jumpluff, L50, M, shiny|100/100
|switch|p1b: Torkoal|Torkoal, L50, F, shiny|100/100
|switch|p2a: Talonflame|Talonflame, L50, M|100/100
|switch|p2b: Indeedee|Indeedee, L50, M|100/100
|-fieldstart|move: Psychic Terrain|[from] ability: Psychic Surge|[of] p2b: Indeedee
|-weather|SunnyDay|[from] ability: Drought|[of] p1b: Torkoal
|turn|1
|inactive|bleepbopboop has 30 seconds left.
|inactive|andyvgc has 30 seconds left.
|inactive|bleepbopboop has 20 seconds left.
|inactive|bleepbopboop has 15 seconds left.
|inactive|bleepbopboop has 10 seconds left.
|
|t:|1756507230
|switch|p1a: Kingambit|Kingambit, L50, M, shiny|100/100
|move|p2a: Talonflame|Tailwind|p2a: Talonflame
|-sidestart|p2: andyvgc|move: Tailwind
|move|p2b: Indeedee|Expanding Force|p1b: Torkoal|[spread] p1b
|-immune|p1a: Kingambit
|-damage|p1b: Torkoal|28/100
|move|p1b: Torkoal|Burning Jealousy|p2b: Indeedee|[spread] p2a,p2b
|-resisted|p2a: Talonflame
|-damage|p2a: Talonflame|80/100
|-damage|p2b: Indeedee|60/100
|
|-weather|SunnyDay|[upkeep]
|upkeep
|turn|2
|inactive|bleepbopboop has 30 seconds left.
|inactive|andyvgc has 30 seconds left.
|inactive|andyvgc has 20 seconds left.
|
|t:|1756507267
|switch|p2b: Ursaluna|Ursaluna-Bloodmoon, L50, M|100/100
|move|p2a: Talonflame|Will-O-Wisp|p1a: Kingambit
|-status|p1a: Kingambit|brn
|move|p1a: Kingambit|Assurance|p2b: Ursaluna
|-damage|p2b: Ursaluna|87/100
|move|p1b: Torkoal|Burning Jealousy|p2a: Talonflame|[spread] p2a,p2b
|-resisted|p2a: Talonflame
|-damage|p2a: Talonflame|57/100
|-damage|p2b: Ursaluna|50/100
|
|-weather|SunnyDay|[upkeep]
|-damage|p1a: Kingambit|94/100 brn|[from] brn
|upkeep
|turn|3
|inactive|bleepbopboop has 30 seconds left.
|inactive|bleepbopboop has 20 seconds left.
|inactive|bleepbopboop has 15 seconds left.
|
|t:|1756507308
|move|p1a: Kingambit|Sucker Punch|p2b: Ursaluna
|-activate|p2b: Ursaluna|move: Psychic Terrain
|move|p2a: Talonflame|Flare Blitz|p1a: Kingambit
|-supereffective|p1a: Kingambit
|-damage|p1a: Kingambit|0 fnt
|faint|p1a: Kingambit
|-damage|p2a: Talonflame|18/100|[from] Recoil
|move|p2b: Ursaluna|Hyper Voice|p1b: Torkoal
|-damage|p1b: Torkoal|0 fnt
|faint|p1b: Torkoal
|-damage|p2b: Ursaluna|40/100|[from] item: Life Orb
|
|-weather|SunnyDay|[upkeep]
|upkeep
|
|t:|1756507327
|switch|p1a: Jumpluff|Jumpluff, L50, M, shiny|100/100
|switch|p1b: Typhlosion|Typhlosion-Hisui, L50, M, shiny|100/100
|turn|4
|inactive|andyvgc has 30 seconds left.
|inactive|andyvgc has 20 seconds left.
|inactive|andyvgc has 15 seconds left.
|
|t:|1756507370
|-terastallize|p1b: Typhlosion|Fire
|move|p2a: Talonflame|Flare Blitz|p1a: Jumpluff
|-supereffective|p1a: Jumpluff
|-damage|p1a: Jumpluff|0 fnt
|faint|p1a: Jumpluff
|-damage|p2a: Talonflame|0 fnt|[from] Recoil
|faint|p2a: Talonflame
|move|p2b: Ursaluna|Earth Power|p1b: Typhlosion
|-supereffective|p1b: Typhlosion
|-damage|p1b: Typhlosion|0 fnt
|faint|p1b: Typhlosion
|-damage|p2b: Ursaluna|31/100|[from] item: Life Orb
|
|win|andyvgc
|inactive|bleepbopboop has 30 seconds to confirm battle start!
|inactive|andyvgc has 30 seconds to confirm battle start!
||andyvgc is ready for game 2.
