|j|鈽哃uks1220
|j|鈽唋ockerft
|html|Luks1220lockerft    
|uhtml|bestof|Game 1 of a best-of-3
|t:|1783784125
|gametype|doubles
|player|p1|Luks1220|1|
|player|p2|lockerft|1|
|gen|9
|tier|[Gen 9 Champions] VGC 2026 Reg M-B (Bo3)
|rule|Species Clause: Limit one of each Pok茅mon
|rule|Item Clause: Limit 1 of each item
|clearpoke
|poke|p1|Falinks, L50|
|poke|p1|Sinistcha, L50|
|poke|p1|Incineroar, L50, F|
|poke|p1|Rotom-Wash, L50|
|poke|p1|Dragalge, L50, F|
|poke|p1|Glimmora, L50, F|
|poke|p2|Rotom-Wash, L50, shiny|
|poke|p2|Swampert, L50, F|
|poke|p2|Basculegion, L50, M|
|poke|p2|Eelektross, L50, M|
|poke|p2|Archaludon, L50, M|
|poke|p2|Pelipper, L50, M|
|teampreview|4
|showteam|p1|Falinks||Falinksite|Defiant|NoRetreat,CloseCombat,IronHead,Protect|Adamant|||||50|]Sinistcha||KasibBerry|Hospitality|MatchaGotcha,Protect,RagePowder,StrengthSap|Bold|||||50|]Incineroar||ChopleBerry|Intimidate|FakeOut,PartingShot,DarkestLariat,FlareBlitz|Impish||F|||50|]Rotom-Wash||SitrusBerry|Levitate|Thunderbolt,WillOWisp,HydroPump,LightScreen|Bold|||||50|]Dragalge||Dragalgite|PoisonPoint|SludgeBomb,FlipTurn,Protect,DracoMeteor|Serious||F|||50|]Glimmora||FocusSash|ToxicDebris|SpikyShield,EarthPower,PowerGem,SludgeBomb|Timid||F|||50|
|showteam|p2|Rotom-Wash||SitrusBerry|Levitate|Thunderbolt,HydroPump,Protect,WillOWisp|Timid|||||50|]Swampert||Swampertite|Torrent|Liquidation,HighHorsepower,Protect,IcePunch|Adamant||F|||50|]Basculegion||LifeOrb|SwiftSwim|Liquidation,LastRespects,AquaJet,PsychicFangs|Adamant||M|||50|]Eelektross||Eelektrossite|Levitate|Thunder,GigaDrain,DragonPulse,Protect|Timid||M|||50|]Archaludon||Leftovers|Stamina|FlashCannon,DracoMeteor,ElectroShot,DarkPulse|Modest||M|||50|]Pelipper||DampRock|Drizzle|WeatherBall,Hurricane,Tailwind,Protect|Bold||M|||50|
|l|鈽哃uks1220
|player|p1|
|c|鈽唋ockerft|Glhf
|inactive|Battle timer is ON: inactive players will automatically lose when time's up. (requested by lockerft)
|inactive|Luks1220 has 270 seconds to reconnect!
|j|鈽哃uks1220
|inactive|Luks1220 reconnected and has 90 seconds left.
|player|p1|Luks1220|1|
|
|t:|1783784266
|teamsize|p1|4
|teamsize|p2|4
|start
|switch|p1a: Ja-st Kissing!|Dragalge, L50, F|100/100
|switch|p1b: It's me Flowery|Sinistcha, L50|100/100
|switch|p2a: Pelipper|Pelipper, L50, M|100/100
|switch|p2b: Rotom|Rotom-Wash, L50, shiny|100/100
|-weather|RainDance|[from] ability: Drizzle|[of] p2a: Pelipper
|turn|1
|
|t:|1783784287
|detailschange|p1a: Ja-st Kissing!|Dragalge-Mega, L50, F
|-mega|p1a: Ja-st Kissing!|Dragalge|Dragalgite
|move|p2b: Rotom|Protect|p2b: Rotom
|-singleturn|p2b: Rotom|Protect
|move|p1b: It's me Flowery|Matcha Gotcha|p2b: Rotom|[spread] 
|-activate|p2b: Rotom|move: Protect
|-miss|p1b: It's me Flowery|p2a: Pelipper
|move|p2a: Pelipper|Tailwind|p2a: Pelipper
|-sidestart|p2: lockerft|move: Tailwind
|move|p1a: Ja-st Kissing!|Sludge Bomb|p2a: Pelipper
|-damage|p2a: Pelipper|37/100
|-status|p2a: Pelipper|psn
|
|-weather|RainDance|[upkeep]
|-damage|p2a: Pelipper|25/100 psn|[from] psn
|upkeep
|turn|2
|inactive|Luks1220 has 30 seconds left.
|
|t:|1783784313
|switch|p1b: Ja-orange!|Rotom-Wash, L50|100/100
|move|p1a: Ja-st Kissing!|Protect|p1a: Ja-st Kissing!
|-singleturn|p1a: Ja-st Kissing!|Protect
|move|p2b: Rotom|Will-O-Wisp|p1a: Ja-st Kissing!
|-activate|p1a: Ja-st Kissing!|move: Protect
|move|p2a: Pelipper|Hurricane|p1b: Ja-orange!
|-resisted|p1b: Ja-orange!|1
|-damage|p1b: Ja-orange!|81/100
|-start|p1b: Ja-orange!|confusion
|
|-weather|RainDance|[upkeep]
|-damage|p2a: Pelipper|13/100 psn|[from] psn
|upkeep
|turn|3
|inactive|Luks1220 has 30 seconds left.
|
|t:|1783784345
|switch|p2a: Archaludon|Archaludon, L50, M|100/100
|move|p2b: Rotom|Will-O-Wisp|p1a: Ja-st Kissing!|[miss]
|-miss|p2b: Rotom|p1a: Ja-st Kissing!
|-activate|p1b: Ja-orange!|confusion
|move|p1b: Ja-orange!|Thunderbolt|p2a: Archaludon
|-resisted|p2a: Archaludon|1
|-damage|p2a: Archaludon|81/100
|-ability|p2a: Archaludon|Stamina|boost
|-boost|p2a: Archaludon|def|1
|move|p1a: Ja-st Kissing!|Sludge Bomb|p2b: Rotom
|-damage|p2b: Rotom|36/100
|-enditem|p2b: Rotom|Sitrus Berry|[eat]
|-heal|p2b: Rotom|60/100|[from] item: Sitrus Berry
|
|-weather|RainDance|[upkeep]
|-heal|p2a: Archaludon|87/100|[from] item: Leftovers
|upkeep
|turn|4
|inactive|Luks1220 has 30 seconds left.
|inactive|Luks1220 has 20 seconds left.
|inactive|Luks1220 has 15 seconds left.
|inactive|Luks1220 has 10 seconds left.
|inactive|Luks1220 has 5 seconds left.
|
|t:|1783784400
|move|p2b: Rotom|Will-O-Wisp|p1a: Ja-st Kissing!
|-status|p1a: Ja-st Kissing!|brn
|move|p2a: Archaludon|Electro Shot||[still]
|-prepare|p2a: Archaludon|Electro Shot
|-boost|p2a: Archaludon|spa|1
|-anim|p2a: Archaludon|Electro Shot|p1b: Ja-orange!
|-damage|p1b: Ja-orange!|17/100
|-enditem|p1b: Ja-orange!|Sitrus Berry|[eat]
|-heal|p1b: Ja-orange!|42/100|[from] item: Sitrus Berry
|-activate|p1b: Ja-orange!|confusion
|move|p1b: Ja-orange!|Thunderbolt|p2b: Rotom
|-damage|p2b: Rotom|14/100
|move|p1a: Ja-st Kissing!|Sludge Bomb|p2a: Archaludon
|-immune|p2a: Archaludon
|
|-weather|RainDance|[upkeep]
|-heal|p2a: Archaludon|93/100|[from] item: Leftovers
|-damage|p1a: Ja-st Kissing!|93/100 brn|[from] brn
|-sideend|p2: lockerft|move: Tailwind
|upkeep
|turn|5
|inactive|Luks1220 has 30 seconds left.
|
|t:|1783784428
|move|p2b: Rotom|Thunderbolt|p1a: Ja-st Kissing!
|-resisted|p1a: Ja-st Kissing!|1
|-damage|p1a: Ja-st Kissing!|79/100 brn
|move|p2a: Archaludon|Electro Shot||[still]
|-prepare|p2a: Archaludon|Electro Shot
|-boost|p2a: Archaludon|spa|1
|-anim|p2a: Archaludon|Electro Shot|p1b: Ja-orange!
|-damage|p1b: Ja-orange!|0 fnt
|faint|p1b: Ja-orange!
|move|p1a: Ja-st Kissing!|Flip Turn|p2b: Rotom
|-resisted|p2b: Rotom|1
|-damage|p2b: Rotom|9/100
|
|t:|1783784443
|-heal|p1a: Ja-st Kissing!|100/100 brn|[from] ability: Regenerator|[silent]
|switch|p1a: It's me Flowery|Sinistcha, L50|100/100|[from] Flip Turn
|
|-weather|RainDance|[upkeep]
|-heal|p2a: Archaludon|99/100|[from] item: Leftovers
|upkeep
|
|t:|1783784451
|switch|p1b: Ja-st Kissing!|Dragalge-Mega, L50, F|100/100 brn
|turn|6
|
|t:|1783784458
|move|p2b: Rotom|Protect|p2b: Rotom
|-singleturn|p2b: Rotom|Protect
|move|p2a: Archaludon|Draco Meteor|p1b: Ja-st Kissing!
|-supereffective|p1b: Ja-st Kissing!|1
|-damage|p1b: Ja-st Kissing!|0 fnt
|-unboost|p2a: Archaludon|spa|2
|faint|p1b: Ja-st Kissing!
|move|p1a: It's me Flowery|Matcha Gotcha|p2a: Archaludon|[spread] p2a
|-activate|p2b: Rotom|move: Protect
|-resisted|p2a: Archaludon|2
|-damage|p2a: Archaludon|92/100
|-ability|p2a: Archaludon|Stamina|boost
|-boost|p2a: Archaludon|def|1
|
|-weather|RainDance|[upkeep]
|-heal|p2a: Archaludon|98/100|[from] item: Leftovers
|upkeep
|
|t:|1783784475
|switch|p1b: JARONA!|Incineroar, L50, F|100/100
|-ability|p1b: JARONA!|Intimidate|boost
|-unboost|p2a: Archaludon|atk|1
|-unboost|p2b: Rotom|atk|1
|turn|7
|
|t:|1783784486
|move|p2b: Rotom|Protect||[still]
|-fail|p2b: Rotom
|move|p1b: JARONA!|Fake Out|p2a: Archaludon
|-resisted|p2a: Archaludon|1
|-damage|p2a: Archaludon|95/100
|-ability|p2a: Archaludon|Stamina|boost
|-boost|p2a: Archaludon|def|1
|cant|p2a: Archaludon|flinch
|move|p1a: It's me Flowery|Matcha Gotcha|p2a: Archaludon|[spread] p2a,p2b
|-resisted|p2a: Archaludon|2
|-supereffective|p2b: Rotom|1
|-damage|p2a: Archaludon|88/100
|-damage|p2b: Rotom|0 fnt
|-ability|p2a: Archaludon|Stamina|boost
|-boost|p2a: Archaludon|def|1
|faint|p2b: Rotom
|
|-weather|RainDance|[upkeep]
|-heal|p2a: Archaludon|94/100|[from] item: Leftovers
|upkeep
|
|t:|1783784493
|switch|p2b: Swampert|Swampert, L50, F|100/100
|turn|8
|
|t:|1783784510
|detailschange|p2b: Swampert|Swampert-Mega, L50, F
|-mega|p2b: Swampert|Swampert|Swampertite
|move|p2b: Swampert|Ice Punch|p1a: It's me Flowery
|-supereffective|p1a: It's me Flowery|1
|-damage|p1a: It's me Flowery|57/100
|move|p2a: Archaludon|Dark Pulse|p1a: It's me Flowery
|-supereffective|p1a: It's me Flowery|1
|-damage|p1a: It's me Flowery|0 fnt
|faint|p1a: It's me Flowery
|move|p1b: JARONA!|Flare Blitz|p2a: Archaludon
|-damage|p2a: Archaludon|87/100
|-ability|p2a: Archaludon|Stamina|boost
|-boost|p2a: Archaludon|def|1
|-damage|p1b: JARONA!|97/100|[from] Recoil
|
|-weather|none
|-heal|p2a: Archaludon|93/100|[from] item: Leftovers
|upkeep
|turn|9
|
|t:|1783784531
|switch|p2a: Pelipper|Pelipper, L50, M|13/100 psn
|-weather|RainDance|[from] ability: Drizzle|[of] p2a: Pelipper
|move|p2b: Swampert|High Horsepower|p1b: JARONA!
|-supereffective|p1b: JARONA!|1
|-damage|p1b: JARONA!|0 fnt
|faint|p1b: JARONA!
|
|win|lockerft
|inactive|Luks1220 has 30 seconds to confirm battle start!
|inactive|lockerft has 30 seconds to confirm battle start!
