|j|☆Lewis94
|j|☆oporrinovgc
|html|Lewis94oporrinovgc    
|uhtml|bestof|Game 1 of a best-of-3
|t:|1756391964
|gametype|doubles
|player|p1|Lewis94|ethan-gen2|1118
|player|p2|oporrinovgc|benga|1132
|gen|9
|tier|[Gen 9] VGC 2025 Reg H (Bo3)
|rated|
|rule|Species Clause: Limit one of each Pokémon
|rule|Item Clause: Limit 1 of each item
|clearpoke
|poke|p1|Garchomp, L50, M|
|poke|p1|Whimsicott, L50, F|
|poke|p1|Dragonite, L50, F|
|poke|p1|Typhlosion-Hisui, L50, F|
|poke|p1|Torkoal, L50, F|
|poke|p1|Kingambit, L50, M|
|poke|p2|Ninetales-Alola, L50, M|
|poke|p2|Glaceon, L50, M|
|poke|p2|Dragonite, L50, M|
|poke|p2|Incineroar, L50, M|
|poke|p2|Sneasler, L50, M|
|poke|p2|Araquanid, L50, F|
|teampreview|4
|showteam|p1|Garchomp||LifeOrb|RoughSkin|DragonClaw,StompingTantrum,Earthquake,Protect|||M|||50|,,,,,Ground]Whimsicott||CovertCloak|Prankster|Tailwind,SunnyDay,Moonblast,Encore|||F|||50|,,,,,Dark]Dragonite||LoadedDice|Multiscale|ExtremeSpeed,ScaleShot,IceSpinner,Protect|||F|||50|,,,,,Normal]Typhlosion-Hisui||ChoiceSpecs|Blaze|Eruption,ShadowBall,HeatWave,Protect|||F|||50|,,,,,Fire]Torkoal||EjectPack|Drought|Overheat,Eruption,HelpingHand,Protect|||F|||50|,,,,,Flying]Kingambit||AssaultVest|Defiant|IronHead,Assurance,SuckerPunch,LowKick|||M|||50|,,,,,Flying
|showteam|p2|Ninetales-Alola||LightClay|SnowWarning|Blizzard,AuroraVeil,Protect,FreezeDry|||M|||50|,,,,,Ghost]Glaceon||AssaultVest|SnowCloak|Blizzard,TeraBlast,FreezeDry,ShadowBall|||M|||50|,,,,,Ground]Dragonite||LoadedDice|Multiscale|ScaleShot,Protect,Haze,ExtremeSpeed|||M|||50|,,,,,Fairy]Incineroar||SafetyGoggles|Intimidate|FakeOut,KnockOff,PartingShot,FlareBlitz|||M|||50|,,,,,Ghost]Sneasler||FocusSash|Unburden|CloseCombat,DireClaw,Coaching,FakeOut|||M|||50|,,,,,Stellar]Araquanid||MysticWater|WaterBubble|Liquidation,WideGuard,Protect,LeechLife|||F|||50|,,,,,Water
|inactive|Battle timer is ON: inactive players will automatically lose when time's up. (requested by Lewis94)
|inactive|oporrinovgc also wants the timer to be on.
|inactive|Lewis94 has 60 seconds left.
|inactive|oporrinovgc has 60 seconds left.
|
|t:|1756391998
|teamsize|p1|4
|teamsize|p2|4
|start
|switch|p1a: Whimsicott|Whimsicott, L50, F|100/100
|switch|p1b: Torkoal|Torkoal, L50, F|100/100
|switch|p2a: Sneasler|Sneasler, L50, M|100/100
|switch|p2b: Araquanid|Araquanid, L50, F|100/100
|-weather|SunnyDay|[from] ability: Drought|[of] p1b: Torkoal
|turn|1
|
|t:|1756392023
|-terastallize|p1a: Whimsicott|Dark
|-terastallize|p2b: Araquanid|Water
|move|p1a: Whimsicott|Tailwind|p1a: Whimsicott
|-sidestart|p1: Lewis94|move: Tailwind
|move|p2a: Sneasler|Coaching|p2b: Araquanid
|-boost|p2b: Araquanid|atk|1
|-boost|p2b: Araquanid|def|1
|move|p1b: Torkoal|Overheat|p2a: Sneasler
|-enditem|p2a: Sneasler|Focus Sash
|-damage|p2a: Sneasler|1/100
|-unboost|p1b: Torkoal|spa|2
|-enditem|p1b: Torkoal|Eject Pack
|
|t:|1756392038
|switch|p1b: Typhlosion|Typhlosion-Hisui, L50, F|100/100
|move|p2b: Araquanid|Liquidation|p1b: Typhlosion
|-supereffective|p1b: Typhlosion
|-damage|p1b: Typhlosion|0 fnt
|faint|p1b: Typhlosion
|
|-weather|SunnyDay|[upkeep]
|upkeep
|
|t:|1756392047
|switch|p1b: Torkoal|Torkoal, L50, F|100/100
|turn|2
|
|t:|1756392056
|move|p2a: Sneasler|Coaching|p2b: Araquanid
|-boost|p2b: Araquanid|atk|1
|-boost|p2b: Araquanid|def|1
|move|p1a: Whimsicott|Moonblast|p2b: Araquanid
|-damage|p2b: Araquanid|70/100
|-unboost|p2b: Araquanid|spa|1
|move|p1b: Torkoal|Eruption|p2a: Sneasler|[spread] p2a,p2b
|-resisted|p2b: Araquanid
|-damage|p2a: Sneasler|0 fnt
|-damage|p2b: Araquanid|56/100
|faint|p2a: Sneasler
|move|p2b: Araquanid|Leech Life|p1a: Whimsicott
|-supereffective|p1a: Whimsicott
|-crit|p1a: Whimsicott
|-damage|p1a: Whimsicott|0 fnt
|-heal|p2b: Araquanid|95/100|[from] drain|[of] p1a: Whimsicott
|faint|p1a: Whimsicott
|
|-weather|SunnyDay|[upkeep]
|upkeep
|
|t:|1756392072
|switch|p2a: Ninetales|Ninetales-Alola, L50, M|100/100
|switch|p1a: Kingambit|Kingambit, L50, M|100/100
|-weather|Snowscape|[from] ability: Snow Warning|[of] p2a: Ninetales
|turn|3
|inactive|Lewis94 has 30 seconds left.
|
|t:|1756392101
|move|p1b: Torkoal|Helping Hand|p1a: Kingambit
|-singleturn|p1a: Kingambit|Helping Hand|[of] p1b: Torkoal
|move|p2a: Ninetales|Aurora Veil|p2a: Ninetales
|-sidestart|p2: oporrinovgc|move: Aurora Veil
|move|p1a: Kingambit|Iron Head|p2a: Ninetales
|-supereffective|p2a: Ninetales
|-damage|p2a: Ninetales|0 fnt
|faint|p2a: Ninetales
|move|p2b: Araquanid|Liquidation|p1a: Kingambit
|-damage|p1a: Kingambit|0 fnt
|faint|p1a: Kingambit
|
|-weather|Snowscape|[upkeep]
|upkeep
|
|t:|1756392111
|switch|p2a: Glaceon|Glaceon, L50, M|100/100
|turn|4
|
|t:|1756392122
|move|p1b: Torkoal|Overheat|p2a: Glaceon|[miss]
|-miss|p1b: Torkoal|p2a: Glaceon
|move|p2a: Glaceon|Blizzard|p1b: Torkoal
|-resisted|p1b: Torkoal
|-damage|p1b: Torkoal|55/100
|move|p2b: Araquanid|Liquidation|p1b: Torkoal
|-supereffective|p1b: Torkoal
|-damage|p1b: Torkoal|0 fnt
|faint|p1b: Torkoal
|
|win|oporrinovgc
||Lewis94 is ready for game 2.
|inactive|oporrinovgc has 30 seconds to confirm battle start!
||oporrinovgc is ready for game 2.
|uhtml|next|Next: Game 2 of 3
|l|☆oporrinovgc
|player|p2|
