|j|☆ChimcharBot
|j|☆Gayangos
|html|ChimcharBotGayangos    
|uhtml|bestof|Game 3 of a best-of-3
|t:|1783283456
|gametype|doubles
|player|p1|ChimcharBot|koga|1211
|player|p2|Gayangos|1|1342
|gen|9
|tier|[Gen 9 Champions] VGC 2026 Reg M-B (Bo3)
|rated|
|rule|Species Clause: Limit one of each Pokémon
|rule|Item Clause: Limit 1 of each item
|clearpoke
|poke|p1|Floette-Eternal, L50, F|
|poke|p1|Aerodactyl, L50, M|
|poke|p1|Garchomp, L50, F|
|poke|p1|Incineroar, L50, F|
|poke|p1|Sinistcha-Masterpiece, L50|
|poke|p1|Maushold-Four, L50|
|poke|p2|Staraptor, L50, M|
|poke|p2|Garchomp, L50, M|
|poke|p2|Kingambit, L50, F|
|poke|p2|Gholdengo, L50|
|poke|p2|Pyroar, L50, M|
|poke|p2|Whimsicott, L50, F|
|teampreview|4
|showteam|p1|Floette-Eternal||Floettite|FlowerVeil|Protect,DrainingKiss,Moonblast,CalmMind|Bold||F|||50|]Aerodactyl||Aerodactylite|Unnerve|Protect,Tailwind,DualWingbeat,RockSlide|Jolly||M|||50|]Garchomp||SitrusBerry|RoughSkin|Protect,DragonClaw,StompingTantrum,RockSlide|Adamant||F|||50|]Incineroar||PasshoBerry|Intimidate|FlareBlitz,ThroatChop,PartingShot,FakeOut|Careful||F|||50|]Sinistcha-Masterpiece||KasibBerry|Hospitality|Protect,RagePowder,MatchaGotcha,LifeDew|Bold|||||50|]Maushold-Four||FocusSash|FriendGuard|Protect,FollowMe,SuperFang,Feint|Timid|||||50|
|showteam|p2|Staraptor||Staraptite|Intimidate|CloseCombat,BraveBird,Roost,Protect|Jolly||M|||50|]Garchomp||LifeOrb|RoughSkin|Earthquake,DragonClaw,RockSlide,Protect|Jolly||M|||50|]Kingambit||FocusSash|Defiant|KowtowCleave,SuckerPunch,LowKick,IronHead|Adamant||F|||50|]Gholdengo||SpellTag|GoodasGold|MakeItRain,ShadowBall,NastyPlot,Protect|Modest|||||50|]Pyroar||Pyroarite|Unnerve|HeatWave,Overheat,SolarBeam,Protect|Timid||M|||50|]Whimsicott||FairyFeather|Prankster|Moonblast,Tailwind,Charm,SunnyDay|Timid||F|||50|
|inactive|Battle timer is ON: inactive players will automatically lose when time's up. (requested by ChimcharBot)
|
|t:|1783283489
|teamsize|p1|4
|teamsize|p2|4
|start
|switch|p1a: Garchomp|Garchomp, L50, F|100/100
|switch|p1b: Incineroar|Incineroar, L50, F|100/100
|switch|p2a: Kingambit|Kingambit, L50, F|100/100
|switch|p2b: Staraptor|Staraptor, L50, M|100/100
|-ability|p2b: Staraptor|Intimidate|boost
|-unboost|p1a: Garchomp|atk|1
|-unboost|p1b: Incineroar|atk|1
|-ability|p1b: Incineroar|Intimidate|boost
|-unboost|p2a: Kingambit|atk|1
|-ability|p2a: Kingambit|Defiant|boost
|-boost|p2a: Kingambit|atk|2
|-unboost|p2b: Staraptor|atk|1
|turn|1
|inactive|ChimcharBot has 30 seconds left.
|inactive|ChimcharBot has 20 seconds left.
|inactive|ChimcharBot has 15 seconds left.
|inactive|ChimcharBot has 10 seconds left.
|
|t:|1783283537
|switch|p2a: Whimsicott|Whimsicott, L50, F|100/100
|detailschange|p2b: Staraptor|Staraptor-Mega, L50, M
|-mega|p2b: Staraptor|Staraptor|Staraptite
|move|p2b: Staraptor|Close Combat|p1b: Incineroar
|-supereffective|p1b: Incineroar|1
|-damage|p1b: Incineroar|22/100
|-boost|p2b: Staraptor|def|1
|-boost|p2b: Staraptor|spd|1
|move|p1a: Garchomp|Stomping Tantrum|p2a: Whimsicott
|-resisted|p2a: Whimsicott|1
|-damage|p2a: Whimsicott|80/100
|move|p1b: Incineroar|Flare Blitz|p2a: Whimsicott
|-supereffective|p2a: Whimsicott|1
|-damage|p2a: Whimsicott|0 fnt
|faint|p2a: Whimsicott
|-damage|p1b: Incineroar|4/100|[from] Recoil
|
|upkeep
|
|t:|1783283552
|switch|p2a: Gholdengo|Gholdengo, L50|100/100
|turn|2
|
|t:|1783283570
|move|p2b: Staraptor|Close Combat|p1a: Garchomp
|-damage|p1a: Garchomp|65/100
|-boost|p2b: Staraptor|def|1
|-boost|p2b: Staraptor|spd|1
|-damage|p2b: Staraptor|87/100|[from] ability: Rough Skin|[of] p1a: Garchomp
|move|p1a: Garchomp|Stomping Tantrum|p2a: Gholdengo
|-supereffective|p2a: Gholdengo|1
|-damage|p2a: Gholdengo|47/100
|move|p2a: Gholdengo|Make It Rain|p1a: Garchomp|[spread] p1a,p1b
|-resisted|p1b: Incineroar|1
|-damage|p1a: Garchomp|19/100
|-damage|p1b: Incineroar|0 fnt
|-unboost|p2a: Gholdengo|spa|2
|-enditem|p1a: Garchomp|Sitrus Berry|[eat]
|-heal|p1a: Garchomp|44/100|[from] item: Sitrus Berry
|faint|p1b: Incineroar
|
|upkeep
|
|t:|1783283588
|switch|p1b: Floette|Floette-Eternal, L50, F|100/100
|turn|3
|
|t:|1783283605
|detailschange|p1b: Floette|Floette-Mega, L50, F
|-mega|p1b: Floette|Floette|Floettite
|-ability|p1b: Floette|Fairy Aura
|move|p2b: Staraptor|Brave Bird|p1b: Floette
|-damage|p1b: Floette|66/100
|-damage|p2b: Staraptor|75/100|[from] Recoil
|move|p1a: Garchomp|Stomping Tantrum|p2a: Gholdengo
|-supereffective|p2a: Gholdengo|1
|-damage|p2a: Gholdengo|0 fnt
|faint|p2a: Gholdengo
|move|p1b: Floette|Moonblast|p2b: Staraptor
|-supereffective|p2b: Staraptor|1
|-damage|p2b: Staraptor|0 fnt
|faint|p2b: Staraptor
|
|upkeep
|
|t:|1783283620
|switch|p2b: Kingambit|Kingambit, L50, F|100/100
|turn|4
|inactive|ChimcharBot has 30 seconds left.
|
|t:|1783283650
|move|p1a: Garchomp|Stomping Tantrum|p2b: Kingambit
|-supereffective|p2b: Kingambit|1
|-damage|p2b: Kingambit|51/100
|move|p1b: Floette|Moonblast|p2b: Kingambit
|-damage|p2b: Kingambit|0 fnt
|faint|p2b: Kingambit
|
|win|ChimcharBot
|raw|ChimcharBot's rating: 1211 → 1245(+34 for winning)
|raw|Gayangos's rating: 1342 → 1315(-27 for losing)
|l|☆Gayangos
|player|p2|
