|j|☆jiaco5
|j|☆monkeychese
|html|jiaco5monkeychese    
|uhtml|bestof|Game 2 of a best-of-3
|t:|1783995237
|gametype|doubles
|player|p1|jiaco5|102|1240
|player|p2|monkeychese|lucas|1148
|gen|9
|tier|[Gen 9 Champions] VGC 2026 Reg M-B (Bo3)
|rated|
|rule|Species Clause: Limit one of each Pokémon
|rule|Item Clause: Limit 1 of each item
|clearpoke
|poke|p1|Blastoise, L50, F|
|poke|p1|Sinistcha, L50|
|poke|p1|Delphox, L50, M|
|poke|p1|Sneasler, L50, F|
|poke|p1|Incineroar, L50, M|
|poke|p1|Kingambit, L50, F|
|poke|p2|Delphox, L50, F|
|poke|p2|Sneasler, L50, F|
|poke|p2|Hydreigon, L50, M|
|poke|p2|Mamoswine, L50, F|
|poke|p2|Lycanroc-Dusk, L50, M|
|poke|p2|Incineroar, L50, M, shiny|
|teampreview|4
|showteam|p1|Blastoise||Blastoisinite|RainDish|WaterSpout,DarkPulse,ShellSmash,Protect|Modest||F|||50|]Sinistcha||OccaBerry|Hospitality|MatchaGotcha,TrickRoom,RagePowder,Protect|Relaxed|||||50|]Delphox||Delphoxite|Blaze|HeatWave,Psyshock,NastyPlot,Protect|Timid||M|||50|]Sneasler||FocusSash|PoisonTouch|CloseCombat,DireClaw,FakeOut,QuickGuard|Jolly||F|||50|]Incineroar||SitrusBerry|Intimidate|FlareBlitz,FakeOut,ThroatChop,PartingShot|Impish||M|||50|]Kingambit||BlackGlasses|Defiant|KowtowCleave,SuckerPunch,SwordsDance,Protect|Adamant||F|||50|
|showteam|p2|Delphox||Delphoxite|Blaze|HeatWave,Psychic,Substitute,Protect|Timid||F|||50|]Sneasler||WhiteHerb|Unburden|DireClaw,CloseCombat,FakeOut,Protect|Jolly||F|||50|]Hydreigon||ChoiceScarf|Levitate|DracoMeteor,DarkPulse,Snarl,EarthPower|Modest||M|||50|]Mamoswine||LifeOrb|Oblivious|IceShard,IcicleCrash,Earthquake,Protect|Jolly||F|||50|]Lycanroc-Dusk||FocusSash|ToughClaws|RockSlide,CloseCombat,Accelerock,Protect|Jolly||M|||50|]Incineroar||PasshoBerry|Intimidate|FakeOut,DarkestLariat,PartingShot,HelpingHand|Impish||M|||50|
|
|t:|1783995259
|teamsize|p1|4
|teamsize|p2|4
|start
|switch|p1a: Sinistcha|Sinistcha, L50|100/100
|switch|p1b: Sneasler|Sneasler, L50, F|100/100
|switch|p2a: headbending|Hydreigon, L50, M|100/100
|switch|p2b: Incineroar|Incineroar, L50, M, shiny|100/100
|-ability|p2b: Incineroar|Intimidate|boost
|-unboost|p1a: Sinistcha|atk|1
|-unboost|p1b: Sneasler|atk|1
|turn|1
|
|t:|1783995275
|move|p2b: Incineroar|Helping Hand|p2a: headbending
|-singleturn|p2a: headbending|Helping Hand|[of] p2b: Incineroar
|move|p1b: Sneasler|Fake Out|p2a: headbending
|-damage|p2a: headbending|90/100
|-status|p2a: headbending|psn|[from] ability: Poison Touch|[of] p1b: Sneasler
|cant|p2a: headbending|flinch
|move|p1a: Sinistcha|Trick Room|p1a: Sinistcha
|-fieldstart|move: Trick Room|[of] p1a: Sinistcha
|
|-damage|p2a: headbending|78/100 psn|[from] psn
|upkeep
|turn|2
|
|t:|1783995290
|switch|p1a: Incineroar|Incineroar, L50, M|100/100
|-ability|p1a: Incineroar|Intimidate|boost
|-unboost|p2a: headbending|atk|1
|-unboost|p2b: Incineroar|atk|1
|switch|p2a: Sneasler|Sneasler, L50, F|100/100
|move|p2b: Incineroar|Darkest Lariat|p1a: Incineroar
|-resisted|p1a: Incineroar|1
|-damage|p1a: Incineroar|91/100
|move|p1b: Sneasler|Close Combat|p2a: Sneasler
|-resisted|p2a: Sneasler|1
|-damage|p2a: Sneasler|65/100
|-unboost|p1b: Sneasler|def|1
|-unboost|p1b: Sneasler|spd|1
|
|upkeep
|turn|3
|
|t:|1783995332
|switch|p1b: Sinistcha|Sinistcha, L50|100/100
|-heal|p1a: Incineroar|100/100|[from] ability: Hospitality|[of] p1b: Sinistcha
|move|p2a: Sneasler|Protect|p2a: Sneasler
|-singleturn|p2a: Sneasler|Protect
|move|p2b: Incineroar|Parting Shot|p1b: Sinistcha
|-unboost|p1b: Sinistcha|atk|1
|-unboost|p1b: Sinistcha|spa|1
|
|t:|1783995362
|switch|p2b: headbending|Hydreigon, L50, M|78/100 psn|[from] Parting Shot
|move|p1a: Incineroar|Parting Shot|p2b: headbending
|-unboost|p2b: headbending|atk|1
|-unboost|p2b: headbending|spa|1
|-message|monkeychese forfeited.
|
|win|jiaco5
|raw|jiaco5's rating: 1240 → 1259(+19 for winning)
|raw|monkeychese's rating: 1148 → 1129(-19 for losing)
|l|☆monkeychese
|player|p2|
