|j|☆yopif
|j|☆That1Morpecko
|html|yopifThat1Morpecko    
|uhtml|bestof|Game 2 of a best-of-3
|t:|1782653542
|gametype|doubles
|player|p1|yopif|170|1093
|player|p2|That1Morpecko|hiker-gen4|1086
|gen|9
|tier|[Gen 9 Champions] VGC 2026 Reg M-B (Bo3)
|rated|
|rule|Species Clause: Limit one of each Pokémon
|rule|Item Clause: Limit 1 of each item
|clearpoke
|poke|p1|Farigiraf, L50, F|
|poke|p1|Incineroar, L50, M|
|poke|p1|Glimmora, L50, M|
|poke|p1|Weavile, L50, M|
|poke|p1|Mawile, L50, F|
|poke|p1|Appletun, L50, M|
|poke|p2|Aerodactyl, L50, M|
|poke|p2|Garchomp, L50, F|
|poke|p2|Kingambit, L50, M|
|poke|p2|Charizard, L50, F|
|poke|p2|Sylveon, L50, F|
|poke|p2|Farigiraf, L50, F|
|teampreview|4
|showteam|p1|Farigiraf||ColburBerry|ArmorTail|TrickRoom,RainDance,HyperVoice,HelpingHand|Quiet||F|||50|]Incineroar||ChopleBerry|Intimidate|DarkestLariat,PartingShot,FakeOut,FlareBlitz|Adamant||M|||50|]Glimmora||Glimmoranite|ToxicDebris|SludgeBomb,Protect,PowerGem,EarthPower|Modest||M|||50|]Weavile||FocusSash|Pressure|FakeOut,FakeTears,Protect,KnockOff|Jolly||M|||50|]Mawile||Mawilite|HyperCutter|PlayRough,IronHead,IcePunch,Protect|Brave||F|||50|]Appletun||LifeOrb|Ripen|AppleAcid,DragonPulse,GigaDrain,Protect|Quiet||M|||50|
|showteam|p2|Aerodactyl||Aerodactylite|Unnerve|IceFang,RockSlide,Tailwind,DualWingbeat|Jolly||M|||50|]Garchomp||LifeOrb|RoughSkin|DragonClaw,RockSlide,Earthquake,Protect|Jolly||F|||50|]Kingambit||FocusSash|Defiant|SuckerPunch,KowtowCleave,IronHead,LowKick|Adamant||M|||50|]Charizard||CharizarditeY|Blaze|Protect,WeatherBall,HeatWave,SolarBeam|Modest||F|||50|]Sylveon||FairyFeather|Pixilate|Protect,HyperVoice,HyperBeam,QuickAttack|Modest||F|||50|]Farigiraf||SitrusBerry|ArmorTail|TrickRoom,Thunderbolt,Roar,TwinBeam|Bold||F|||50|
|inactive|Battle timer is ON: inactive players will automatically lose when time's up. (requested by That1Morpecko)
|
|t:|1782653554
|teamsize|p1|4
|teamsize|p2|4
|start
|switch|p1a: Glimmora|Glimmora, L50, M|100/100
|switch|p1b: Weavile|Weavile, L50, M|100/100
|switch|p2a: Charizard|Charizard, L50, F|100/100
|switch|p2b: Kingambit|Kingambit, L50, M|100/100
|-ability|p1b: Weavile|Pressure
|turn|1
|
|t:|1782653575
|switch|p2a: Garchomp|Garchomp, L50, F|100/100
|detailschange|p1a: Glimmora|Glimmora-Mega, L50, M
|-mega|p1a: Glimmora|Glimmora|Glimmoranite
|move|p1b: Weavile|Fake Out|p2b: Kingambit
|-resisted|p2b: Kingambit|1
|-damage|p2b: Kingambit|94/100
|move|p1a: Glimmora|Earth Power|p2b: Kingambit
|-supereffective|p2b: Kingambit|1
|-damage|p2b: Kingambit|9/100
|cant|p2b: Kingambit|flinch
|
|upkeep
|turn|2
|inactive|yopif has 30 seconds left.
|
|t:|1782653606
|move|p2b: Kingambit|Sucker Punch|p1a: Glimmora
|-damage|p1a: Glimmora|54/100
|move|p1b: Weavile|Fake Tears|p2a: Garchomp
|-unboost|p2a: Garchomp|spd|2
|move|p2a: Garchomp|Earthquake|p1a: Glimmora|[spread] p2b,p1a,p1b
|-supereffective|p2b: Kingambit|1
|-supereffective|p1a: Glimmora|2
|-damage|p2b: Kingambit|0 fnt
|-damage|p1a: Glimmora|0 fnt
|-damage|p1b: Weavile|19/100
|faint|p2b: Kingambit
|faint|p1a: Glimmora
|-damage|p2a: Garchomp|90/100|[from] item: Life Orb
|
|upkeep
|
|t:|1782653622
|switch|p1a: Farigiraf|Farigiraf, L50, F|100/100
|switch|p2b: Charizard|Charizard, L50, F|100/100
|turn|3
|
|t:|1782653630
|detailschange|p2b: Charizard|Charizard-Mega-Y, L50, F
|-mega|p2b: Charizard|Charizard|Charizardite Y
|-weather|SunnyDay|[from] ability: Drought|[of] p2b: Charizard
|move|p1b: Weavile|Fake Tears|p2b: Charizard
|-unboost|p2b: Charizard|spd|2
|move|p2a: Garchomp|Earthquake|p1a: Farigiraf|[spread] p1a,p1b
|-immune|p2b: Charizard
|-crit|p1b: Weavile
|-damage|p1a: Farigiraf|58/100
|-damage|p1b: Weavile|0 fnt
|faint|p1b: Weavile
|-damage|p2a: Garchomp|80/100|[from] item: Life Orb
|move|p2b: Charizard|Heat Wave|p1a: Farigiraf
|-damage|p1a: Farigiraf|0 fnt
|faint|p1a: Farigiraf
|
|-weather|SunnyDay|[upkeep]
|upkeep
|
|t:|1782653640
|switch|p1a: Appletun|Appletun, L50, M|100/100
|turn|4
|-message|yopif forfeited.
|raw|yopif's rating: 1093 → 1069(-24 for losing)
|raw|That1Morpecko's rating: 1086 → 1114(+28 for winning)
|
|win|That1Morpecko
|l|☆yopif
|player|p1|
