|j|☆higidybigidy
|j|☆iceshard00
|html|higidybigidyiceshard00    
|uhtml|bestof|Game 1 of a best-of-3
|t:|1783629575
|gametype|doubles
|player|p1|higidybigidy|chuck|1032
|player|p2|iceshard00|lucas|1071
|gen|9
|tier|[Gen 9 Champions] VGC 2026 Reg M-B (Bo3)
|rated|
|rule|Species Clause: Limit one of each Pokémon
|rule|Item Clause: Limit 1 of each item
|clearpoke
|poke|p1|Floette-Eternal, L50, F, shiny|
|poke|p1|Raichu, L50, M|
|poke|p1|Gholdengo, L50|
|poke|p1|Whimsicott, L50, F, shiny|
|poke|p1|Garchomp, L50, F|
|poke|p1|Basculegion, L50, M, shiny|
|poke|p2|Whimsicott, L50, F|
|poke|p2|Chesnaught, L50, M, shiny|
|poke|p2|Pelipper, L50, F|
|poke|p2|Mawile, L50, M|
|poke|p2|Glimmora, L50, M|
|poke|p2|Incineroar, L50, F|
|teampreview|4
|showteam|p1|Floette-Eternal||Floettite|FlowerVeil|LightofRuin,Protect,DazzlingGleam,Moonblast|Modest||F|||50|]Raichu||RaichuniteY|LightningRod|FakeOut,Protect,FocusBlast,ZapCannon|Modest||M|||50|]Gholdengo||LifeOrb|GoodasGold|NastyPlot,MakeItRain,Protect,ShadowBall|Modest|||||50|]Whimsicott||FocusSash|Prankster|Moonblast,Tailwind,Encore,Protect|Timid||F|||50|]Garchomp||SitrusBerry|RoughSkin|RockSlide,StompingTantrum,Protect,DragonClaw|Adamant||F|||50|]Basculegion||MysticWater|Adaptability|Protect,WaveCrash,LastRespects,AquaJet|Adamant||M|||50|
|showteam|p2|Whimsicott||FocusSash|Prankster|Moonblast,TrickRoom,GrassyTerrain,Encore|Bold||F|||50|]Chesnaught||Chesnaughtite|Bulletproof|GrassyGlide,DrainPunch,BellyDrum,SpikyShield|Sassy||M|||50|]Pelipper||LifeOrb|Drizzle|Hurricane,WeatherBall,Tailwind,WideGuard|Quiet||F|||50|]Mawile||Mawilite|HyperCutter|PlayRough,SuckerPunch,SwordsDance,Protect|Brave||M|||50|]Glimmora||ExpertBelt|ToxicDebris|PowerGem,EarthPower,SludgeBomb,SpikyShield|Modest||M|||50|]Incineroar||SitrusBerry|Intimidate|FakeOut,PartingShot,DarkestLariat,WillOWisp|Brave||F|||50|
|inactive|Battle timer is ON: inactive players will automatically lose when time's up. (requested by higidybigidy)
|j| StrisciaLaNotizia
|l| StrisciaLaNotizia
|inactive|higidybigidy has 60 seconds left.
|inactive|iceshard00 has 60 seconds left.
|
|t:|1783629622
|teamsize|p1|4
|teamsize|p2|4
|start
|switch|p1a: Y am I here?|Raichu, L50, M|100/100
|switch|p1b: Twink flower|Floette-Eternal, L50, F, shiny|100/100
|switch|p2a: Incineroar|Incineroar, L50, F|100/100
|switch|p2b: Glimmora|Glimmora, L50, M|100/100
|-ability|p2a: Incineroar|Intimidate|boost
|-unboost|p1a: Y am I here?|atk|1
|-unboost|p1b: Twink flower|atk|1
|turn|1
|inactive|higidybigidy has 30 seconds left.
|inactive|iceshard00 has 30 seconds left.
|
|t:|1783629653
|move|p1a: Y am I here?|Protect|p1a: Y am I here?
|-singleturn|p1a: Y am I here?|Protect
|move|p1b: Twink flower|Protect|p1b: Twink flower
|-singleturn|p1b: Twink flower|Protect
|move|p2a: Incineroar|Fake Out|p1b: Twink flower
|-activate|p1b: Twink flower|move: Protect
|move|p2b: Glimmora|Earth Power|p1a: Y am I here?
|-activate|p1a: Y am I here?|move: Protect
|
|upkeep
|turn|2
|inactive|higidybigidy has 30 seconds left.
|inactive|iceshard00 has 30 seconds left.
|inactive|higidybigidy has 20 seconds left.
|inactive|higidybigidy has 15 seconds left.
|inactive|higidybigidy has 10 seconds left.
|inactive|higidybigidy has 5 seconds left.
|
|t:|1783629713
|detailschange|p1a: Y am I here?|Raichu-Mega-Y, L50, M
|-mega|p1a: Y am I here?|Raichu|Raichunite Y
|move|p1a: Y am I here?|Zap Cannon|p2a: Incineroar
|-damage|p2a: Incineroar|35/100
|-status|p2a: Incineroar|par
|-enditem|p2a: Incineroar|Sitrus Berry|[eat]
|-heal|p2a: Incineroar|60/100 par|[from] item: Sitrus Berry
|move|p1b: Twink flower|Dazzling Gleam|p2a: Incineroar|[spread] p2a,p2b
|-resisted|p2b: Glimmora|1
|-damage|p2a: Incineroar|30/100 par
|-damage|p2b: Glimmora|82/100
|move|p2b: Glimmora|Earth Power|p1a: Y am I here?
|-supereffective|p1a: Y am I here?|1
|-damage|p1a: Y am I here?|0 fnt
|faint|p1a: Y am I here?
|cant|p2a: Incineroar|par
|
|upkeep
|-message|higidybigidy forfeited.
|raw|higidybigidy's rating: 1032 → 1019(-13 for losing)
|raw|iceshard00's rating: 1071 → 1097(+26 for winning)
|
|win|iceshard00
|l|☆higidybigidy
|player|p1|
