|j|☆Rotomotopoto
|j|☆namboyVGC
|html|RotomotopotonamboyVGC    
|uhtml|bestof|Game 1 of a best-of-3
|t:|1756151685
|gametype|doubles
|player|p1|Rotomotopoto|cynthia|1305
|player|p2|namboyVGC|pokemonranger-gen4|1291
|gen|9
|tier|[Gen 9] VGC 2025 Reg H (Bo3)
|rated|
|rule|Species Clause: Limit one of each Pokémon
|rule|Item Clause: Limit 1 of each item
|clearpoke
|poke|p1|Archaludon, L50, M|
|poke|p1|Pelipper, L50, F|
|poke|p1|Basculegion, L50, M|
|poke|p1|Maushold-Four, L50|
|poke|p1|Annihilape, L50, F|
|poke|p1|Sinistcha-Masterpiece, L50|
|poke|p2|Sneasler, L50, F|
|poke|p2|Indeedee, L50, M|
|poke|p2|Annihilape, L50, M|
|poke|p2|Tyranitar, L50, M|
|poke|p2|Excadrill, L50, F|
|poke|p2|Hydreigon, L50, M|
|teampreview|4
|showteam|p1|Archaludon||AssaultVest|Stamina|ElectroShot,DragonPulse,FlashCannon,BodyPress|||M|||50|,,,,,Grass]Pelipper||FocusSash|Drizzle|WeatherBall,Hurricane,Tailwind,WideGuard|||F|||50|,,,,,Ghost]Basculegion||LifeOrb|SwiftSwim|WaveCrash,FlipTurn,LastRespects,AquaJet|||M|||50|,,,,,Water]Maushold-Four||SafetyGoggles|FriendGuard|SuperFang,BeatUp,Taunt,FollowMe||||||50|,,,,,Ghost]Annihilape||Leftovers|Defiant|RageFist,DrainPunch,BulkUp,Protect|||F|||50|,,,,,Fire]Sinistcha-Masterpiece||SitrusBerry|Hospitality|MatchaGotcha,RagePowder,LifeDew,TrickRoom||||||50|,,,,,Fairy
|showteam|p2|Sneasler||PsychicSeed|Unburden|CloseCombat,DireClaw,ThroatChop,Protect|||F|||50|,,,,,Dark]Indeedee||ChoiceScarf|PsychicSurge|ExpandingForce,TeraBlast,Trick,DazzlingGleam|||M|||50|,,,,,Fire]Annihilape||SafetyGoggles|Defiant|CloseCombat,RageFist,Taunt,FinalGambit|||M|||50|,,,,,Psychic]Tyranitar||AssaultVest|SandStream|RockSlide,KnockOff,TeraBlast,LowKick|||M|||50|,,,,,Flying]Excadrill||FocusSash|SandRush|HighHorsepower,Earthquake,IronHead,Protect|||F|||50|,,,,,Stellar]Hydreigon||CovertCloak|Levitate|Snarl,DracoMeteor,Tailwind,Roar|||M|||50|,,,,,Poison
|inactive|Battle timer is ON: inactive players will automatically lose when time's up. (requested by namboyVGC)
|
|t:|1756151695
|teamsize|p1|4
|teamsize|p2|4
|start
|switch|p1a: Pelipper|Pelipper, L50, F, shiny|100/100
|switch|p1b: Basculegion|Basculegion, L50, M, shiny|100/100
|switch|p2a: Hydreigon|Hydreigon, L50, M|100/100
|switch|p2b: Sneasler|Sneasler, L50, F|100/100
|-weather|RainDance|[from] ability: Drizzle|[of] p1a: Pelipper
|turn|1
|inactive|Rotomotopoto has 30 seconds left.
|
|t:|1756151723
|switch|p2a: Indeedee|Indeedee, L50, M|100/100
|-fieldstart|move: Psychic Terrain|[from] ability: Psychic Surge|[of] p2a: Indeedee
|-enditem|p2b: Sneasler|Psychic Seed
|-boost|p2b: Sneasler|spd|1|[from] item: Psychic Seed
|switch|p1a: Maushold|Maushold-Four, L50|100/100
|-terastallize|p1b: Basculegion|Water
|-terastallize|p2b: Sneasler|Dark
|move|p2b: Sneasler|Throat Chop|p1b: Basculegion
|-damage|p1b: Basculegion|54/100
|-start|p1b: Basculegion|Throat Chop|[silent]
|move|p1b: Basculegion|Flip Turn|p2b: Sneasler
|-damage|p2b: Sneasler|0 fnt
|faint|p2b: Sneasler
|-damage|p1b: Basculegion|44/100|[from] item: Life Orb
|
|t:|1756151739
|switch|p1b: Archaludon|Archaludon, L50, M, shiny|100/100|[from] Flip Turn
|
|-weather|RainDance|[upkeep]
|upkeep
|
|t:|1756151750
|switch|p2b: Hydreigon|Hydreigon, L50, M|100/100
|turn|2
|
|t:|1756151763
|move|p2a: Indeedee|Expanding Force|p1b: Archaludon|[spread] p1a,p1b
|-resisted|p1b: Archaludon
|-damage|p1a: Maushold|33/100
|-damage|p1b: Archaludon|85/100
|-ability|p1b: Archaludon|Stamina|boost
|-boost|p1b: Archaludon|def|1
|move|p1a: Maushold|Beat Up|p1b: Archaludon
|-damage|p1b: Archaludon|84/100
|-ability|p1b: Archaludon|Stamina|boost
|-boost|p1b: Archaludon|def|1
|-damage|p1b: Archaludon|83/100
|-ability|p1b: Archaludon|Stamina|boost
|-boost|p1b: Archaludon|def|1
|-damage|p1b: Archaludon|82/100
|-ability|p1b: Archaludon|Stamina|boost
|-boost|p1b: Archaludon|def|1
|-damage|p1b: Archaludon|82/100
|-ability|p1b: Archaludon|Stamina|boost
|-boost|p1b: Archaludon|def|1
|-hitcount|p1b: Archaludon|4
|move|p2b: Hydreigon|Snarl|p1a: Maushold|[spread] p1a,p1b
|-damage|p1a: Maushold|12/100
|-damage|p1b: Archaludon|73/100
|-unboost|p1a: Maushold|spa|1
|-unboost|p1b: Archaludon|spa|1
|-ability|p1b: Archaludon|Stamina|boost
|-boost|p1b: Archaludon|def|1
|move|p1b: Archaludon|Body Press|p2b: Hydreigon
|-supereffective|p2b: Hydreigon
|-damage|p2b: Hydreigon|0 fnt
|faint|p2b: Hydreigon
|
|-weather|RainDance|[upkeep]
|upkeep
|inactive|namboyVGC has 30 seconds left.
|
|t:|1756151791
|switch|p2b: Tyranitar|Tyranitar, L50, M|100/100
|-weather|Sandstorm|[from] ability: Sand Stream|[of] p2b: Tyranitar
|turn|3
|
|t:|1756151804
|switch|p1a: Pelipper|Pelipper, L50, F, shiny|100/100
|-weather|RainDance|[from] ability: Drizzle|[of] p1a: Pelipper
|move|p2a: Indeedee|Expanding Force|p1b: Archaludon|[spread] p1a,p1b
|-resisted|p1b: Archaludon
|-enditem|p1a: Pelipper|Focus Sash
|-damage|p1a: Pelipper|1/100
|-damage|p1b: Archaludon|53/100
|move|p1b: Archaludon|Body Press|p2b: Tyranitar
|-supereffective|p2b: Tyranitar
|-damage|p2b: Tyranitar|0 fnt
|faint|p2b: Tyranitar
|
|-weather|RainDance|[upkeep]
|upkeep
|turn|4
|-message|namboyVGC forfeited.
|
|win|Rotomotopoto
|l|☆namboyVGC
|player|p2|
||namboyVGC is ready for game 2.
||Rotomotopoto is ready for game 2.
|uhtml|next|Next: Game 2 of 3
|j|☆namboyVGC
|player|p2|namboyVGC|pokemonranger-gen4|
