|j|☆ZeGaboVGC
|j|☆Dust and fidget
|html|ZeGaboVGCDust and fidget    
|uhtml|bestof|Game 2 of a best-of-3
|t:|1757087975
|gametype|doubles
|player|p1|ZeGaboVGC|benga|1197
|player|p2|Dust and fidget|akari|1406
|gen|9
|tier|[Gen 9] VGC 2025 Reg H (Bo3)
|rated|
|rule|Species Clause: Limit one of each Pokémon
|rule|Item Clause: Limit 1 of each item
|clearpoke
|poke|p1|Incineroar, L50, F|
|poke|p1|Amoonguss, L50, M|
|poke|p1|Ursaluna-Bloodmoon, L50, M|
|poke|p1|Sneasler, L50, F|
|poke|p1|Gholdengo, L50|
|poke|p1|Dragonite, L50, F|
|poke|p2|Rillaboom, L50, M|
|poke|p2|Sneasler, L50, F|
|poke|p2|Basculegion, L50, M|
|poke|p2|Farigiraf, L50, F|
|poke|p2|Magmar, L50, M|
|poke|p2|Archaludon, L50, M|
|teampreview|4
|showteam|p1|Incineroar||SafetyGoggles|Intimidate|FlareBlitz,KnockOff,PartingShot,FakeOut|||F|||50|,,,,,Ghost]Amoonguss||SitrusBerry|Regenerator|Spore,RagePowder,PollenPuff,Protect|||M|||50|,,,,,Dark]Ursaluna-Bloodmoon||AssaultVest|MindsEye|HyperVoice,BloodMoon,EarthPower,VacuumWave|||M|||50|,,,,,Water]Sneasler||FocusSash|Unburden|CloseCombat,DireClaw,ThroatChop,Protect|||F|||50|,,,,,Stellar]Gholdengo||LifeOrb|GoodasGold|MakeItRain,ShadowBall,NastyPlot,Protect||||||50|,,,,,Water]Dragonite||LoadedDice|Multiscale|ScaleShot,Tailwind,Haze,Protect|||F|||50|,,,,,Fairy
|showteam|p2|Rillaboom||AssaultVest|GrassySurge|WoodHammer,GrassyGlide,FakeOut,HighHorsepower|||M|||50|,,,,,Fire]Sneasler||FocusSash|Unburden|DireClaw,CloseCombat,ThroatChop,Protect|||F|||50|,,,,,Stellar]Basculegion||ChoiceScarf|Adaptability|WaveCrash,LastRespects,AquaJet,FlipTurn|||M|||50|,,,,,Grass]Farigiraf||ThroatSpray|ArmorTail|HyperVoice,TwinBeam,TrickRoom,Protect|||F|||50|,,,,,Fairy]Magmar||Eviolite|VitalSpirit|Flamethrower,Taunt,FollowMe,Protect|||M|||50|,,,,,Grass]Archaludon||PowerHerb|Sturdy|ElectroShot,DragonPulse,Thunderbolt,Protect|||M|||50|,,,,,Electric
|inactive|Battle timer is ON: inactive players will automatically lose when time's up. (requested by Dust and fidget)
|inactive|ZeGaboVGC also wants the timer to be on.
|
|t:|1757087991
|teamsize|p1|4
|teamsize|p2|4
|start
|switch|p1a: Sneasler|Sneasler, L50, F|100/100
|switch|p1b: Dragonite|Dragonite, L50, F|100/100
|switch|p2a: Gooseberry|Basculegion, L50, M, shiny|100/100
|switch|p2b: Archaludon|Archaludon, L50, M|100/100
|turn|1
|
|t:|1757088000
|-terastallize|p2b: Archaludon|Electric
|move|p2a: Gooseberry|Wave Crash|p1b: Dragonite
|-resisted|p1b: Dragonite
|-damage|p1b: Dragonite|79/100
|-damage|p2a: Gooseberry|95/100|[from] Recoil
|move|p1a: Sneasler|Close Combat|p2b: Archaludon
|-damage|p2b: Archaludon|46/100
|-unboost|p1a: Sneasler|def|1
|-unboost|p1a: Sneasler|spd|1
|move|p2b: Archaludon|Electro Shot||[still]
|-prepare|p2b: Archaludon|Electro Shot
|-boost|p2b: Archaludon|spa|1
|-enditem|p2b: Archaludon|Power Herb
|-anim|p2b: Archaludon|Electro Shot|p1b: Dragonite
|-damage|p1b: Dragonite|0 fnt
|faint|p1b: Dragonite
|
|upkeep
|
|t:|1757088006
|switch|p1b: Ursaluna|Ursaluna-Bloodmoon, L50, M|100/100
|turn|2
|inactive|Dust and fidget has 30 seconds left.
|
|t:|1757088041
|-terastallize|p1b: Ursaluna|Water
|move|p2b: Archaludon|Protect|p2b: Archaludon
|-singleturn|p2b: Archaludon|Protect
|move|p2a: Gooseberry|Wave Crash|p1b: Ursaluna
|-resisted|p1b: Ursaluna
|-damage|p1b: Ursaluna|74/100
|-damage|p2a: Gooseberry|86/100|[from] Recoil
|move|p1a: Sneasler|Throat Chop|p2a: Gooseberry
|-supereffective|p2a: Gooseberry
|-damage|p2a: Gooseberry|16/100
|-start|p2a: Gooseberry|Throat Chop|[silent]
|move|p1b: Ursaluna|Earth Power|p2b: Archaludon
|-activate|p2b: Archaludon|move: Protect
|
|upkeep
|turn|3
|
|t:|1757088061
|move|p2a: Gooseberry|Wave Crash|p1a: Sneasler
|-enditem|p1a: Sneasler|Focus Sash
|-damage|p1a: Sneasler|1/100
|-damage|p2a: Gooseberry|0 fnt|[from] Recoil
|faint|p2a: Gooseberry
|move|p1a: Sneasler|Throat Chop|p2b: Archaludon
|-damage|p2b: Archaludon|22/100
|-start|p2b: Archaludon|Throat Chop|[silent]
|move|p2b: Archaludon|Thunderbolt|p1b: Ursaluna
|-supereffective|p1b: Ursaluna
|-damage|p1b: Ursaluna|0 fnt
|faint|p1b: Ursaluna
|
|upkeep
|
|t:|1757088072
|switch|p2a: Safety car|Farigiraf, L50, F, shiny|100/100
|switch|p1b: Incineroar|Incineroar, L50, F|100/100
|-ability|p1b: Incineroar|Intimidate|boost
|-unboost|p2a: Safety car|atk|1
|-unboost|p2b: Archaludon|atk|1
|turn|4
|
|t:|1757088080
|move|p1a: Sneasler|Protect|p1a: Sneasler
|-singleturn|p1a: Sneasler|Protect
|move|p2b: Archaludon|Thunderbolt|p1b: Incineroar
|-damage|p1b: Incineroar|47/100
|-status|p1b: Incineroar|par
|move|p2a: Safety car|Hyper Voice|p1b: Incineroar|[spread] p1b
|-activate|p1a: Sneasler|move: Protect
|-crit|p1b: Incineroar
|-damage|p1b: Incineroar|2/100 par
|-enditem|p2a: Safety car|Throat Spray
|-boost|p2a: Safety car|spa|1|[from] item: Throat Spray
|move|p1b: Incineroar|Flare Blitz|p2b: Archaludon
|-damage|p2b: Archaludon|0 fnt
|faint|p2b: Archaludon
|-damage|p1b: Incineroar|0 fnt|[from] Recoil
|faint|p1b: Incineroar
|
|upkeep
|-message|ZeGaboVGC forfeited.
|
|win|Dust and fidget
|raw|ZeGaboVGC's rating: 1197 → 1185(-12 for losing)
|raw|Dust and fidget's rating: 1406 → 1415(+9 for winning)
|l|☆ZeGaboVGC
|player|p1|
|j|☆ZeGaboVGC
|player|p1|ZeGaboVGC|benga|
