|j|☆cuajerones
|j|☆rojo53
|html|cuajeronesrojo53    
|uhtml|bestof|Game 2 of a best-of-3
|t:|1783246710
|gametype|doubles
|player|p1|cuajerones|youngn|
|player|p2|rojo53|adaman|
|gen|9
|tier|[Gen 9 Champions] VGC 2026 Reg M-B (Bo3)
|rule|Species Clause: Limit one of each Pokémon
|rule|Item Clause: Limit 1 of each item
|clearpoke
|poke|p1|Milotic, L50, F|
|poke|p1|Ceruledge, L50, M|
|poke|p1|Ninetales-Alola, L50, F, shiny|
|poke|p1|Raichu, L50, F|
|poke|p1|Incineroar, L50, F|
|poke|p1|Sneasler, L50, M|
|poke|p2|Tyranitar, L50, M|
|poke|p2|Excadrill, L50, F|
|poke|p2|Gyarados, L50, M|
|poke|p2|Mimikyu, L50, M|
|poke|p2|Typhlosion-Hisui, L50, F|
|poke|p2|Kingambit, L50, M|
|teampreview|4
|showteam|p1|Milotic||Leftovers|Competitive|Recover,Coil,Hypnosis,MuddyWater|Calm||F|||50|]Ceruledge||ColburBerry|FlashFire|Protect,BulkUp,BitterBlade,ShadowSneak|Adamant||M|||50|]Ninetales-Alola||NeverMeltIce|SnowWarning|Protect,Encore,Blizzard,FreezeDry|Timid||F|||50|]Raichu||RaichuniteY|LightningRod|FakeOut,FocusBlast,ZapCannon,Protect|Timid||F|||50|]Incineroar||SitrusBerry|Intimidate|FlareBlitz,FakeOut,PartingShot,ThroatChop|Impish||F|||50|]Sneasler||FocusSash|PoisonTouch|CloseCombat,DireClaw,FakeOut,Protect|Jolly||M|||50|
|showteam|p2|Tyranitar||Tyranitarite|SandStream|RockSlide,KnockOff,DragonDance,Protect|Adamant||M|||50|]Excadrill||FocusSash|SandRush|RockSlide,HighHorsepower,IronHead,Protect|Adamant||F|||50|]Gyarados||SitrusBerry|Intimidate|Waterfall,IceFang,DragonDance,Protect|Adamant||M|||50|]Mimikyu||WhiteHerb|Disguise|PlayRough,ShadowSneak,ShadowClaw,Protect|Adamant||M|||50|]Typhlosion-Hisui||ChoiceScarf|Blaze|HeatWave,ShadowBall,Overheat,Eruption|Modest||F|||50|]Kingambit||BlackGlasses|Defiant|KowtowCleave,SuckerPunch,IronHead,Protect|Adamant||M|||50|
|inactive|Battle timer is ON: inactive players will automatically lose when time's up. (requested by cuajerones)
|j| LOP Lelouch
|j| qqisback
|j| Lugia▼▲²JP
|j| piablos
|j| MrBanana45
|inactiveoff|Battle timer is now OFF.
|c| Lugia▼▲²JP|me comentan q es un matchup histórico este
|c| piablos|t faltó el tio al final de la frase
|j| znain
|c| Lugia▼▲²JP|joder
|c|☆cuajerones|puede ser pero tb es muy posible que me de down
|c| Lugia▼▲²JP|me cachis
|c| MrBanana45|bby la vida e un ciclo
|c| znain|Quien es el que está en mi team
|c| znain|kkk
|c|☆cuajerones|yo soy canela
|l| qqisback
|c|☆cuajerones|rojo sims
|c| piablos|znain vamos con rojo
|
|t:|1783246808
|teamsize|p1|4
|teamsize|p2|4
|start
|switch|p1a: Milotic|Milotic, L50, F|100/100
|switch|p1b: Sneasler|Sneasler, L50, M|100/100
|switch|p2a: Typhlosion|Typhlosion-Hisui, L50, F|100/100
|switch|p2b: Mimi|Mimikyu, L50, M|100/100
|turn|1
|c| znain|O sea que somos chavistas
|c| znain|oc
|c| piablos|si
|c| piablos|que original la lead hugo, es nueva?
|inactive|Battle timer is ON: inactive players will automatically lose when time's up. (requested by rojo53)
|c|☆cuajerones|si
|c| Lugia▼▲²JP|a mi me mola
|inactive|cuajerones has 30 seconds left.
|c| znain|oji
|inactive|cuajerones has 20 seconds left.
|inactive|cuajerones has 15 seconds left.
|inactive|cuajerones has 10 seconds left.
|c|☆cuajerones|a mamar
|inactive|cuajerones has 5 seconds left.
|
|t:|1783246934
|switch|p1b: Ninetales|Ninetales-Alola, L50, F, shiny|100/100
|-weather|Snowscape|[from] ability: Snow Warning|[of] p1b: Ninetales
|move|p2a: Typhlosion|Shadow Ball|p1a: Milotic
|-damage|p1a: Milotic|73/100
|move|p2b: Mimi|Play Rough|p1a: Milotic
|-damage|p1a: Milotic|37/100
|move|p1a: Milotic|Hypnosis|p2a: Typhlosion
|-status|p2a: Typhlosion|slp|[from] move: Hypnosis
|
|-weather|Snowscape|[upkeep]
|-heal|p1a: Milotic|43/100|[from] item: Leftovers
|upkeep
|turn|2
|c| Lugia▼▲²JP|y lo hitea
|c| Lugia▼▲²JP|manda huevos
|c|☆cuajerones|asi gana el madrid
|c| piablos|eres asquerosamente malo jugando este juego
|inactive|cuajerones has 30 seconds left.
|c| MrBanana45|Que viva cabo verde
|inactive|cuajerones has 20 seconds left.
|c| znain|Vitinha
|inactive|cuajerones has 15 seconds left.
|c| Lugia▼▲²JP|oye no se usa veils en champions?
|inactive|rojo53 has 30 seconds left.
|c|☆cuajerones|si
|
|t:|1783246984
|cant|p2a: Typhlosion|slp
|move|p1b: Ninetales|Blizzard|p2b: Mimi|[spread] p2a,p2b
|-resisted|p2a: Typhlosion|1
|-damage|p2a: Typhlosion|73/100 slp
|-activate|p2b: Mimi|ability: Disguise
|-damage|p2b: Mimi|100/100
|detailschange|p2b: Mimi|Mimikyu-Busted, L50, M
|-damage|p2b: Mimi|87/100|[from] pokemon: Mimikyu-Busted
|move|p2b: Mimi|Play Rough|p1a: Milotic
|-damage|p1a: Milotic|6/100
|move|p1a: Milotic|Recover|p1a: Milotic
|-heal|p1a: Milotic|56/100
|
|-weather|Snowscape|[upkeep]
|-heal|p1a: Milotic|62/100|[from] item: Leftovers
|upkeep
|turn|3
|c| Lugia▼▲²JP|pregunto desde el desconocimiento
|c|☆cuajerones|pero no me apetecia darselo
|j| Posho
|c| Lugia▼▲²JP|ah venga
|
|t:|1783247002
|cant|p2a: Typhlosion|slp
|move|p1b: Ninetales|Blizzard|p2b: Mimi|[spread] p2a,p2b
|-resisted|p2a: Typhlosion|1
|-crit|p2b: Mimi
|-damage|p2a: Typhlosion|47/100 slp
|-damage|p2b: Mimi|16/100
|move|p2b: Mimi|Play Rough|p1a: Milotic
|-damage|p1a: Milotic|26/100
|move|p1a: Milotic|Muddy Water|p2a: Typhlosion|[spread] p2a,p2b
|-supereffective|p2a: Typhlosion|1
|-damage|p2a: Typhlosion|0 fnt
|-damage|p2b: Mimi|0 fnt
|faint|p2a: Typhlosion
|faint|p2b: Mimi
|
|-weather|Snowscape|[upkeep]
|-heal|p1a: Milotic|32/100|[from] item: Leftovers
|upkeep
|
|t:|1783247007
|switch|p2b: Tyranitar|Tyranitar, L50, M|100/100
|switch|p2a: Ratatopo|Excadrill, L50, F|100/100
|-weather|Sandstorm|[from] ability: Sand Stream|[of] p2b: Tyranitar
|turn|4
|inactive|cuajerones has 30 seconds left.
|inactive|cuajerones has 20 seconds left.
|inactive|cuajerones has 15 seconds left.
|inactive|cuajerones has 10 seconds left.
|inactive|cuajerones has 5 seconds left.
|
|t:|1783247058
|switch|p1b: Raichu|Raichu, L50, F|100/100
|move|p2a: Ratatopo|High Horsepower|p1a: Milotic
|-damage|p1a: Milotic|0 fnt
|faint|p1a: Milotic
|move|p2b: Tyranitar|Dragon Dance|p2b: Tyranitar
|-boost|p2b: Tyranitar|atk|1
|-boost|p2b: Tyranitar|spe|1
|
|-weather|Sandstorm|[upkeep]
|-damage|p1b: Raichu|93/100|[from] Sandstorm
|upkeep
|c| piablos|foooogmidable
|
|t:|1783247078
|switch|p1a: Ninetales|Ninetales-Alola, L50, F, shiny|100/100
|-weather|Snowscape|[from] ability: Snow Warning|[of] p1a: Ninetales
|turn|5
|inactive|cuajerones has 30 seconds left.
|inactive|cuajerones has 20 seconds left.
|inactive|cuajerones has 15 seconds left.
|inactive|cuajerones has 10 seconds left.
|inactive|rojo53 has 30 seconds left.
|
|t:|1783247136
|detailschange|p1b: Raichu|Raichu-Mega-Y, L50, F
|-mega|p1b: Raichu|Raichu|Raichunite Y
|detailschange|p2b: Tyranitar|Tyranitar-Mega, L50, M
|-mega|p2b: Tyranitar|Tyranitar|Tyranitarite
|-weather|Sandstorm|[from] ability: Sand Stream|[of] p2b: Tyranitar
|move|p1a: Ninetales|Protect|p1a: Ninetales
|-singleturn|p1a: Ninetales|Protect
|move|p2a: Ratatopo|High Horsepower|p1b: Raichu
|-supereffective|p1b: Raichu|1
|-damage|p1b: Raichu|0 fnt
|faint|p1b: Raichu
|move|p2b: Tyranitar|Dragon Dance|p2b: Tyranitar
|-boost|p2b: Tyranitar|atk|1
|-boost|p2b: Tyranitar|spe|1
|
|-weather|Sandstorm|[upkeep]
|-damage|p1a: Ninetales|93/100|[from] Sandstorm
|upkeep
|c|☆cuajerones|oye la mega tiene sandstream?
|c|☆cuajerones|no me jodas
|
|t:|1783247144
|switch|p1b: Sneasler|Sneasler, L50, M|100/100
|turn|6
|c| Lugia▼▲²JP|que follada
|c| piablos|djadjjdas
|c| Posho|que
|inactive|cuajerones has 30 seconds left.
|inactive|cuajerones has 20 seconds left.
|c| znain|so
|inactive|cuajerones has 15 seconds left.
|inactive|cuajerones has 10 seconds left.
|
|t:|1783247189
|move|p2a: Ratatopo|Protect|p2a: Ratatopo
|-singleturn|p2a: Ratatopo|Protect
|move|p2b: Tyranitar|Protect|p2b: Tyranitar
|-singleturn|p2b: Tyranitar|Protect
|move|p1b: Sneasler|Fake Out|p2b: Tyranitar
|-activate|p2b: Tyranitar|move: Protect
|move|p1a: Ninetales|Encore|p2b: Tyranitar
|-activate|p2b: Tyranitar|move: Protect
|
|-weather|Sandstorm|[upkeep]
|-damage|p1b: Sneasler|94/100|[from] Sandstorm
|-damage|p1a: Ninetales|87/100|[from] Sandstorm
|upkeep
|turn|7
|
|t:|1783247203
|move|p2a: Ratatopo|High Horsepower|p1b: Sneasler
|-supereffective|p1b: Sneasler|1
|-damage|p1b: Sneasler|0 fnt
|faint|p1b: Sneasler
|move|p2b: Tyranitar|Rock Slide|p1a: Ninetales|[miss]
|-miss|p2b: Tyranitar|p1a: Ninetales
|move|p1a: Ninetales|Blizzard|p2a: Ratatopo|[spread] p2a,p2b
|-damage|p2a: Ratatopo|50/100g
|-damage|p2b: Tyranitar|80/100
|
|-weather|Sandstorm|[upkeep]
|-damage|p1a: Ninetales|81/100|[from] Sandstorm
|upkeep
|turn|8
|
|t:|1783247209
|move|p2a: Ratatopo|Iron Head|p1a: Ninetales
|-supereffective|p1a: Ninetales|2
|-crit|p1a: Ninetales
|-damage|p1a: Ninetales|0 fnt
|faint|p1a: Ninetales
|
|win|rojo53
|c|☆cuajerones|gg
||rojo53 is ready for game 3.
|c|☆rojo53|gg
||cuajerones is ready for game 3.
|uhtml|next|Next: Game 3 of 3
|l| Lugia▼▲²JP
|l| LOP Lelouch
|l| Posho
|l| znain
|l|☆rojo53
|player|p2|
|l| MrBanana45
