|j|☆Eventide97
|j|☆1234moe
|html|Eventide971234moe    
|uhtml|bestof|Game 3 of a best-of-3
|t:|1783934964
|gametype|doubles
|player|p1|Eventide97|102|1060
|player|p2|1234moe|170|1059
|gen|9
|tier|[Gen 9 Champions] VGC 2026 Reg M-B (Bo3)
|rated|
|rule|Species Clause: Limit one of each Pokémon
|rule|Item Clause: Limit 1 of each item
|clearpoke
|poke|p1|Charizard, L50, M|
|poke|p1|Aerodactyl, L50, F|
|poke|p1|Garchomp, L50, M|
|poke|p1|Sylveon, L50, M|
|poke|p1|Farigiraf, L50, M|
|poke|p1|Kingambit, L50, F|
|poke|p2|Whimsicott, L50, F|
|poke|p2|Floette-Eternal, L50, F|
|poke|p2|Charizard, L50, F|
|poke|p2|Kingambit, L50, F|
|poke|p2|Incineroar, L50, M|
|poke|p2|Basculegion, L50, M|
|teampreview|4
|showteam|p1|Charizard||CharizarditeY|Blaze|HeatWave,WeatherBall,SolarBeam,Protect|Modest||M|||50|]Aerodactyl||Aerodactylite|Unnerve|RockSlide,DualWingbeat,IceFang,Tailwind|Jolly||F|||50|]Garchomp||LifeOrb|RoughSkin|DragonClaw,Earthquake,StompingTantrum,Protect|Jolly||M|||50|]Sylveon||FairyFeather|Pixilate|HyperVoice,HyperBeam,QuickAttack,Detect|Modest||M|||50|]Farigiraf||SitrusBerry|ArmorTail|Psychic,Thunderbolt,TrickRoom,Roar|Bold||M|||50|]Kingambit||FocusSash|Defiant|KowtowCleave,IronHead,SuckerPunch,LowKick|Adamant||F|||50|
|showteam|p2|Whimsicott||FocusSash|Prankster|Protect,Moonblast,Tailwind,Encore|Timid||F|||50|]Floette-Eternal||Floettite|FlowerVeil|Protect,DazzlingGleam,DrainingKiss,LightofRuin|Timid||F|||50|]Charizard||CharizarditeY|Blaze|Protect,WeatherBall,HeatWave,SolarBeam|Modest||F|||50|]Kingambit||BlackGlasses|Defiant|Protect,KowtowCleave,SuckerPunch,IronHead|Adamant||F|||50|]Incineroar||SitrusBerry|Intimidate|FakeOut,FlareBlitz,ThroatChop,PartingShot|Careful||M|||50|]Basculegion||LifeOrb|Adaptability|WaveCrash,LastRespects,AquaJet,Protect|Jolly||M|||50|
|inactive|Battle timer is ON: inactive players will automatically lose when time's up. (requested by 1234moe)
|inactive|Eventide97 has 60 seconds left.
|inactive|1234moe has 60 seconds left.
|
|t:|1783935012
|teamsize|p1|4
|teamsize|p2|4
|start
|switch|p1a: Aerodactyl|Aerodactyl, L50, F|100/100
|switch|p1b: Kingambit|Kingambit, L50, F|100/100
|switch|p2a: Whimsicott|Whimsicott, L50, F|100/100
|switch|p2b: Floette|Floette-Eternal, L50, F|100/100
|-ability|p1a: Aerodactyl|Unnerve
|turn|1
|inactive|1234moe has 30 seconds left.
|
|t:|1783935040
|detailschange|p1a: Aerodactyl|Aerodactyl-Mega, L50, F
|-mega|p1a: Aerodactyl|Aerodactyl|Aerodactylite
|detailschange|p2b: Floette|Floette-Mega, L50, F
|-mega|p2b: Floette|Floette|Floettite
|-ability|p2b: Floette|Fairy Aura
|move|p2a: Whimsicott|Tailwind|p2a: Whimsicott
|-sidestart|p2: 1234moe|move: Tailwind
|move|p2b: Floette|Light of Ruin|p1b: Kingambit
|-enditem|p1b: Kingambit|Focus Sash
|-damage|p1b: Kingambit|1/100
|-damage|p2b: Floette|47/100|[from] Recoil
|move|p1a: Aerodactyl|Dual Wingbeat|p2a: Whimsicott|[miss]
|-miss|p1a: Aerodactyl|p2a: Whimsicott
|move|p1b: Kingambit|Iron Head|p2b: Floette
|-supereffective|p2b: Floette|1
|-damage|p2b: Floette|0 fnt
|faint|p2b: Floette
|
|upkeep
|
|t:|1783935051
|switch|p2b: Basculegion|Basculegion, L50, M|100/100
|turn|2
|
|t:|1783935075
|switch|p1b: Garchomp|Garchomp, L50, M|100/100
|move|p2a: Whimsicott|Protect|p2a: Whimsicott
|-singleturn|p2a: Whimsicott|Protect
|move|p2b: Basculegion|Aqua Jet|p1b: Garchomp
|-damage|p1b: Garchomp|66/100
|-damage|p2b: Basculegion|87/100|[from] ability: Rough Skin|[of] p1b: Garchomp
|-damage|p2b: Basculegion|77/100|[from] item: Life Orb
|move|p1a: Aerodactyl|Dual Wingbeat|p2a: Whimsicott
|-activate|p2a: Whimsicott|move: Protect
|
|upkeep
|turn|3
|inactive|Eventide97 has 30 seconds left.
|inactive|Eventide97 has 20 seconds left.
|
|t:|1783935111
|move|p1b: Garchomp|Protect|p1b: Garchomp
|-singleturn|p1b: Garchomp|Protect
|move|p2a: Whimsicott|Moonblast|p1b: Garchomp
|-activate|p1b: Garchomp|move: Protect
|move|p2b: Basculegion|Wave Crash|p1a: Aerodactyl
|-supereffective|p1a: Aerodactyl|1
|-damage|p1a: Aerodactyl|0 fnt
|faint|p1a: Aerodactyl
|-damage|p2b: Basculegion|49/100|[from] Recoil
|-damage|p2b: Basculegion|40/100|[from] item: Life Orb
|
|upkeep
|
|t:|1783935123
|switch|p1a: Sylveon|Sylveon, L50, M|100/100
|turn|4
|
|t:|1783935142
|switch|p2b: Kingambit|Kingambit, L50, F|100/100
|move|p1a: Sylveon|Detect|p1a: Sylveon
|-singleturn|p1a: Sylveon|Protect
|move|p2a: Whimsicott|Encore|p1b: Garchomp
|-start|p1b: Garchomp|Encore
|move|p1b: Garchomp|Protect||[still]
|-fail|p1b: Garchomp
|
|-sideend|p2: 1234moe|move: Tailwind
|upkeep
|turn|5
|-message|Eventide97 forfeited.
|
|win|1234moe
|raw|Eventide97's rating: 1060 → 1041(-19 for losing)
|raw|1234moe's rating: 1059 → 1090(+31 for winning)
