|j|芒讴鈥燩enguinOfLite
|j|芒讴鈥燭acoBurger
|html|PenguinOfLiteTacoBurger    
|uhtml|bestof|Game 2 of a best-of-3
|t:|1783783722
|gametype|doubles
|player|p1|PenguinOfLite|clair|
|player|p2|TacoBurger|tuber|
|gen|9
|tier|[Gen 9 Champions] VGC 2026 Reg M-B (Bo3)
|rule|Species Clause: Limit one of each Pok兀漏mon
|rule|Item Clause: Limit 1 of each item
|clearpoke
|poke|p1|Scrafty, L50, F|
|poke|p1|Scovillain, L50, F|
|poke|p1|Incineroar, L50, M|
|poke|p1|Ninetales-Alola, L50, M|
|poke|p1|Rotom-Wash, L50|
|poke|p1|Barbaracle, L50, F|
|poke|p2|Pyroar, L50, M|
|poke|p2|Ninetales, L50, M|
|poke|p2|Incineroar, L50, F|
|poke|p2|Victreebel, L50, F|
|poke|p2|Basculegion, L50, M|
|poke|p2|Sneasler, L50, M|
|teampreview|4
|showteam|p1|Scrafty||Scraftinite|Intimidate|IcePunch,KnockOff,CloseCombat,Protect|Brave||F|||50|]Scovillain||Scovillainite|Moody|LeechSeed,Overheat,RagePowder,Protect|Calm||F|||50|]Incineroar||SitrusBerry|Intimidate|FakeOut,FlareBlitz,PartingShot,DrainPunch|Brave||M|||50|]Ninetales-Alola||FocusSash|SnowWarning|AuroraVeil,Moonblast,Blizzard,Protect|Modest||M|||50|]Rotom-Wash||ChoiceScarf|Levitate|VoltSwitch,Discharge,HydroPump,Electroweb|Timid|||||50|]Barbaracle||ScopeLens|Sniper|AquaCutter,RockPolish,StoneEdge,Protect|Adamant||F|||50|
|showteam|p2|Pyroar||Pyroarite|Unnerve|HeatWave,Overheat,SolarBeam,Protect|Timid||M|||50|]Ninetales||ChoiceScarf|Drought|HeatWave,Overheat,SolarBeam,FakeTears|Modest||M|||50|]Incineroar||SitrusBerry|Intimidate|FakeOut,FlareBlitz,ThroatChop,PartingShot|Adamant||F|||50|]Victreebel||WideLens|Chlorophyll|Protect,SleepPowder,EnergyBall,SludgeBomb|Timid||F|||50|]Basculegion||LifeOrb|Adaptability|WaveCrash,LastRespects,AquaJet,Protect|Adamant||M|||50|]Sneasler||WhiteHerb|Unburden|Protect,CloseCombat,DireClaw,RockSlide|Adamant||M|||50|
|c|芒讴鈥燭acoBurger|兀鈥皀 meg 兀貨gy, hogy volt egy fasza sun teamem, csak charit kicser兀漏ltem nintetailre :D
|c|芒讴鈥燩enguinOfLite|XDDDD
|c|芒讴鈥燭acoBurger|meg venusaurt Victreebelre
|
|t:|1783783800
|teamsize|p1|4
|teamsize|p2|4
|start
|switch|p1a: Rotom|Rotom-Wash, L50|100/100
|switch|p1b: Incineroar|Incineroar, L50, M|100/100
|switch|p2a: Pyroar|Pyroar, L50, M|100/100
|switch|p2b: Sneasler|Sneasler, L50, M|100/100
|-ability|p2a: Pyroar|Unnerve
|-ability|p1b: Incineroar|Intimidate|boost
|-unboost|p2a: Pyroar|atk|1
|-unboost|p2b: Sneasler|atk|1
|-enditem|p2b: Sneasler|White Herb
|-clearnegativeboost|p2b: Sneasler|[silent]
|turn|1
|
|t:|1783783839
|move|p2b: Sneasler|Protect|p2b: Sneasler
|-singleturn|p2b: Sneasler|Protect
|move|p2a: Pyroar|Protect|p2a: Pyroar
|-singleturn|p2a: Pyroar|Protect
|move|p1b: Incineroar|Fake Out|p2b: Sneasler
|-activate|p2b: Sneasler|move: Protect
|move|p1a: Rotom|Electroweb|p2a: Pyroar|[spread] 
|-activate|p2a: Pyroar|move: Protect
|-activate|p2b: Sneasler|move: Protect
|
|upkeep
|turn|2
|
|t:|1783783883
|switch|p2a: Incineroar|Incineroar, L50, F|100/100
|-ability|p2a: Incineroar|Intimidate|boost
|-unboost|p1a: Rotom|atk|1
|-unboost|p1b: Incineroar|atk|1
|switch|p1b: Scovillain|Scovillain, L50, F|100/100
|move|p2b: Sneasler|Close Combat|p1b: Scovillain
|-damage|p1b: Scovillain|0 fnt
|-unboost|p2b: Sneasler|def|1
|-unboost|p2b: Sneasler|spd|1
|faint|p1b: Scovillain
|move|p1a: Rotom|Electroweb|p2a: Incineroar|[spread] p2a,p2b
|-damage|p2a: Incineroar|86/100
|-damage|p2b: Sneasler|64/100
|-unboost|p2a: Incineroar|spe|1
|-unboost|p2b: Sneasler|spe|1
|
|upkeep
|
|t:|1783783899
|switch|p1b: Incineroar|Incineroar, L50, M|100/100
|-ability|p1b: Incineroar|Intimidate|boost
|-unboost|p2a: Incineroar|atk|1
|-unboost|p2b: Sneasler|atk|1
|turn|3
|
|t:|1783783909
|move|p2b: Sneasler|Protect|p2b: Sneasler
|-singleturn|p2b: Sneasler|Protect
|move|p1a: Rotom|Electroweb|p2b: Sneasler|[spread] p2a
|-activate|p2b: Sneasler|move: Protect
|-damage|p2a: Incineroar|74/100
|-unboost|p2a: Incineroar|spe|1
|move|p1b: Incineroar|Drain Punch|p2a: Incineroar
|-supereffective|p2a: Incineroar|1
|-damage|p2a: Incineroar|27/100
|-enditem|p2a: Incineroar|Sitrus Berry|[eat]
|-heal|p2a: Incineroar|52/100|[from] item: Sitrus Berry
|move|p2a: Incineroar|Parting Shot|p1a: Rotom
|-unboost|p1a: Rotom|atk|1
|-unboost|p1a: Rotom|spa|1
|
|t:|1783783931
|switch|p2a: Pyroar|Pyroar, L50, M|100/100|[from] Parting Shot
|-ability|p2a: Pyroar|Unnerve
|
|upkeep
|turn|4
|
|t:|1783783959
|switch|p2b: Ninetales|Ninetales, L50, M|100/100
|-weather|SunnyDay|[from] ability: Drought|[of] p2b: Ninetales
|detailschange|p2a: Pyroar|Pyroar-Mega, L50, M
|-mega|p2a: Pyroar|Pyroar|Pyroarite
|move|p1a: Rotom|Electroweb|p2b: Ninetales|[spread] p2a,p2b
|-damage|p2a: Pyroar|86/100
|-damage|p2b: Ninetales|87/100
|-unboost|p2a: Pyroar|spe|1
|-unboost|p2b: Ninetales|spe|1
|move|p2a: Pyroar|Solar Beam||[still]
|-prepare|p2a: Pyroar|Solar Beam
|-anim|p2a: Pyroar|Solar Beam|p1a: Rotom
|-supereffective|p1a: Rotom|1
|-damage|p1a: Rotom|8/100
|move|p1b: Incineroar|Flare Blitz|p2b: Ninetales
|-resisted|p2b: Ninetales|1
|-damage|p2b: Ninetales|28/100
|-damage|p1b: Incineroar|85/100|[from] Recoil
|
|-weather|SunnyDay|[upkeep]
|upkeep
|turn|5
|
|t:|1783783995
|move|p2a: Pyroar|Protect|p2a: Pyroar
|-singleturn|p2a: Pyroar|Protect
|move|p1a: Rotom|Electroweb|p2a: Pyroar|[spread] p2b
|-activate|p2a: Pyroar|move: Protect
|-damage|p2b: Ninetales|14/100
|-unboost|p2b: Ninetales|spe|1
|move|p2b: Ninetales|Solar Beam||[still]
|-prepare|p2b: Ninetales|Solar Beam
|-anim|p2b: Ninetales|Solar Beam|p1a: Rotom
|-supereffective|p1a: Rotom|1
|-damage|p1a: Rotom|0 fnt
|faint|p1a: Rotom
|move|p1b: Incineroar|Flare Blitz|p2b: Ninetales
|-resisted|p2b: Ninetales|1
|-damage|p2b: Ninetales|0 fnt
|faint|p2b: Ninetales
|-damage|p1b: Incineroar|82/100|[from] Recoil
|
|-weather|SunnyDay|[upkeep]
|upkeep
|
|t:|1783784015
|switch|p2b: Sneasler|Sneasler, L50, M|64/100
|switch|p1a: Barbaracle|Barbaracle, L50, F|100/100
|turn|6
|
|t:|1783784034
|switch|p2a: Incineroar|Incineroar, L50, F|52/100
|-ability|p2a: Incineroar|Intimidate|boost
|-unboost|p1a: Barbaracle|atk|1
|-unboost|p1b: Incineroar|atk|1
|move|p2b: Sneasler|Close Combat|p1b: Incineroar
|-supereffective|p1b: Incineroar|1
|-damage|p1b: Incineroar|0 fnt
|-unboost|p2b: Sneasler|def|1
|-unboost|p2b: Sneasler|spd|1
|faint|p1b: Incineroar
|move|p1a: Barbaracle|Rock Polish|p1a: Barbaracle
|-boost|p1a: Barbaracle|spe|2
|
|-weather|SunnyDay|[upkeep]
|upkeep
|turn|7
|
|t:|1783784053
|move|p1a: Barbaracle|Protect|p1a: Barbaracle
|-singleturn|p1a: Barbaracle|Protect
|move|p2a: Incineroar|Fake Out|p1a: Barbaracle
|-activate|p1a: Barbaracle|move: Protect
|move|p2b: Sneasler|Close Combat|p1a: Barbaracle
|-activate|p1a: Barbaracle|move: Protect
|
|-weather|SunnyDay|[upkeep]
|upkeep
|turn|8
|
|t:|1783784066
|move|p2b: Sneasler|Protect|p2b: Sneasler
|-singleturn|p2b: Sneasler|Protect
|move|p1a: Barbaracle|Stone Edge|p2b: Sneasler
|-activate|p2b: Sneasler|move: Protect
|move|p2a: Incineroar|Parting Shot|p1a: Barbaracle
|-unboost|p1a: Barbaracle|atk|1
|-unboost|p1a: Barbaracle|spa|1
|
|t:|1783784074
|switch|p2a: Pyroar|Pyroar-Mega, L50, M|86/100|[from] Parting Shot
|
|-weather|none
|upkeep
|turn|9
|
|t:|1783784090
|move|p1a: Barbaracle|Stone Edge|p2b: Sneasler
|-resisted|p2b: Sneasler|1
|-crit|p2b: Sneasler
|-damage|p2b: Sneasler|0 fnt
|faint|p2b: Sneasler
|move|p2a: Pyroar|Solar Beam||[still]
|-prepare|p2a: Pyroar|Solar Beam
|
|upkeep
|
|t:|1783784096
|switch|p2b: Incineroar|Incineroar, L50, F|52/100
|-ability|p2b: Incineroar|Intimidate|boost
|-unboost|p1a: Barbaracle|atk|1
|turn|10
|
|t:|1783784108
|move|p1a: Barbaracle|Protect|p1a: Barbaracle
|-singleturn|p1a: Barbaracle|Protect
|move|p2a: Pyroar|Solar Beam|p1a: Barbaracle|[from] lockedmove
|-activate|p1a: Barbaracle|move: Protect
|move|p2b: Incineroar|Parting Shot|p1a: Barbaracle
|-activate|p1a: Barbaracle|move: Protect
|
|upkeep
|turn|11
|c|芒讴鈥燩enguinOfLite|A peculiar situation
|
|t:|1783784124
|move|p2a: Pyroar|Protect|p2a: Pyroar
|-singleturn|p2a: Pyroar|Protect
|move|p1a: Barbaracle|Stone Edge|p2b: Incineroar|[miss]
|-miss|p1a: Barbaracle|p2b: Incineroar
|move|p2b: Incineroar|Parting Shot|p1a: Barbaracle
|-unboost|p1a: Barbaracle|atk|1
|-unboost|p1a: Barbaracle|spa|1
|
|upkeep
|turn|12
|
|t:|1783784137
|move|p1a: Barbaracle|Stone Edge|p2b: Incineroar
|-supereffective|p2b: Incineroar|1
|-crit|p2b: Incineroar
|-damage|p2b: Incineroar|0 fnt
|faint|p2b: Incineroar
|move|p2a: Pyroar|Solar Beam||[still]
|-prepare|p2a: Pyroar|Solar Beam
|
|upkeep
|turn|13
|
|t:|1783784144
|move|p1a: Barbaracle|Protect|p1a: Barbaracle
|-singleturn|p1a: Barbaracle|Protect
|move|p2a: Pyroar|Solar Beam|p1a: Barbaracle|[from] lockedmove
|-activate|p1a: Barbaracle|move: Protect
|
|upkeep
|turn|14
|
|t:|1783784159
|move|p2a: Pyroar|Protect|p2a: Pyroar
|-singleturn|p2a: Pyroar|Protect
|move|p1a: Barbaracle|Stone Edge|p2a: Pyroar
|-activate|p2a: Pyroar|move: Protect
|
|upkeep
|turn|15
|
|t:|1783784177
|move|p1a: Barbaracle|Stone Edge|p2a: Pyroar
|-supereffective|p2a: Pyroar|1
|-damage|p2a: Pyroar|47/100
|move|p2a: Pyroar|Heat Wave|p1a: Barbaracle
|-resisted|p1a: Barbaracle|2
|-damage|p1a: Barbaracle|79/100
|
|upkeep
|turn|16
|
|t:|1783784184
|move|p1a: Barbaracle|Stone Edge|p2a: Pyroar
|-supereffective|p2a: Pyroar|1
|-crit|p2a: Pyroar
|-damage|p2a: Pyroar|0 fnt
|faint|p2a: Pyroar
|
|win|PenguinOfLite
||TacoBurger is ready for game 3.
||PenguinOfLite is ready for game 3.
|uhtml|next|Next: Game 3 of 3
|l|芒讴鈥燩enguinOfLite
|player|p1|
