|j|☆CavaliereIsSoPeak
|j|☆dont make me walk
|html|CavaliereIsSoPeakdont make me walk    
|uhtml|bestof|Game 2 of a best-of-3
|t:|1756901105
|gametype|doubles
|player|p1|CavaliereIsSoPeak|gambler|1435
|player|p2|dont make me walk|red-masters3|1385
|gen|9
|tier|[Gen 9] VGC 2025 Reg H (Bo3)
|rated|
|rule|Species Clause: Limit one of each Pokémon
|rule|Item Clause: Limit 1 of each item
|clearpoke
|poke|p1|Volcarona, L50, M|
|poke|p1|Basculegion, L50, M|
|poke|p1|Sneasler, L50, F|
|poke|p1|Dragonite, L50, M|
|poke|p1|Ursaluna-Bloodmoon, L50, M|
|poke|p1|Whimsicott, L50, F|
|poke|p2|Ursaluna-Bloodmoon, L50, M|
|poke|p2|Indeedee, L50, M|
|poke|p2|Sneasler, L50, M|
|poke|p2|Incineroar, L50, F|
|poke|p2|Talonflame, L50, M|
|poke|p2|Garchomp, L50, M|
|teampreview|4
|showteam|p1|Volcarona||SitrusBerry|FlameBody|HeatWave,TeraBlast,QuiverDance,Protect|||M|||50|,,,,,Fairy]Basculegion||ChoiceScarf|Adaptability|WaveCrash,FlipTurn,AquaJet,LastRespects|||M|||50|,,,,,Water]Sneasler||FocusSash|Unburden|DireClaw,CloseCombat,ThroatChop,Protect|||F|||50|,,,,,Dark]Dragonite||LoadedDice|Multiscale|ScaleShot,ExtremeSpeed,Haze,Protect|||M|||50|,,,,,Steel]Ursaluna-Bloodmoon||LifeOrb|MindsEye|BloodMoon,HyperVoice,EarthPower,Protect|||M|||50|,,,,,Normal]Whimsicott||CovertCloak|Prankster|Moonblast,Tailwind,Encore,Taunt|||F|||50|,,,,,Poison
|showteam|p2|Ursaluna-Bloodmoon||LifeOrb|MindsEye|Protect,EarthPower,HyperVoice,BloodMoon|||M|||50|,,,,,Normal]Indeedee||FocusSash|PsychicSurge|ExpandingForce,Protect,TrickRoom,Imprison|||M|||50|,,,,,Psychic]Sneasler||PsychicSeed|Unburden|DireClaw,CloseCombat,ThroatChop,Protect|||M|||50|,,,,,Dark]Incineroar||SafetyGoggles|Intimidate|FakeOut,KnockOff,FlareBlitz,PartingShot|||F|||50|,,,,,Ghost]Talonflame||CovertCloak|GaleWings|FlareBlitz,DualWingbeat,WillOWisp,Tailwind|||M|||50|,,,,,Fairy]Garchomp||ClearAmulet|RoughSkin|Earthquake,StompingTantrum,DragonClaw,Protect|||M|||50|,,,,,Fairy
|inactive|Battle timer is ON: inactive players will automatically lose when time's up. (requested by dont make me walk)
|inactive|CavaliereIsSoPeak has 60 seconds left.
|inactive|dont make me walk has 60 seconds left.
|
|t:|1756901147
|teamsize|p1|4
|teamsize|p2|4
|start
|switch|p1a: Shāhmat|Ursaluna-Bloodmoon, L50, M|100/100
|switch|p1b: Mary|Whimsicott, L50, F|100/100
|switch|p2a: Talonflame|Talonflame, L50, M|100/100
|switch|p2b: Ursaluna|Ursaluna-Bloodmoon, L50, M|100/100
|turn|1
|
|t:|1756901154
|-terastallize|p2b: Ursaluna|Normal
|move|p1a: Shāhmat|Protect|p1a: Shāhmat
|-singleturn|p1a: Shāhmat|Protect
|move|p1b: Mary|Taunt|p2a: Talonflame
|-start|p2a: Talonflame|move: Taunt
|cant|p2a: Talonflame|move: Taunt|Tailwind
|move|p2b: Ursaluna|Blood Moon|p1a: Shāhmat
|-activate|p1a: Shāhmat|move: Protect
|
|upkeep
|turn|2
|
|t:|1756901179
|switch|p2a: Indeedee|Indeedee, L50, M|100/100
|-fieldstart|move: Psychic Terrain|[from] ability: Psychic Surge|[of] p2a: Indeedee
|switch|p2b: Sneasler|Sneasler, L50, M|100/100
|-enditem|p2b: Sneasler|Psychic Seed
|-boost|p2b: Sneasler|spd|1|[from] item: Psychic Seed
|-terastallize|p1a: Shāhmat|Normal
|move|p1b: Mary|Tailwind|p1b: Mary
|-sidestart|p1: CavaliereIsSoPeak|move: Tailwind
|move|p1a: Shāhmat|Blood Moon|p2b: Sneasler
|-damage|p2b: Sneasler|0 fnt
|faint|p2b: Sneasler
|-damage|p1a: Shāhmat|91/100|[from] item: Life Orb
|
|upkeep
|-message|dont make me walk forfeited.
|
|win|CavaliereIsSoPeak
||dont make me walk is ready for game 3.
||CavaliereIsSoPeak is ready for game 3.
|uhtml|next|Next: Game 3 of 3
|l|☆CavaliereIsSoPeak
|player|p1|
