|j|☆tbpgerard
|j|☆ApeEnjoyerr
|html|tbpgerardApeEnjoyerr    
|uhtml|bestof|Game 2 of a best-of-3
|t:|1757638050
|gametype|doubles
|player|p1|tbpgerard|guitarist|1110
|player|p2|ApeEnjoyerr|li|1156
|gen|9
|tier|[Gen 9] VGC 2025 Reg H (Bo3)
|rated|
|rule|Species Clause: Limit one of each Pokémon
|rule|Item Clause: Limit 1 of each item
|clearpoke
|poke|p1|Indeedee-F, L50, F|
|poke|p1|Hatterene, L50, F|
|poke|p1|Gallade, L50, M|
|poke|p1|Ursaluna, L50, M|
|poke|p1|Lilligant-Hisui, L50, F|
|poke|p1|Torkoal, L50, M|
|poke|p2|Pelipper, L50, F|
|poke|p2|Basculegion, L50, M|
|poke|p2|Incineroar, L50, M|
|poke|p2|Archaludon, L50, F|
|poke|p2|Sinistcha, L50|
|poke|p2|Ursaluna, L50, M|
|teampreview|4
|showteam|p1|Indeedee-F||SafetyGoggles|PsychicSurge|DazzlingGleam,FollowMe,HelpingHand,TrickRoom|||F|||50|,,,,,Fairy]Hatterene||LifeOrb|MagicBounce|ExpandingForce,DazzlingGleam,Protect,TrickRoom|||F|||50|,,,,,Water]Gallade||ClearAmulet|Sharpness|SacredSword,PsychoCut,WideGuard,TrickRoom|||M|||50|,,,,,Grass]Ursaluna||FlameOrb|Guts|Facade,HeadlongRush,Substitute,Protect|||M|||50|,,,,,Ghost]Lilligant-Hisui||FocusSash|Chlorophyll|CloseCombat,LeafBlade,SleepPowder,AfterYou|||F|||50|,,,,,Ghost]Torkoal||ChoiceSpecs|Drought|Eruption,HeatWave,Flamethrower,ClearSmog|||M|||50|,,,,,Fire
|showteam|p2|Pelipper||FocusSash|Drizzle|Hurricane,WeatherBall,Tailwind,Protect|||F|||50|,,,,,Stellar]Basculegion||ChoiceBand|SwiftSwim|WaveCrash,LastRespects,AquaJet,FlipTurn|||M|||50|,,,,,Water]Incineroar||SafetyGoggles|Intimidate|KnockOff,FakeOut,Taunt,PartingShot|||M|||50|,,,,,Flying]Archaludon||AssaultVest|Stamina|ElectroShot,DragonPulse,FlashCannon,BodyPress|||F|||50|,,,,,Grass]Sinistcha||SitrusBerry|Hospitality|MatchaGotcha,RagePowder,LifeDew,TrickRoom||||||50|,,,,,Water]Ursaluna||FlameOrb|Guts|HeadlongRush,Facade,Earthquake,Protect|||M|||50|,,,,,Ghost
|
|t:|1757638082
|teamsize|p1|4
|teamsize|p2|4
|start
|switch|p1a: labubu|Indeedee-F, L50, F|100/100
|switch|p1b: matcha|Gallade, L50, M|100/100
|switch|p2a: Basculegion|Basculegion, L50, M|100/100
|switch|p2b: Incineroar|Incineroar, L50, M|100/100
|-ability|p2b: Incineroar|Intimidate|boost
|-unboost|p1a: labubu|atk|1
|-fail|p1b: matcha|unboost|[from] item: Clear Amulet|[of] p1b: matcha
|-fieldstart|move: Psychic Terrain|[from] ability: Psychic Surge|[of] p1a: labubu
|turn|1
|
|t:|1757638103
|-terastallize|p2a: Basculegion|Water
|move|p1a: labubu|Follow Me|p1a: labubu
|-singleturn|p1a: labubu|move: Follow Me
|move|p2a: Basculegion|Wave Crash|p1a: labubu
|-damage|p1a: labubu|0 fnt
|faint|p1a: labubu
|-damage|p2a: Basculegion|71/100|[from] Recoil
|move|p2b: Incineroar|Taunt|p1b: matcha
|-start|p1b: matcha|move: Taunt
|move|p1b: matcha|Sacred Sword|p2b: Incineroar
|-supereffective|p2b: Incineroar
|-damage|p2b: Incineroar|0 fnt
|faint|p2b: Incineroar
|
|upkeep
|
|t:|1757638118
|switch|p2b: Ursaluna|Ursaluna, L50, M|100/100
|switch|p1a: clairo|Hatterene, L50, F, shiny|100/100
|turn|2
|
|t:|1757638138
|-terastallize|p1a: clairo|Water
|move|p2a: Basculegion|Wave Crash|p1a: clairo
|-resisted|p1a: clairo
|-damage|p1a: clairo|28/100
|-damage|p2a: Basculegion|51/100|[from] Recoil
|move|p2b: Ursaluna|Headlong Rush|p1a: clairo
|-damage|p1a: clairo|0 fnt
|-unboost|p2b: Ursaluna|def|1
|-unboost|p2b: Ursaluna|spd|1
|faint|p1a: clairo
|move|p1b: matcha|Psycho Cut|p2b: Ursaluna
|-damage|p2b: Ursaluna|9/100
|
|-status|p2b: Ursaluna|brn|[from] item: Flame Orb
|upkeep
|
|t:|1757638146
|switch|p1a: fem lit|Torkoal, L50, M|100/100
|-weather|SunnyDay|[from] ability: Drought|[of] p1a: fem lit
|turn|3
|
|t:|1757638173
|switch|p2a: Pelipper|Pelipper, L50, F|100/100
|-weather|RainDance|[from] ability: Drizzle|[of] p2a: Pelipper
|move|p2b: Ursaluna|Facade|p1b: matcha
|-damage|p1b: matcha|0 fnt
|faint|p1b: matcha
|move|p1a: fem lit|Heat Wave|p2b: Ursaluna|[spread] p2a,p2b
|-resisted|p2a: Pelipper
|-damage|p2a: Pelipper|83/100
|-damage|p2b: Ursaluna|0 fnt
|-status|p2a: Pelipper|brn
|faint|p2b: Ursaluna
|
|-weather|RainDance|[upkeep]
|-damage|p2a: Pelipper|77/100 brn|[from] brn
|upkeep
|
|t:|1757638187
|switch|p2b: Basculegion|Basculegion, L50, M, tera:Water|51/100
|turn|4
|
|t:|1757638197
|move|p2b: Basculegion|Wave Crash|p1a: fem lit
|-supereffective|p1a: fem lit
|-damage|p1a: fem lit|0 fnt
|faint|p1a: fem lit
|-damage|p2b: Basculegion|22/100|[from] Recoil
|
|win|ApeEnjoyerr
||tbpgerard is ready for game 3.
||ApeEnjoyerr is ready for game 3.
|uhtml|next|Next: Game 3 of 3
|l|☆ApeEnjoyerr
|player|p2|
