|j|☆MYSEEMBENTON
|j|☆lets buy packs
|html|MYSEEMBENTONlets buy packs    
|uhtml|bestof|Game 1 of a best-of-3
|t:|1783899279
|gametype|doubles
|player|p1|MYSEEMBENTON|265|1116
|player|p2|lets buy packs|red-masters3|1170
|gen|9
|tier|[Gen 9 Champions] VGC 2026 Reg M-B (Bo3)
|rated|
|rule|Species Clause: Limit one of each Pokémon
|rule|Item Clause: Limit 1 of each item
|clearpoke
|poke|p1|Basculegion, L50, M, shiny|
|poke|p1|Dragonite, L50, F, shiny|
|poke|p1|Archaludon, L50, F, shiny|
|poke|p1|Sneasler, L50, M, shiny|
|poke|p1|Pelipper, L50, M, shiny|
|poke|p1|Sinistcha-Masterpiece, L50|
|poke|p2|Farigiraf, L50, F|
|poke|p2|Incineroar, L50, F|
|poke|p2|Gardevoir, L50, M, shiny|
|poke|p2|Torkoal, L50, M|
|poke|p2|Mudsdale, L50, F|
|poke|p2|Vivillon-Marine, L50, F|
|teampreview|4
|showteam|p1|Basculegion||ChoiceScarf|Adaptability|WaveCrash,LastRespects,FlipTurn,IceFang|Adamant||M|||50|]Dragonite||Dragoninite|Multiscale|DracoMeteor,Hurricane,HeatWave,Protect|Modest||F|||50|]Archaludon||Leftovers|Stamina|Protect,ElectroShot,DracoMeteor,FlashCannon|Modest||F|||50|]Sneasler||WhiteHerb|Unburden|Uturn,FakeOut,DireClaw,CloseCombat|Adamant||M|||50|]Pelipper||FocusSash|Drizzle|MuddyWater,Hurricane,Protect,WideGuard|Modest||M|||50|]Sinistcha-Masterpiece||SitrusBerry|Hospitality|Protect,MatchaGotcha,RagePowder,ShadowBall|Modest|||||50|
|showteam|p2|Farigiraf||ColburBerry|ArmorTail|Psychic,Thunderbolt,TrickRoom,Protect|Sassy||F|||50|]Incineroar||BlackGlasses|Intimidate|FakeOut,PartingShot,FlareBlitz,DarkestLariat|Adamant||F|||50|]Gardevoir||Gardevoirite|Telepathy|HyperVoice,Psychic,TrickRoom,Protect|Quiet||M|||50|]Torkoal||Charcoal|Drought|Eruption,Flamethrower,SolarBeam,Protect|Quiet||M|||50|]Mudsdale||LifeOrb|InnerFocus|Earthquake,HighHorsepower,RockSlide,HeavySlam|Brave||F|||50|]Vivillon-Marine||FocusSash|CompoundEyes|Hurricane,RagePowder,SleepPowder,Protect|Timid||F|||50|
|inactive|Battle timer is ON: inactive players will automatically lose when time's up. (requested by lets buy packs)
|inactive|lets buy packs has 60 seconds left.
|
|t:|1783899322
|teamsize|p1|4
|teamsize|p2|4
|start
|switch|p1a: Pelipper|Pelipper, L50, M, shiny|100/100
|switch|p1b: Basculegion|Basculegion, L50, M, shiny|100/100
|switch|p2a: Vivillon|Vivillon-Marine, L50, F|100/100
|switch|p2b: Gardevoir|Gardevoir, L50, M, shiny|100/100
|-weather|RainDance|[from] ability: Drizzle|[of] p1a: Pelipper
|turn|1
|inactive|MYSEEMBENTON has 30 seconds left.
|inactive|MYSEEMBENTON has 20 seconds left.
|
|t:|1783899357
|detailschange|p2b: Gardevoir|Gardevoir-Mega, L50, M, shiny
|-mega|p2b: Gardevoir|Gardevoir|Gardevoirite
|move|p2b: Gardevoir|Protect|p2b: Gardevoir
|-singleturn|p2b: Gardevoir|Protect
|move|p1b: Basculegion|Flip Turn|p2a: Vivillon
|-enditem|p2a: Vivillon|Focus Sash
|-damage|p2a: Vivillon|1/100
|
|t:|1783899368
|switch|p1b: Sneasler|Sneasler, L50, M, shiny|100/100|[from] Flip Turn
|move|p2a: Vivillon|Sleep Powder|p1b: Sneasler
|-status|p1b: Sneasler|slp|[from] move: Sleep Powder
|move|p1a: Pelipper|Muddy Water|p2a: Vivillon|[spread] p2a
|-activate|p2b: Gardevoir|move: Protect
|-damage|p2a: Vivillon|0 fnt
|faint|p2a: Vivillon
|
|-weather|RainDance|[upkeep]
|upkeep
|
|t:|1783899376
|switch|p2a: Incineroar|Incineroar, L50, F|100/100
|-ability|p2a: Incineroar|Intimidate|boost
|-unboost|p1a: Pelipper|atk|1
|-unboost|p1b: Sneasler|atk|1
|-enditem|p1b: Sneasler|White Herb
|-clearnegativeboost|p1b: Sneasler|[silent]
|turn|2
|
|t:|1783899398
|switch|p1b: Basculegion|Basculegion, L50, M, shiny|100/100
|move|p1a: Pelipper|Protect|p1a: Pelipper
|-singleturn|p1a: Pelipper|Protect
|move|p2a: Incineroar|Fake Out|p1a: Pelipper
|-activate|p1a: Pelipper|move: Protect
|move|p2b: Gardevoir|Trick Room|p2b: Gardevoir
|-fieldstart|move: Trick Room|[of] p2b: Gardevoir
|
|-weather|RainDance|[upkeep]
|upkeep
|turn|3
|
|t:|1783899422
|switch|p1b: Sneasler|Sneasler, L50, M, shiny|100/100 slp
|move|p2a: Incineroar|Darkest Lariat|p1b: Sneasler
|-resisted|p1b: Sneasler|1
|-damage|p1b: Sneasler|51/100 slp
|move|p1a: Pelipper|Muddy Water|p2b: Gardevoir|[spread] p2a,p2b
|-supereffective|p2a: Incineroar|1
|-damage|p2a: Incineroar|13/100
|-damage|p2b: Gardevoir|58/100
|move|p2b: Gardevoir|Hyper Voice|p1b: Sneasler|[spread] p1a,p1b
|-damage|p1a: Pelipper|24/100
|-damage|p1b: Sneasler|0 fnt
|faint|p1b: Sneasler
|
|-weather|RainDance|[upkeep]
|upkeep
|
|t:|1783899434
|switch|p1b: Dragonite|Dragonite, L50, F, shiny|100/100
|turn|4
|
|t:|1783899457
|detailschange|p1b: Dragonite|Dragonite-Mega, L50, F, shiny
|-mega|p1b: Dragonite|Dragonite|Dragoninite
|move|p2a: Incineroar|Darkest Lariat|p1b: Dragonite
|-damage|p1b: Dragonite|72/100
|move|p1a: Pelipper|Muddy Water|p2b: Gardevoir|[spread] p2a,p2b
|-supereffective|p2a: Incineroar|1
|-damage|p2a: Incineroar|0 fnt
|-damage|p2b: Gardevoir|22/100
|-unboost|p2b: Gardevoir|accuracy|1
|faint|p2a: Incineroar
|move|p2b: Gardevoir|Psychic|p1a: Pelipper
|-damage|p1a: Pelipper|0 fnt
|faint|p1a: Pelipper
|move|p1b: Dragonite|Hurricane|p2b: Gardevoir
|-damage|p2b: Gardevoir|0 fnt
|faint|p2b: Gardevoir
|
|-weather|RainDance|[upkeep]
|upkeep
|-message|lets buy packs forfeited.
|
|win|MYSEEMBENTON
