|j|☆Olciax34
|j|☆DragoniteMega149
|html|Olciax34DragoniteMega149    
|uhtml|bestof|Game 2 of a best-of-3
|t:|1782512016
|gametype|doubles
|player|p1|Olciax34|clair|1220
|player|p2|DragoniteMega149|paxton|1380
|gen|9
|tier|[Gen 9 Champions] VGC 2026 Reg M-B (Bo3)
|rated|
|rule|Species Clause: Limit one of each Pokémon
|rule|Item Clause: Limit 1 of each item
|clearpoke
|poke|p1|Charizard, L50, M|
|poke|p1|Whimsicott, L50, F|
|poke|p1|Garchomp, L50, F|
|poke|p1|Gholdengo, L50|
|poke|p1|Kangaskhan, L50, F|
|poke|p1|Incineroar, L50, M|
|poke|p2|Floette-Eternal, L50, F|
|poke|p2|Incineroar, L50, M|
|poke|p2|Sinistcha, L50|
|poke|p2|Sneasler, L50, M|
|poke|p2|Delphox, L50, M|
|poke|p2|Kingambit, L50, F|
|teampreview|4
|showteam|p1|Charizard||CharizarditeY|SolarPower|HeatWave,WeatherBall,SolarBeam,Protect|Modest||M|||50|]Whimsicott||FocusSash|Prankster|Moonblast,Tailwind,Encore,Protect|Timid||F|||50|]Garchomp||LifeOrb|RoughSkin|Earthquake,DragonClaw,RockSlide,Protect|Jolly||F|||50|]Gholdengo||SpellTag|GoodasGold|MakeItRain,ShadowBall,NastyPlot,Protect|Modest|||||50|]Kangaskhan||Kangaskhanite|Scrappy|DoubleEdge,IcePunch,LowKick,FakeOut|Adamant||F|||50|]Incineroar||SitrusBerry|Intimidate|FakeOut,ThroatChop,FlareBlitz,PartingShot|Careful||M|||50|
|showteam|p2|Floette-Eternal||Floettite|FlowerVeil|Moonblast,DazzlingGleam,CalmMind,Protect|Modest||F|||50|]Incineroar||SitrusBerry|Intimidate|FakeOut,FlareBlitz,ThroatChop,PartingShot|Impish||M|||50|]Sinistcha||KasibBerry|Hospitality|MatchaGotcha,TrickRoom,RagePowder,Protect|Bold|||||50|]Sneasler||FocusSash|Unburden|FakeOut,CloseCombat,DireClaw,QuickGuard|Jolly||M|||50|]Delphox||Delphoxite|Blaze|NastyPlot,Psyshock,HeatWave,Protect|Timid||M|||50|]Kingambit||BlackGlasses|Defiant|KowtowCleave,SuckerPunch,SwordsDance,Protect|Brave||F|||50|
|inactive|Battle timer is ON: inactive players will automatically lose when time's up. (requested by Olciax34)
|
|t:|1782512041
|teamsize|p1|4
|teamsize|p2|4
|start
|switch|p1a: Charizard|Charizard, L50, M|100/100
|switch|p1b: Kangaskhan|Kangaskhan, L50, F|100/100
|switch|p2a: Sneasler|Sneasler, L50, M|100/100
|switch|p2b: Kingambit|Kingambit, L50, F|100/100
|turn|1
|inactive|Olciax34 has 30 seconds left.
|
|t:|1782512073
|switch|p2b: Delphox|Delphox, L50, M|100/100
|detailschange|p1a: Charizard|Charizard-Mega-Y, L50, M
|-mega|p1a: Charizard|Charizard|Charizardite Y
|-weather|SunnyDay|[from] ability: Drought|[of] p1a: Charizard
|move|p2a: Sneasler|Fake Out|p1b: Kangaskhan
|-damage|p1b: Kangaskhan|84/100
|cant|p1b: Kangaskhan|flinch
|move|p1a: Charizard|Weather Ball|p2b: Delphox
|-resisted|p2b: Delphox|1
|-crit|p2b: Delphox
|-damage|p2b: Delphox|22/100
|
|-weather|SunnyDay|[upkeep]
|upkeep
|turn|2
|inactive|Olciax34 has 30 seconds left.
|
|t:|1782512102
|detailschange|p2b: Delphox|Delphox-Mega, L50, M
|-mega|p2b: Delphox|Delphox|Delphoxite
|move|p2b: Delphox|Psyshock|p1a: Charizard
|-damage|p1a: Charizard|43/100
|move|p2a: Sneasler|Close Combat|p1b: Kangaskhan
|-supereffective|p1b: Kangaskhan|1
|-damage|p1b: Kangaskhan|0 fnt
|-unboost|p2a: Sneasler|def|1
|-unboost|p2a: Sneasler|spd|1
|faint|p1b: Kangaskhan
|move|p1a: Charizard|Heat Wave|p2a: Sneasler|[spread] p2a,p2b
|-resisted|p2b: Delphox|1
|-enditem|p2a: Sneasler|Focus Sash
|-damage|p2a: Sneasler|1/100
|-damage|p2b: Delphox|0 fnt
|faint|p2b: Delphox
|
|-weather|SunnyDay|[upkeep]
|upkeep
|
|t:|1782512121
|switch|p2b: Kingambit|Kingambit, L50, F|100/100
|switch|p1b: Whimsicott|Whimsicott, L50, F|100/100
|turn|3
|
|t:|1782512140
|move|p1b: Whimsicott|Encore|p2a: Sneasler
|-start|p2a: Sneasler|Encore
|move|p2b: Kingambit|Sucker Punch|p1a: Charizard
|-crit|p1a: Charizard
|-damage|p1a: Charizard|0 fnt
|faint|p1a: Charizard
|move|p2a: Sneasler|Close Combat|p1b: Whimsicott
|-resisted|p1b: Whimsicott|1
|-damage|p1b: Whimsicott|49/100
|-unboost|p2a: Sneasler|def|1
|-unboost|p2a: Sneasler|spd|1
|
|-weather|SunnyDay|[upkeep]
|upkeep
|
|t:|1782512150
|switch|p1a: Gholdengo|Gholdengo, L50|100/100
|turn|4
|
|t:|1782512158
|move|p2a: Sneasler|Close Combat|p1b: Whimsicott
|-resisted|p1b: Whimsicott|1
|-damage|p1b: Whimsicott|0 fnt
|-unboost|p2a: Sneasler|def|1
|-unboost|p2a: Sneasler|spd|1
|faint|p1b: Whimsicott
|move|p1a: Gholdengo|Nasty Plot|p1a: Gholdengo
|-boost|p1a: Gholdengo|spa|2
|move|p2b: Kingambit|Kowtow Cleave|p1a: Gholdengo
|-supereffective|p1a: Gholdengo|1
|-damage|p1a: Gholdengo|0 fnt
|faint|p1a: Gholdengo
|
|win|DragoniteMega149
|raw|Olciax34's rating: 1220 → 1206(-14 for losing)
|raw|DragoniteMega149's rating: 1380 → 1391(+11 for winning)
