|j|☆gluttorn
|j|☆obem29
|html|gluttornobem29    
|uhtml|bestof|Game 1 of a best-of-3
|t:|1782457029
|gametype|doubles
|player|p1|gluttorn|266|1075
|player|p2|obem29|dawn-gen4pt|1040
|gen|9
|tier|[Gen 9 Champions] VGC 2026 Reg M-B (Bo3)
|rated|
|rule|Species Clause: Limit one of each Pokémon
|rule|Item Clause: Limit 1 of each item
|clearpoke
|poke|p1|Scrafty, L50, M|
|poke|p1|Torkoal, L50, F|
|poke|p1|Farigiraf, L50, M|
|poke|p1|Hatterene, L50, F|
|poke|p1|Vileplume, L50, M|
|poke|p1|Archaludon, L50, F|
|poke|p2|Basculegion, L50, M|
|poke|p2|Rotom-Heat, L50|
|poke|p2|Weavile, L50, F|
|poke|p2|Corviknight, L50, F|
|poke|p2|Mawile, L50, F|
|poke|p2|Ceruledge, L50, F|
|teampreview|4
|showteam|p1|Scrafty||Scraftinite|Intimidate|FakeOut,KnockOff,DrainPunch,RockSlide|Brave||M|||50|]Torkoal||Charcoal|Drought|EarthPower,HeatWave,Eruption,Protect|Quiet||F|||50|]Farigiraf||MentalHerb|ArmorTail|Protect,HelpingHand,TrickRoom,Psychic|Calm||M|||50|]Hatterene||LifeOrb|MagicBounce|DazzlingGleam,Psychic,TrickRoom,Protect|Modest||F|||50|]Vileplume||FocusSash|Chlorophyll|AfterYou,Protect,EnergyBall,SludgeBomb|Timid||M|||50|]Archaludon||ChoiceScarf|Sturdy|Thunderbolt,DragonPulse,FlashCannon,SolarBeam|Timid||F|||50|
|showteam|p2|Basculegion||MysticWater|Adaptability|AquaJet,PsychicFangs,LastRespects,WaveCrash|Serious||M|||50|]Rotom-Heat||QuickClaw|Levitate|Thunder,Overheat,Poltergeist,VoltSwitch|Bold|||||50|]Weavile||MentalHerb|Pressure|IcicleSpear,IcicleCrash,KnockOff,Reflect|Serious||F|||50|]Corviknight||Leftovers|Pressure|IronDefense,Roost,SteelBeam,LightScreen|Jolly||F|||50|]Mawile||Mawilite|HyperCutter|SwordsDance,DoubleEdge,PlayRough,PsychicFangs|Careful||F|||50|]Ceruledge||ExpertBelt|FlashFire|CloseCombat,BitterBlade,FlareBlitz,ShadowClaw|Adamant||F|||50|
|inactive|Battle timer is ON: inactive players will automatically lose when time's up. (requested by gluttorn)
|
|t:|1782457073
|teamsize|p1|4
|teamsize|p2|4
|start
|switch|p1a: Scrafty|Scrafty, L50, M|100/100
|switch|p1b: Farigiraf|Farigiraf, L50, M|100/100
|switch|p2a: Mawile|Mawile, L50, F|100/100
|switch|p2b: Ceruledge|Ceruledge, L50, F|100/100
|-ability|p1a: Scrafty|Intimidate|boost
|-fail|p2a: Mawile|unboost|Attack|[from] ability: Hyper Cutter|[of] p2a: Mawile
|-unboost|p2b: Ceruledge|atk|1
|turn|1
|inactive|gluttorn has 30 seconds left.
|inactive|obem29 has 30 seconds left.
|inactive|obem29 has 20 seconds left.
|inactive|obem29 has 15 seconds left.
|
|t:|1782457117
|detailschange|p1a: Scrafty|Scrafty-Mega, L50, M
|-mega|p1a: Scrafty|Scrafty|Scraftinite
|-ability|p1a: Scrafty|Intimidate|boost
|-fail|p2a: Mawile|unboost|Attack|[from] ability: Hyper Cutter|[of] p2a: Mawile
|-unboost|p2b: Ceruledge|atk|1
|move|p1a: Scrafty|Fake Out|p2a: Mawile
|-resisted|p2a: Mawile|1
|-damage|p2a: Mawile|87/100
|move|p2b: Ceruledge|Bitter Blade|p1b: Farigiraf
|-damage|p1b: Farigiraf|79/100
|cant|p2a: Mawile|flinch
|move|p1b: Farigiraf|Trick Room|p1b: Farigiraf
|-fieldstart|move: Trick Room|[of] p1b: Farigiraf
|
|upkeep
|turn|2
|inactive|gluttorn has 30 seconds left.
|
|t:|1782457144
|switch|p1a: Torkoal|Torkoal, L50, F|100/100
|-weather|SunnyDay|[from] ability: Drought|[of] p1a: Torkoal
|move|p1b: Farigiraf|Psychic|p2b: Ceruledge
|-damage|p2b: Ceruledge|67/100
|move|p2a: Mawile|Play Rough|p1a: Torkoal
|-resisted|p1a: Torkoal|1
|-damage|p1a: Torkoal|85/100
|move|p2b: Ceruledge|Bitter Blade|p1b: Farigiraf
|-damage|p1b: Farigiraf|48/100
|-heal|p2b: Ceruledge|90/100|[from] drain|[of] p1b: Farigiraf
|
|-weather|SunnyDay|[upkeep]
|upkeep
|turn|3
|-message|obem29 forfeited.
|raw|gluttorn's rating: 1075 → 1101(+26 for winning)
|raw|obem29's rating: 1040 → 1026(-14 for losing)
|
|win|gluttorn
|l|☆obem29
|player|p2|
