|j|☆Undala
|j|☆SrStarVGC
|html|UndalaSrStarVGC    
|uhtml|bestof|Game 1 of a best-of-3
|t:|1784137331
|gametype|doubles
|player|p1|Undala|266|1032
|player|p2|SrStarVGC|drayden|1106
|gen|9
|tier|[Gen 9 Champions] VGC 2026 Reg M-B (Bo3)
|rated|
|rule|Species Clause: Limit one of each Pokémon
|rule|Item Clause: Limit 1 of each item
|clearpoke
|poke|p1|Charizard, L50, F|
|poke|p1|Whimsicott, L50, M, shiny|
|poke|p1|Kingambit, L50, F, shiny|
|poke|p1|Venusaur, L50, F, shiny|
|poke|p1|Kangaskhan, L50, F, shiny|
|poke|p1|Grimmsnarl, L50, M, shiny|
|poke|p2|Delphox, L50, M|
|poke|p2|Sneasler, L50, F|
|poke|p2|Incineroar, L50, M|
|poke|p2|Sinistcha, L50|
|poke|p2|Maushold-Four, L50|
|poke|p2|Blastoise, L50, F|
|teampreview|4
|showteam|p1|Charizard||CharizarditeY|SolarPower|HeatWave,SolarBeam,AirSlash,Protect|Modest||F|||50|]Whimsicott||FocusSash|Prankster|Moonblast,Tailwind,Encore,SunnyDay|Bold||M|||50|]Kingambit||BlackGlasses|Defiant|KowtowCleave,SuckerPunch,IronHead,Protect|Brave||F|||50|]Venusaur||WideLens|Chlorophyll|EnergyBall,SleepPowder,SludgeBomb,Protect|Modest||F|||50|]Kangaskhan||Kangaskhanite|Scrappy|DoubleEdge,FakeOut,DrainPunch,RockSlide|Adamant||F|||50|]Grimmsnarl||Leftovers|Prankster|SpiritBreak,Reflect,LightScreen,FakeOut|Careful||M|||50|
|showteam|p2|Delphox||Delphoxite|Blaze|HeatWave,Psyshock,NastyPlot,Protect|Timid||M|||50|]Sneasler||FocusSash|PoisonTouch|CloseCombat,PoisonJab,FakeOut,QuickGuard|Jolly||F|||50|]Incineroar||SitrusBerry|Intimidate|FlareBlitz,ThroatChop,FakeOut,PartingShot|Impish||M|||50|]Sinistcha||OccaBerry|Hospitality|MatchaGotcha,RagePowder,LifeDew,Protect|Bold|||||50|]Maushold-Four||ChopleBerry|FriendGuard|FollowMe,Feint,HelpingHand,Protect|Impish|||||50|]Blastoise||Blastoisinite|RainDish|WaterSpout,DarkPulse,ShellSmash,Protect|Modest||F|||50|
|inactive|Battle timer is ON: inactive players will automatically lose when time's up. (requested by SrStarVGC)
|inactive|Undala has 60 seconds left.
|inactive|SrStarVGC has 60 seconds left.
|
|t:|1784137375
|teamsize|p1|4
|teamsize|p2|4
|start
|switch|p1a: Charizard|Charizard, L50, F|100/100
|switch|p1b: Whimsicott|Whimsicott, L50, M, shiny|100/100
|switch|p2a: Delphox|Delphox, L50, M|100/100
|switch|p2b: Sneasler|Sneasler, L50, F|100/100
|turn|1
|
|t:|1784137398
|detailschange|p2a: Delphox|Delphox-Mega, L50, M
|-mega|p2a: Delphox|Delphox|Delphoxite
|detailschange|p1a: Charizard|Charizard-Mega-Y, L50, F
|-mega|p1a: Charizard|Charizard|Charizardite Y
|-weather|SunnyDay|[from] ability: Drought|[of] p1a: Charizard
|move|p2b: Sneasler|Fake Out|p1b: Whimsicott
|-damage|p1b: Whimsicott|88/100
|cant|p1b: Whimsicott|flinch
|move|p2a: Delphox|Heat Wave|p1a: Charizard|[spread] p1a,p1b
|-resisted|p1a: Charizard|1
|-supereffective|p1b: Whimsicott|1
|-damage|p1a: Charizard|68/100
|-damage|p1b: Whimsicott|0 fnt
|faint|p1b: Whimsicott
|move|p1a: Charizard|Heat Wave|p2b: Sneasler|[spread] p2a,p2b
|-resisted|p2a: Delphox|1
|-damage|p2a: Delphox|65/100
|-damage|p2b: Sneasler|10/100
|
|-weather|SunnyDay|[upkeep]
|upkeep
|
|t:|1784137411
|switch|p1b: Grimmsnarl|Grimmsnarl, L50, M, shiny|100/100
|turn|2
|
|t:|1784137432
|move|p1b: Grimmsnarl|Fake Out|p2a: Delphox
|-damage|p2a: Delphox|52/100
|cant|p2a: Delphox|flinch
|move|p2b: Sneasler|Poison Jab|p1a: Charizard
|-damage|p1a: Charizard|4/100
|move|p1a: Charizard|Heat Wave|p2a: Delphox|[spread] p2a,p2b
|-resisted|p2a: Delphox|1
|-damage|p2a: Delphox|18/100
|-damage|p2b: Sneasler|0 fnt
|faint|p2b: Sneasler
|
|-weather|SunnyDay|[upkeep]
|upkeep
|
|t:|1784137445
|switch|p2b: Incineroar|Incineroar, L50, M|100/100
|-ability|p2b: Incineroar|Intimidate|boost
|-unboost|p1a: Charizard|atk|1
|-unboost|p1b: Grimmsnarl|atk|1
|turn|3
|inactive|Undala has 30 seconds left.
|inactive|Undala has 20 seconds left.
|inactive|SrStarVGC has 30 seconds left.
|inactive|Undala has 15 seconds left.
|-message|Undala forfeited.
|raw|Undala's rating: 1032 → 1020(-12 for losing)
|raw|SrStarVGC's rating: 1106 → 1126(+20 for winning)
|
|win|SrStarVGC
|l|☆Undala
|player|p1|
