|j|☆MikeShinobu
|j|☆int shinji
|html|MikeShinobuint shinji    
|uhtml|bestof|Game 1 of a best-of-3
|t:|1783101458
|gametype|doubles
|player|p1|MikeShinobu|ethan|1122
|player|p2|int shinji|101|1036
|gen|9
|tier|[Gen 9 Champions] VGC 2026 Reg M-B (Bo3)
|rated|
|rule|Species Clause: Limit one of each Pokémon
|rule|Item Clause: Limit 1 of each item
|clearpoke
|poke|p1|Whimsicott, L50, F|
|poke|p1|Garchomp, L50, M|
|poke|p1|Staraptor, L50, F|
|poke|p1|Blaziken, L50, F|
|poke|p1|Ninetales-Alola, L50, M|
|poke|p1|Excadrill, L50, M|
|poke|p2|Kingambit, L50, F|
|poke|p2|Charizard, L50, F|
|poke|p2|Aerodactyl, L50, F|
|poke|p2|Farigiraf, L50, M|
|poke|p2|Garchomp, L50, F|
|poke|p2|Sylveon, L50, F|
|teampreview|4
|showteam|p1|Whimsicott||CobaBerry|Prankster|Encore,Tailwind,Moonblast,Charm|Timid||F|||50|]Garchomp||LifeOrb|RoughSkin|DragonClaw,Earthquake,Protect,RockSlide|Jolly||M|||50|]Staraptor||Staraptite|Intimidate|CloseCombat,BraveBird,Roost,Protect|Jolly||F|||50|]Blaziken||FocusSash|SpeedBoost|Coaching,Protect,BrickBreak,FlareBlitz|Adamant||F|||50|]Ninetales-Alola||LightClay|SnowWarning|Blizzard,Moonblast,AuroraVeil,Protect|Modest||M|||50|]Excadrill||Excadrite|MoldBreaker|Earthquake,HighHorsepower,IronHead,Protect|Jolly||M|||50|
|showteam|p2|Kingambit||FocusSash|Defiant|KowtowCleave,IronHead,SuckerPunch,LowKick|Adamant||F|||50|]Charizard||CharizarditeY|Blaze|HeatWave,SolarBeam,WeatherBall,Protect|Modest||F|||50|]Aerodactyl||Aerodactylite|Unnerve|RockSlide,DualWingbeat,IceFang,Tailwind|Jolly||F|||50|]Farigiraf||SitrusBerry|ArmorTail|Psychic,Thunderbolt,TrickRoom,Protect|Bold||M|||50|]Garchomp||LifeOrb|RoughSkin|Earthquake,DragonClaw,StompingTantrum,Protect|Jolly||F|||50|]Sylveon||FairyFeather|Pixilate|HyperVoice,HyperBeam,QuickAttack,Protect|Modest||F|||50|
|inactive|Battle timer is ON: inactive players will automatically lose when time's up. (requested by MikeShinobu)
|inactive|int shinji has 60 seconds left.
|inactive|MikeShinobu has 60 seconds left.
|
|t:|1783101508
|teamsize|p1|4
|teamsize|p2|4
|start
|switch|p1a: Whimsicott|Whimsicott, L50, F|100/100
|switch|p1b: Garchomp|Garchomp, L50, M|100/100
|switch|p2a: Farigiraf|Farigiraf, L50, M|100/100
|switch|p2b: Kingambit|Kingambit, L50, F|100/100
|turn|1
|inactive|int shinji has 30 seconds left.
|
|t:|1783101538
|move|p2b: Kingambit|Sucker Punch|p1b: Garchomp
|-damage|p1b: Garchomp|58/100
|-damage|p2b: Kingambit|87/100|[from] ability: Rough Skin|[of] p1b: Garchomp
|move|p1a: Whimsicott|Moonblast|p2b: Kingambit
|-damage|p2b: Kingambit|48/100
|move|p1b: Garchomp|Earthquake|p2a: Farigiraf|[spread] p1a,p2a,p2b
|-resisted|p1a: Whimsicott|1
|-supereffective|p2b: Kingambit|1
|-crit|p2b: Kingambit
|-damage|p1a: Whimsicott|61/100
|-damage|p2a: Farigiraf|59/100
|-damage|p2b: Kingambit|0 fnt
|faint|p2b: Kingambit
|-damage|p1b: Garchomp|48/100|[from] item: Life Orb
|move|p2a: Farigiraf|Trick Room|p2a: Farigiraf
|-fieldstart|move: Trick Room|[of] p2a: Farigiraf
|
|upkeep
|
|t:|1783101557
|switch|p2b: Charizard|Charizard, L50, F|100/100
|turn|2
|inactive|MikeShinobu has 30 seconds left.
|
|t:|1783101589
|detailschange|p2b: Charizard|Charizard-Mega-Y, L50, F
|-mega|p2b: Charizard|Charizard|Charizardite Y
|-weather|SunnyDay|[from] ability: Drought|[of] p2b: Charizard
|move|p2a: Farigiraf|Psychic|p1b: Garchomp
|-damage|p1b: Garchomp|12/100
|move|p2b: Charizard|Heat Wave|p1a: Whimsicott|[spread] p1a,p1b
|-supereffective|p1a: Whimsicott|1
|-resisted|p1b: Garchomp|1
|-damage|p1a: Whimsicott|0 fnt
|-damage|p1b: Garchomp|0 fnt
|faint|p1a: Whimsicott
|faint|p1b: Garchomp
|
|-weather|SunnyDay|[upkeep]
|upkeep
|
|t:|1783101596
|switch|p1b: Ninetales|Ninetales-Alola, L50, M|100/100
|switch|p1a: Excadrill|Excadrill, L50, M|100/100
|-ability|p1a: Excadrill|Mold Breaker
|-weather|Snowscape|[from] ability: Snow Warning|[of] p1b: Ninetales
|turn|3
|
|t:|1783101615
|detailschange|p1a: Excadrill|Excadrill-Mega, L50, M
|-mega|p1a: Excadrill|Excadrill|Excadrite
|move|p2a: Farigiraf|Psychic|p1a: Excadrill
|-resisted|p1a: Excadrill|1
|-damage|p1a: Excadrill|76/100
|move|p2b: Charizard|Heat Wave|p1a: Excadrill|[spread] p1a,p1b
|-supereffective|p1a: Excadrill|1
|-supereffective|p1b: Ninetales|1
|-damage|p1a: Excadrill|0 fnt
|-damage|p1b: Ninetales|0 fnt
|faint|p1a: Excadrill
|faint|p1b: Ninetales
|
|win|int shinji
