|j|☆MuseigenTest
|j|☆theonlyambipomfan
|html|MuseigenTesttheonlyambipomfan    
|uhtml|bestof|Game 1 of a best-of-3
|t:|1782253005
|gametype|doubles
|player|p1|MuseigenTest|102|1046
|player|p2|theonlyambipomfan|volkner|1160
|gen|9
|tier|[Gen 9 Champions] VGC 2026 Reg M-B (Bo3)
|rated|
|rule|Species Clause: Limit one of each Pokémon
|rule|Item Clause: Limit 1 of each item
|clearpoke
|poke|p1|Sinistcha, L50, shiny|
|poke|p1|Incineroar, L50, M, shiny|
|poke|p1|Milotic, L50, F|
|poke|p1|Metagross, L50|
|poke|p1|Floette-Eternal, L50, F|
|poke|p1|Ceruledge, L50, M, shiny|
|poke|p2|Houndstone, L50, F|
|poke|p2|Tyranitar, L50, M|
|poke|p2|Excadrill, L50, F, shiny|
|poke|p2|Rotom-Wash, L50, shiny|
|poke|p2|Corviknight, L50, M|
|poke|p2|Farigiraf, L50, F|
|teampreview|4
|showteam|p1|Sinistcha||KasibBerry|Hospitality|Protect,RagePowder,MatchaGotcha,LifeDew|Calm|||||50|]Incineroar||SitrusBerry|Intimidate|FakeOut,ThroatChop,FlareBlitz,PartingShot|Impish||M|||50|]Milotic||Leftovers|Competitive|Coil,MuddyWater,Hypnosis,Protect|Bold||F|||50|]Metagross||Metagrossite|ClearBody|PsychicFangs,IronHead,StompingTantrum,Protect|Adamant|||||50|]Floette-Eternal||Floettite|FlowerVeil|Protect,DrainingKiss,CalmMind,DazzlingGleam|Timid||F|||50|]Ceruledge||ColburBerry|FlashFire|BulkUp,Protect,ShadowSneak,BitterBlade|Adamant||M|||50|
|showteam|p2|Houndstone||LifeOrb|SandRush|LastRespects,ShadowSneak,Protect,WillOWisp|Jolly||F|||50|]Tyranitar||Tyranitarite|SandStream|RockSlide,IcePunch,KnockOff,Protect|Adamant||M|||50|]Excadrill||FocusSash|SandRush|IronHead,HighHorsepower,RockSlide,Earthquake|Adamant||F|||50|]Rotom-Wash||Magnet|Levitate|VoltSwitch,HydroPump,Thunderbolt,WillOWisp|Calm|||||50|]Corviknight||Leftovers|MirrorArmor|Tailwind,BulkUp,IronHead,BraveBird|Careful||M|||50|]Farigiraf||SitrusBerry|ArmorTail|Protect,Psychic,TrickRoom,HyperVoice|Sassy||F|||50|
|inactive|Battle timer is ON: inactive players will automatically lose when time's up. (requested by MuseigenTest)
|c|☆MuseigenTest|gl hf
|c|☆theonlyambipomfan|glhf
|inactive|MuseigenTest has 60 seconds left.
|inactive|theonlyambipomfan has 60 seconds left.
|inactive|MuseigenTest has 30 seconds left.
|inactive|MuseigenTest has 20 seconds left.
|inactive|MuseigenTest has 15 seconds left.
|inactive|MuseigenTest has 10 seconds left.
|inactive|MuseigenTest has 5 seconds left.
|
|t:|1782253094
|teamsize|p1|4
|teamsize|p2|4
|start
|switch|p1a: Metagross|Metagross, L50|100/100
|switch|p1b: Incineroar|Incineroar, L50, M, shiny|100/100
|switch|p2a: Corviknight|Corviknight, L50, M|100/100
|switch|p2b: Tyranitar|Tyranitar, L50, M|100/100
|-ability|p1b: Incineroar|Intimidate|boost
|-ability|p2a: Corviknight|Mirror Armor
|-unboost|p1b: Incineroar|atk|1
|-unboost|p2b: Tyranitar|atk|1
|-weather|Sandstorm|[from] ability: Sand Stream|[of] p2b: Tyranitar
|turn|1
|inactive|MuseigenTest has 30 seconds left.
|inactive|theonlyambipomfan has 30 seconds left.
|inactive|MuseigenTest has 20 seconds left.
|inactive|theonlyambipomfan has 20 seconds left.
|inactive|MuseigenTest has 15 seconds left.
|inactive|theonlyambipomfan has 15 seconds left.
|inactive|MuseigenTest has 10 seconds left.
|
|t:|1782253142
|detailschange|p1a: Metagross|Metagross-Mega, L50
|-mega|p1a: Metagross|Metagross|Metagrossite
|move|p2b: Tyranitar|Protect|p2b: Tyranitar
|-singleturn|p2b: Tyranitar|Protect
|move|p1b: Incineroar|Fake Out|p2a: Corviknight
|-resisted|p2a: Corviknight|1
|-damage|p2a: Corviknight|97/100
|move|p1a: Metagross|Iron Head|p2b: Tyranitar
|-activate|p2b: Tyranitar|move: Protect
|cant|p2a: Corviknight|flinch
|
|-weather|Sandstorm|[upkeep]
|-damage|p1b: Incineroar|94/100|[from] Sandstorm
|-heal|p2a: Corviknight|100/100|[from] item: Leftovers
|upkeep
|turn|2
|inactive|MuseigenTest has 30 seconds left.
|
|t:|1782253175
|switch|p2b: Excadrill|Excadrill, L50, F, shiny|100/100
|move|p1a: Metagross|Iron Head|p2b: Excadrill
|-resisted|p2b: Excadrill|1
|-damage|p2b: Excadrill|61/100
|move|p2a: Corviknight|Tailwind|p2a: Corviknight
|-sidestart|p2: theonlyambipomfan|move: Tailwind
|move|p1b: Incineroar|Flare Blitz|p2a: Corviknight
|-supereffective|p2a: Corviknight|1
|-damage|p2a: Corviknight|50/100g
|-damage|p1b: Incineroar|77/100|[from] Recoil
|
|-weather|Sandstorm|[upkeep]
|-damage|p1b: Incineroar|71/100|[from] Sandstorm
|-heal|p2a: Corviknight|56/100|[from] item: Leftovers
|upkeep
|turn|3
|inactive|MuseigenTest has 30 seconds left.
|inactive|MuseigenTest has 20 seconds left.
|inactive|theonlyambipomfan has 30 seconds left.
|inactive|MuseigenTest has 15 seconds left.
|inactive|MuseigenTest has 10 seconds left.
|
|t:|1782253222
|switch|p2a: Tyranitar|Tyranitar, L50, M|100/100
|switch|p1b: Sinistcha|Sinistcha, L50, shiny|100/100
|move|p1a: Metagross|Protect|p1a: Metagross
|-singleturn|p1a: Metagross|Protect
|move|p2b: Excadrill|Rock Slide|p1a: Metagross|[spread] p1b
|-activate|p1a: Metagross|move: Protect
|-damage|p1b: Sinistcha|81/100
|
|-weather|Sandstorm|[upkeep]
|-damage|p1b: Sinistcha|75/100|[from] Sandstorm
|upkeep
|turn|4
|inactive|MuseigenTest has 30 seconds left.
|inactive|theonlyambipomfan has 30 seconds left.
|inactive|MuseigenTest has 20 seconds left.
|inactive|MuseigenTest has 15 seconds left.
|
|t:|1782253266
|switch|p1b: Incineroar|Incineroar, L50, M, shiny|71/100
|-ability|p1b: Incineroar|Intimidate|boost
|-unboost|p2a: Tyranitar|atk|1
|-unboost|p2b: Excadrill|atk|1
|detailschange|p2a: Tyranitar|Tyranitar-Mega, L50, M
|-mega|p2a: Tyranitar|Tyranitar|Tyranitarite
|move|p2a: Tyranitar|Protect|p2a: Tyranitar
|-singleturn|p2a: Tyranitar|Protect
|move|p2b: Excadrill|High Horsepower|p1a: Metagross
|-supereffective|p1a: Metagross|1
|-damage|p1a: Metagross|38/100
|move|p1a: Metagross|Iron Head|p2a: Tyranitar
|-activate|p2a: Tyranitar|move: Protect
|
|-weather|Sandstorm|[upkeep]
|-damage|p1b: Incineroar|65/100|[from] Sandstorm
|upkeep
|turn|5
|inactive|MuseigenTest has 30 seconds left.
|
|t:|1782253297
|switch|p1b: Sinistcha|Sinistcha, L50, shiny|75/100
|-heal|p1a: Metagross|62/100|[from] ability: Hospitality|[of] p1b: Sinistcha
|move|p1a: Metagross|Protect|p1a: Metagross
|-singleturn|p1a: Metagross|Protect
|move|p2b: Excadrill|High Horsepower|p1a: Metagross
|-activate|p1a: Metagross|move: Protect
|move|p2a: Tyranitar|Knock Off|p1a: Metagross
|-activate|p1a: Metagross|move: Protect
|
|-weather|none
|-sideend|p2: theonlyambipomfan|move: Tailwind
|upkeep
|turn|6
|
|t:|1782253318
|switch|p2a: Corviknight|Corviknight, L50, M|56/100
|switch|p1b: Incineroar|Incineroar, L50, M, shiny|65/100
|-ability|p1b: Incineroar|Intimidate|boost
|-ability|p2a: Corviknight|Mirror Armor
|-unboost|p1b: Incineroar|atk|1
|-unboost|p2b: Excadrill|atk|1
|move|p1a: Metagross|Stomping Tantrum|p2b: Excadrill
|-supereffective|p2b: Excadrill|1
|-damage|p2b: Excadrill|0 fnt
|faint|p2b: Excadrill
|
|-heal|p2a: Corviknight|61/100|[from] item: Leftovers
|upkeep
|
|t:|1782253332
|switch|p2b: Houndstone|Houndstone, L50, F|100/100
|turn|7
|
|t:|1782253357
|switch|p1a: Sinistcha|Sinistcha, L50, shiny|75/100
|-heal|p1b: Incineroar|90/100|[from] ability: Hospitality|[of] p1a: Sinistcha
|switch|p2a: Tyranitar|Tyranitar-Mega, L50, M|100/100
|-weather|Sandstorm|[from] ability: Sand Stream|[of] p2a: Tyranitar
|move|p2b: Houndstone|Last Respects|p1a: Sinistcha
|-supereffective|p1a: Sinistcha|1
|-enditem|p1a: Sinistcha|Kasib Berry|[eat]
|-enditem|p1a: Sinistcha|Kasib Berry|[weaken]
|-damage|p1a: Sinistcha|28/100
|-damage|p2b: Houndstone|90/100|[from] item: Life Orb
|move|p1b: Incineroar|Throat Chop|p2b: Houndstone
|-supereffective|p2b: Houndstone|1
|-damage|p2b: Houndstone|50/100g
|-start|p2b: Houndstone|Throat Chop|[silent]
|
|-weather|Sandstorm|[upkeep]
|-damage|p1b: Incineroar|84/100|[from] Sandstorm
|-damage|p1a: Sinistcha|22/100|[from] Sandstorm
|upkeep
|turn|8
|inactive|MuseigenTest has 30 seconds left.
|inactive|theonlyambipomfan has 30 seconds left.
|inactive|MuseigenTest has 20 seconds left.
|inactive|MuseigenTest has 15 seconds left.
|inactive|MuseigenTest has 10 seconds left.
|
|t:|1782253407
|move|p1a: Sinistcha|Protect|p1a: Sinistcha
|-singleturn|p1a: Sinistcha|Protect
|move|p2b: Houndstone|Shadow Sneak|p1a: Sinistcha
|-activate|p1a: Sinistcha|move: Protect
|move|p2a: Tyranitar|Rock Slide|p1a: Sinistcha|[spread] p1b
|-activate|p1a: Sinistcha|move: Protect
|-supereffective|p1b: Incineroar|1
|-damage|p1b: Incineroar|23/100
|-enditem|p1b: Incineroar|Sitrus Berry|[eat]
|-heal|p1b: Incineroar|48/100|[from] item: Sitrus Berry
|cant|p1b: Incineroar|flinch
|
|-weather|Sandstorm|[upkeep]
|-damage|p1b: Incineroar|42/100|[from] Sandstorm
|-damage|p1a: Sinistcha|16/100|[from] Sandstorm
|-end|p2b: Houndstone|Throat Chop|[silent]
|upkeep
|turn|9
|inactive|MuseigenTest has 30 seconds left.
|
|t:|1782253440
|move|p2b: Houndstone|Shadow Sneak|p1a: Sinistcha
|-supereffective|p1a: Sinistcha|1
|-damage|p1a: Sinistcha|0 fnt
|faint|p1a: Sinistcha
|-damage|p2b: Houndstone|40/100|[from] item: Life Orb
|move|p2a: Tyranitar|Rock Slide|p1b: Incineroar
|-supereffective|p1b: Incineroar|1
|-damage|p1b: Incineroar|0 fnt
|faint|p1b: Incineroar
|
|-weather|Sandstorm|[upkeep]
|upkeep
|
|t:|1782253448
|switch|p1b: Metagross|Metagross-Mega, L50|62/100
|switch|p1a: Ceruledge|Ceruledge, L50, M, shiny|100/100
|turn|10
|inactive|MuseigenTest has 30 seconds left.
|inactive|MuseigenTest has 20 seconds left.
|inactive|MuseigenTest has 15 seconds left.
|
|t:|1782253489
|move|p2b: Houndstone|Protect|p2b: Houndstone
|-singleturn|p2b: Houndstone|Protect
|move|p1a: Ceruledge|Protect|p1a: Ceruledge
|-singleturn|p1a: Ceruledge|Protect
|move|p1b: Metagross|Iron Head|p2a: Tyranitar
|-supereffective|p2a: Tyranitar|1
|-damage|p2a: Tyranitar|25/100
|move|p2a: Tyranitar|Knock Off|p1b: Metagross
|-supereffective|p1b: Metagross|1
|-damage|p1b: Metagross|0 fnt
|faint|p1b: Metagross
|
|-weather|Sandstorm|[upkeep]
|-damage|p1a: Ceruledge|93/100|[from] Sandstorm
|upkeep
|turn|11
|-message|MuseigenTest forfeited.
|
|win|theonlyambipomfan
||MuseigenTest is ready for game 2.
||theonlyambipomfan is ready for game 2.
|uhtml|next|Next: Game 2 of 3
|l|☆theonlyambipomfan
|player|p2|
