|j|☆informtech
|j|☆Funes Buque
|html|informtechFunes Buque    
|uhtml|bestof|Game 2 of a best-of-3
|t:|1783106182
|gametype|doubles
|player|p1|informtech|lucas|1132
|player|p2|Funes Buque|steven|1172
|gen|9
|tier|[Gen 9 Champions] VGC 2026 Reg M-B (Bo3)
|rated|
|rule|Species Clause: Limit one of each Pokémon
|rule|Item Clause: Limit 1 of each item
|clearpoke
|poke|p1|Staraptor, L50, M|
|poke|p1|Whimsicott, L50, F|
|poke|p1|Basculegion, L50, M|
|poke|p1|Garchomp, L50, F|
|poke|p1|Charizard, L50, M|
|poke|p1|Kingambit, L50, M|
|poke|p2|Grimmsnarl, L50, M|
|poke|p2|Staraptor, L50, F|
|poke|p2|Garchomp, L50, F|
|poke|p2|Delphox, L50, M|
|poke|p2|Ninetales-Alola, L50, F|
|poke|p2|Milotic, L50, F|
|teampreview|4
|showteam|p1|Staraptor||Staraptite|Intimidate|CloseCombat,DualWingbeat,Protect,Roost|Adamant||M|||50|]Whimsicott||FocusSash|Prankster|Tailwind,TrickRoom,Moonblast,Tickle|Quiet||F|||50|]Basculegion||LifeOrb|Adaptability|LastRespects,Protect,AquaJet,WaveCrash|Jolly||M|||50|]Garchomp||ExpertBelt|RoughSkin|DragonClaw,RockTomb,Earthquake,Protect|Adamant||F|||50|]Charizard||CharizarditeY|SolarPower|HeatWave,AirSlash,SolarBeam,Protect|Modest||M|||50|]Kingambit||BlackGlasses|Defiant|KowtowCleave,SuckerPunch,Protect,IronHead|Adamant||M|||50|
|showteam|p2|Grimmsnarl||LightClay|Prankster|SpiritBreak,ScaryFace,LightScreen,Reflect|Careful||M|||50|]Staraptor||Staraptite|Intimidate|CloseCombat,DualWingbeat,Protect,Roost|Adamant||F|||50|]Garchomp||LifeOrb|RoughSkin|Earthquake,DragonClaw,Protect,RockSlide|Adamant||F|||50|]Delphox||Delphoxite|Blaze|HeatWave,Psychic,Protect,NastyPlot|Timid||M|||50|]Ninetales-Alola||NeverMeltIce|SnowWarning|Blizzard,FreezeDry,Protect,Encore|Timid||F|||50|]Milotic||Leftovers|Competitive|MuddyWater,Hypnosis,Coil,Protect|Calm||F|||50|
|c|☆informtech|i had to of crit on that cc holy!
|
|t:|1783106213
|teamsize|p1|4
|teamsize|p2|4
|start
|switch|p1a: Whimsicott|Whimsicott, L50, F|100/100
|switch|p1b: Kingambit|Kingambit, L50, M|100/100
|switch|p2a: Grimmsnarl|Grimmsnarl, L50, M|100/100
|switch|p2b: Delphox|Delphox, L50, M|100/100
|turn|1
|inactive|Battle timer is ON: inactive players will automatically lose when time's up. (requested by informtech)
|
|t:|1783106258
|detailschange|p2b: Delphox|Delphox-Mega, L50, M
|-mega|p2b: Delphox|Delphox|Delphoxite
|move|p1a: Whimsicott|Tailwind|p1a: Whimsicott
|-sidestart|p1: informtech|move: Tailwind
|move|p1b: Kingambit|Sucker Punch|p2b: Delphox
|-supereffective|p2b: Delphox|1
|-damage|p2b: Delphox|0 fnt
|faint|p2b: Delphox
|move|p2a: Grimmsnarl|Reflect|p2a: Grimmsnarl
|-sidestart|p2: Funes Buque|Reflect
|
|upkeep
|
|t:|1783106268
|switch|p2b: Garchomp|Garchomp, L50, F|100/100
|turn|2
|
|t:|1783106276
|switch|p1b: Staraptor|Staraptor, L50, M|100/100
|-ability|p1b: Staraptor|Intimidate|boost
|-unboost|p2a: Grimmsnarl|atk|1
|-unboost|p2b: Garchomp|atk|1
|move|p1a: Whimsicott|Moonblast|p2a: Grimmsnarl
|-supereffective|p2a: Grimmsnarl|1
|-damage|p2a: Grimmsnarl|36/100
|move|p2b: Garchomp|Earthquake|p1a: Whimsicott|[spread] p2a,p1a
|-immune|p1b: Staraptor
|-resisted|p1a: Whimsicott|1
|-damage|p2a: Grimmsnarl|12/100
|-damage|p1a: Whimsicott|77/100
|-damage|p2b: Garchomp|90/100|[from] item: Life Orb
|move|p2a: Grimmsnarl|Spirit Break|p1a: Whimsicott
|-damage|p1a: Whimsicott|53/100
|-unboost|p1a: Whimsicott|spa|1
|
|upkeep
|turn|3
|
|t:|1783106296
|switch|p2a: Ninetales|Ninetales-Alola, L50, F|100/100
|-weather|Snowscape|[from] ability: Snow Warning|[of] p2a: Ninetales
|detailschange|p1b: Staraptor|Staraptor-Mega, L50, M
|-mega|p1b: Staraptor|Staraptor|Staraptite
|move|p1b: Staraptor|Close Combat|p2b: Garchomp
|-damage|p2b: Garchomp|39/100
|-boost|p1b: Staraptor|def|1
|-boost|p1b: Staraptor|spd|1
|-damage|p1b: Staraptor|87/100|[from] ability: Rough Skin|[of] p2b: Garchomp
|move|p1a: Whimsicott|Moonblast|p2a: Ninetales
|-damage|p2a: Ninetales|70/100
|move|p2b: Garchomp|Rock Slide|p1b: Staraptor|[spread] p1a,p1b
|-damage|p1a: Whimsicott|30/100
|-damage|p1b: Staraptor|76/100
|-damage|p2b: Garchomp|30/100|[from] item: Life Orb
|
|-weather|Snowscape|[upkeep]
|upkeep
|turn|4
|-message|Funes Buque forfeited.
|raw|informtech's rating: 1132 → 1160(+28 for winning)
|raw|Funes Buque's rating: 1172 → 1144(-28 for losing)
|
|win|informtech
|l|☆Funes Buque
|player|p2|
