|j|☆Kevin-V8
|j|☆Bnff
|html|Kevin-V8Bnff    
|uhtml|bestof|Game 2 of a best-of-3
|t:|1784240609
|gametype|doubles
|player|p1|Kevin-V8|ethan|1166
|player|p2|Bnff|bellelba|1249
|gen|9
|tier|[Gen 9 Champions] VGC 2026 Reg M-B (Bo3)
|rated|
|rule|Species Clause: Limit one of each Pokémon
|rule|Item Clause: Limit 1 of each item
|clearpoke
|poke|p1|Metagross, L50|
|poke|p1|Incineroar, L50, F|
|poke|p1|Sinistcha, L50|
|poke|p1|Tyranitar, L50, F|
|poke|p1|Excadrill, L50, M, shiny|
|poke|p1|Dragonite, L50, M|
|poke|p2|Pelipper, L50, F|
|poke|p2|Archaludon, L50, M|
|poke|p2|Venusaur, L50, F|
|poke|p2|Grimmsnarl, L50, M|
|poke|p2|Charizard, L50, M|
|poke|p2|Basculegion, L50, M|
|teampreview|4
|showteam|p1|Metagross||Metagrossite|ClearBody|PsychicFangs,BodyPress,CosmicPower,Protect|Impish|||||50|]Incineroar||SitrusBerry|Intimidate|FlareBlitz,DarkestLariat,FakeOut,PartingShot|Careful||F|||50|]Sinistcha||KasibBerry|Hospitality|MatchaGotcha,RagePowder,LifeDew,Protect|Bold|||||50|]Tyranitar||ChoiceScarf|SandStream|RockSlide,KnockOff,IcePunch,LowKick|Jolly||F|||50|]Excadrill||FocusSash|SandRush|Earthquake,IronHead,RockSlide,Protect|Adamant||M|||50|]Dragonite||Dragoninite|Multiscale|DragonPulse,HeatWave,Tailwind,Protect|Modest||M|||50|
|showteam|p2|Pelipper||LifeOrb|Drizzle|WeatherBall,Hurricane,Tailwind,WideGuard|Modest||F|||50|]Archaludon||Leftovers|Stamina|ElectroShot,DragonPulse,FlashCannon,Protect|Bold||M|||50|]Venusaur||Venusaurite|Chlorophyll|SleepPowder,EarthPower,SludgeBomb,Protect|Modest||F|||50|]Grimmsnarl||LightClay|Prankster|SpiritBreak,PartingShot,Reflect,LightScreen|Sassy||M|||50|]Charizard||CharizarditeY|Blaze|HeatWave,SolarBeam,WeatherBall,Protect|Modest||M|||50|]Basculegion||ChoiceScarf|Adaptability|WaveCrash,LastRespects,FlipTurn,AquaJet|Jolly||M|||50|
|inactive|Battle timer is ON: inactive players will automatically lose when time's up. (requested by Kevin-V8)
|inactive|Kevin-V8 has 60 seconds left.
|
|t:|1784240646
|teamsize|p1|4
|teamsize|p2|4
|start
|switch|p1a: Excadrill|Excadrill, L50, M, shiny|100/100
|switch|p1b: Metagross|Metagross, L50|100/100
|switch|p2a: Grimmsnarl|Grimmsnarl, L50, M|100/100
|switch|p2b: Archaludon|Archaludon, L50, M|100/100
|turn|1
|
|t:|1784240668
|detailschange|p1b: Metagross|Metagross-Mega, L50
|-mega|p1b: Metagross|Metagross|Metagrossite
|move|p2a: Grimmsnarl|Reflect|p2a: Grimmsnarl
|-sidestart|p2: Bnff|Reflect
|move|p1b: Metagross|Cosmic Power|p1b: Metagross
|-boost|p1b: Metagross|def|1
|-boost|p1b: Metagross|spd|1
|move|p1a: Excadrill|Iron Head|p2a: Grimmsnarl
|-supereffective|p2a: Grimmsnarl|1
|-damage|p2a: Grimmsnarl|43/100
|move|p2b: Archaludon|Electro Shot||[still]
|-prepare|p2b: Archaludon|Electro Shot
|-boost|p2b: Archaludon|spa|1
|
|upkeep
|turn|2
|
|t:|1784240689
|move|p2a: Grimmsnarl|Parting Shot|p1a: Excadrill
|-unboost|p1a: Excadrill|atk|1
|-unboost|p1a: Excadrill|spa|1
|
|t:|1784240694
|switch|p2a: Pelipper|Pelipper, L50, F|100/100|[from] Parting Shot
|-weather|RainDance|[from] ability: Drizzle|[of] p2a: Pelipper
|move|p1b: Metagross|Cosmic Power|p1b: Metagross
|-boost|p1b: Metagross|def|1
|-boost|p1b: Metagross|spd|1
|move|p1a: Excadrill|Iron Head|p2a: Pelipper
|-resisted|p2a: Pelipper|1
|-damage|p2a: Pelipper|86/100
|move|p2b: Archaludon|Electro Shot|p1b: Metagross|[from] lockedmove
|-damage|p1b: Metagross|78/100
|
|-weather|RainDance|[upkeep]
|upkeep
|turn|3
|
|t:|1784240711
|switch|p1a: Tyranitar|Tyranitar, L50, F|100/100
|-weather|Sandstorm|[from] ability: Sand Stream|[of] p1a: Tyranitar
|move|p1b: Metagross|Body Press|p2b: Archaludon
|-supereffective|p2b: Archaludon|1
|-damage|p2b: Archaludon|35/100
|-ability|p2b: Archaludon|Stamina|boost
|-boost|p2b: Archaludon|def|1
|move|p2b: Archaludon|Electro Shot||[still]
|-prepare|p2b: Archaludon|Electro Shot
|-boost|p2b: Archaludon|spa|1
|move|p2a: Pelipper|Weather Ball|p1b: Metagross
|-resisted|p1b: Metagross|1
|-damage|p1b: Metagross|70/100
|-damage|p2a: Pelipper|77/100|[from] item: Life Orb
|
|-weather|Sandstorm|[upkeep]
|-damage|p2a: Pelipper|71/100|[from] Sandstorm
|-heal|p2b: Archaludon|41/100|[from] item: Leftovers
|upkeep
|turn|4
|-message|Bnff forfeited.
|raw|Kevin-V8's rating: 1166 → 1197(+31 for winning)
|raw|Bnff's rating: 1249 → 1218(-31 for losing)
|
|win|Kevin-V8
|c|☆Bnff|Ggs
|c|☆Kevin-V8|i want a rematch
|l|☆Bnff
|player|p2|
