|j|☆Sedrav
|j|☆Slim Shady LPVGC
|html|SedravSlim Shady LPVGC    
|uhtml|bestof|Game 1 of a best-of-3
|t:|1756955745
|gametype|doubles
|player|p1|Sedrav|265|1161
|player|p2|Slim Shady LPVGC|cynthia|1055
|gen|9
|tier|[Gen 9] VGC 2025 Reg H (Bo3)
|rated|
|rule|Species Clause: Limit one of each Pokémon
|rule|Item Clause: Limit 1 of each item
|clearpoke
|poke|p1|Garchomp, L50, F|
|poke|p1|Talonflame, L50, F|
|poke|p1|Gholdengo, L50|
|poke|p1|Tyranitar, L50, F|
|poke|p1|Amoonguss, L50, F|
|poke|p1|Milotic, L50, F|
|poke|p2|Talonflame, L50, M|
|poke|p2|Dragapult, L50, M|
|poke|p2|Gholdengo, L50|
|poke|p2|Sneasler, L50, F|
|poke|p2|Ursaluna-Bloodmoon, L50, M|
|poke|p2|Electabuzz, L50, F|
|teampreview|4
|showteam|p1|Garchomp||LifeOrb|RoughSkin|DragonClaw,StompingTantrum,Earthquake,Protect|||F|||50|,,,,,Fairy]Talonflame||CovertCloak|GaleWings|BraveBird,Tailwind,WillOWisp,Taunt|||F|||50|,,,,,Grass]Gholdengo||MetalCoat|GoodasGold|MakeItRain,ShadowBall,NastyPlot,Protect||||||50|,,,,,Flying]Tyranitar||AssaultVest|SandStream|RockSlide,KnockOff,LowKick,TeraBlast|||F|||50|,,,,,Flying]Amoonguss||SitrusBerry|Regenerator|Spore,RagePowder,PollenPuff,Protect|||F|||50|,,,,,Water]Milotic||SafetyGoggles|Competitive|Scald,IcyWind,Haze,Protect|||F|||50|,,,,,Dragon
|showteam|p2|Talonflame||CovertCloak|GaleWings|BraveBird,FlareBlitz,Tailwind,Taunt|||M|||50|,,,,,Dark]Dragapult||ChoiceBand|ClearBody|DragonDarts,PhantomForce,SuckerPunch,Uturn|||M|||50|,,,,,Dragon]Gholdengo||MetalCoat|GoodasGold|Protect,MakeItRain,ShadowBall,NastyPlot||||||50|,,,,,Steel]Sneasler||WhiteHerb|Unburden|Protect,DireClaw,CloseCombat,FakeOut|||F|||50|,,,,,Stellar]Ursaluna-Bloodmoon||AssaultVest|MindsEye|HyperVoice,BloodMoon,EarthPower,VacuumWave|||M|||50|,,,,,Ghost]Electabuzz||Eviolite|VitalSpirit|Protect,FollowMe,Electroweb,Feint|||F|||50|,,,,,Ghost
|inactive|Battle timer is ON: inactive players will automatically lose when time's up. (requested by Slim Shady LPVGC)
|inactive|Sedrav has 60 seconds left.
|inactive|Slim Shady LPVGC has 60 seconds left.
|inactive|Slim Shady LPVGC has 30 seconds left.
|inactive|Slim Shady LPVGC has 20 seconds left.
|inactive|Slim Shady LPVGC has 15 seconds left.
|inactive|Slim Shady LPVGC has 10 seconds left.
|inactive|Slim Shady LPVGC has 5 seconds left.
|
|t:|1756955836
|teamsize|p1|4
|teamsize|p2|4
|start
|switch|p1a: Milotic|Milotic, L50, F|100/100
|switch|p1b: Tyranitar|Tyranitar, L50, F|100/100
|switch|p2a: Talonflame|Talonflame, L50, M|100/100
|switch|p2b: Dragapult|Dragapult, L50, M|100/100
|-weather|Sandstorm|[from] ability: Sand Stream|[of] p1b: Tyranitar
|turn|1
|inactive|Sedrav has 30 seconds left.
|inactive|Slim Shady LPVGC has 30 seconds left.
|inactive|Slim Shady LPVGC has 20 seconds left.
|inactive|Sedrav has 20 seconds left.
|inactive|Slim Shady LPVGC has 15 seconds left.
|inactive|Slim Shady LPVGC has 10 seconds left.
|
|t:|1756955885
|-terastallize|p2b: Dragapult|Dragon
|move|p2b: Dragapult|Dragon Darts|p1a: Milotic
|-damage|p1a: Milotic|63/100
|-anim|p2b: Dragapult|Dragon Darts|p1b: Tyranitar
|-damage|p1b: Tyranitar|64/100
|move|p2a: Talonflame|Flare Blitz|p1b: Tyranitar
|-resisted|p1b: Tyranitar
|-damage|p1b: Tyranitar|46/100
|-damage|p2a: Talonflame|93/100|[from] Recoil
|move|p1a: Milotic|Icy Wind|p2b: Dragapult|[spread] p2a,p2b
|-crit|p2a: Talonflame
|-supereffective|p2b: Dragapult
|-damage|p2a: Talonflame|69/100
|-damage|p2b: Dragapult|70/100
|move|p1b: Tyranitar|Rock Slide|p2a: Talonflame|[spread] p2a,p2b
|-supereffective|p2a: Talonflame
|-damage|p2a: Talonflame|0 fnt
|-damage|p2b: Dragapult|27/100
|faint|p2a: Talonflame
|
|-weather|Sandstorm|[upkeep]
|-damage|p2b: Dragapult|21/100|[from] Sandstorm
|upkeep
|
|t:|1756955901
|switch|p2a: Sneasler|Sneasler, L50, F|100/100
|turn|2
|inactive|Sedrav has 30 seconds left.
|inactive|Sedrav has 20 seconds left.
|inactive|Sedrav has 15 seconds left.
|
|t:|1756955943
|move|p2b: Dragapult|Dragon Darts|p1a: Milotic
|-damage|p1a: Milotic|20/100
|-anim|p2b: Dragapult|Dragon Darts|p1b: Tyranitar
|-damage|p1b: Tyranitar|5/100
|move|p2a: Sneasler|Close Combat|p1a: Milotic
|-damage|p1a: Milotic|0 fnt
|-unboost|p2a: Sneasler|def|1
|-unboost|p2a: Sneasler|spd|1
|faint|p1a: Milotic
|-enditem|p2a: Sneasler|White Herb
|-clearnegativeboost|p2a: Sneasler|[silent]
|move|p1b: Tyranitar|Rock Slide|p2b: Dragapult|[spread] 
|-miss|p1b: Tyranitar|p2a: Sneasler
|-miss|p1b: Tyranitar|p2b: Dragapult
|
|-weather|Sandstorm|[upkeep]
|-damage|p2a: Sneasler|94/100|[from] Sandstorm
|-damage|p2b: Dragapult|15/100|[from] Sandstorm
|upkeep
|
|t:|1756955963
|switch|p1a: Talonflame|Talonflame, L50, F|100/100
|turn|3
|
|t:|1756955983
|move|p1a: Talonflame|Brave Bird|p2a: Sneasler
|-supereffective|p2a: Sneasler
|-damage|p2a: Sneasler|0 fnt
|faint|p2a: Sneasler
|-damage|p1a: Talonflame|67/100|[from] Recoil
|move|p2b: Dragapult|Dragon Darts|p1a: Talonflame
|-damage|p1a: Talonflame|0 fnt
|-anim|p2b: Dragapult|Dragon Darts|p1b: Tyranitar
|-damage|p1b: Tyranitar|0 fnt
|faint|p1a: Talonflame
|faint|p1b: Tyranitar
|
|-weather|Sandstorm|[upkeep]
|-damage|p2b: Dragapult|9/100|[from] Sandstorm
|upkeep
|
|t:|1756955995
|switch|p2a: Gholdengo|Gholdengo, L50|100/100
|switch|p1b: Garchomp|Garchomp, L50, F|100/100
|turn|4
|
|t:|1756956004
|-terastallize|p1b: Garchomp|Fairy
|move|p2b: Dragapult|Dragon Darts|p1b: Garchomp
|-immune|p1b: Garchomp
|move|p1b: Garchomp|Earthquake|p2a: Gholdengo|[spread] p2a,p2b
|-supereffective|p2a: Gholdengo
|-damage|p2a: Gholdengo|0 fnt
|-damage|p2b: Dragapult|0 fnt
|faint|p2a: Gholdengo
|faint|p2b: Dragapult
|-damage|p1b: Garchomp|91/100|[from] item: Life Orb
|
|win|Sedrav
||Slim Shady LPVGC is ready for game 2.
