|j|☆Filippo1226
|j|☆TheRainRainRain
|html|Filippo1226TheRainRainRain    
|uhtml|bestof|Game 1 of a best-of-3
|t:|1757079633
|gametype|doubles
|player|p1|Filippo1226|dragontamer|1267
|player|p2|TheRainRainRain|sailor|1332
|gen|9
|tier|[Gen 9] VGC 2025 Reg H (Bo3)
|rated|
|rule|Species Clause: Limit one of each Pokémon
|rule|Item Clause: Limit 1 of each item
|clearpoke
|poke|p1|Talonflame, L50, F|
|poke|p1|Kommo-o, L50, F|
|poke|p1|Mamoswine, L50, M|
|poke|p1|Gholdengo, L50|
|poke|p1|Gallade, L50, M|
|poke|p1|Electabuzz, L50, F|
|poke|p2|Incineroar, L50, M|
|poke|p2|Ursaluna-Bloodmoon, L50, M|
|poke|p2|Gholdengo, L50|
|poke|p2|Rillaboom, L50, M|
|poke|p2|Dragonite, L50, M|
|poke|p2|Sneasler, L50, M|
|teampreview|4
|showteam|p1|Talonflame||CovertCloak|GaleWings|DualWingbeat,Taunt,Tailwind,QuickGuard|||F|||50|,,,,,Flying]Kommo-o||ChoiceSpecs|Overcoat|ClangingScales,Flamethrower,AuraSphere,DracoMeteor|||F|||50|,,,,,Dragon]Mamoswine||LoadedDice|Oblivious|IcicleSpear,Earthquake,HighHorsepower,Protect|||M|||50|,,,,,Ground]Gholdengo||LifeOrb|GoodasGold|MakeItRain,ShadowBall,NastyPlot,Protect||||||50|,,,,,Water]Gallade||SitrusBerry|Sharpness|SacredSword,Imprison,TrickRoom,PsychoCut|||M|||50|,,,,,Dark]Electabuzz||Eviolite|VitalSpirit|Electroweb,FollowMe,Thunderbolt,Protect|||F|||50|,,,,,Flying
|showteam|p2|Incineroar||SafetyGoggles|Intimidate|FlareBlitz,KnockOff,FakeOut,PartingShot|||M|||50|,,,,,Ghost]Ursaluna-Bloodmoon||Leftovers|MindsEye|BloodMoon,EarthPower,CalmMind,Protect|||M|||50|,,,,,Electric]Gholdengo||LifeOrb|GoodasGold|MakeItRain,ShadowBall,NastyPlot,Protect||||||50|,,,,,Water]Rillaboom||AssaultVest|GrassySurge|FakeOut,GrassyGlide,WoodHammer,HighHorsepower|||M|||50|,,,,,Fire]Dragonite||LoadedDice|Multiscale|Tailwind,ScaleShot,Protect,Haze|||M|||50|,,,,,Fairy]Sneasler||FocusSash|PoisonTouch|CloseCombat,DireClaw,Coaching,FakeOut|||M|||50|,,,,,Ghost
|inactive|Battle timer is ON: inactive players will automatically lose when time's up. (requested by Filippo1226)
|
|t:|1757079695
|teamsize|p1|4
|teamsize|p2|4
|start
|switch|p1a: Talonflame|Talonflame, L50, F|100/100
|switch|p1b: Mamoswine|Mamoswine, L50, M|100/100
|switch|p2a: Dragonite|Dragonite, L50, M|100/100
|switch|p2b: Sneasler|Sneasler, L50, M|100/100
|turn|1
|inactive|TheRainRainRain has 30 seconds left.
|inactive|TheRainRainRain has 20 seconds left.
|
|t:|1757079730
|move|p2b: Sneasler|Fake Out|p1b: Mamoswine
|-damage|p1b: Mamoswine|83/100
|move|p1a: Talonflame|Tailwind|p1a: Talonflame
|-sidestart|p1: Filippo1226|move: Tailwind
|cant|p1b: Mamoswine|flinch
|move|p2a: Dragonite|Scale Shot|p1a: Talonflame
|-damage|p1a: Talonflame|80/100
|-damage|p1a: Talonflame|58/100
|-damage|p1a: Talonflame|38/100
|-damage|p1a: Talonflame|16/100
|-hitcount|p1a: Talonflame|4
|-unboost|p2a: Dragonite|def|1
|-boost|p2a: Dragonite|spe|1
|
|upkeep
|turn|2
|inactive|TheRainRainRain has 30 seconds left.
|inactive|TheRainRainRain has 20 seconds left.
|
|t:|1757079769
|-terastallize|p1a: Talonflame|Flying
|-terastallize|p2a: Dragonite|Fairy
|move|p1a: Talonflame|Dual Wingbeat|p2b: Sneasler
|-supereffective|p2b: Sneasler
|-damage|p2b: Sneasler|31/100
|-supereffective|p2b: Sneasler
|-damage|p2b: Sneasler|0 fnt
|faint|p2b: Sneasler
|-hitcount|p2: Sneasler|2
|move|p1b: Mamoswine|Icicle Spear|p2a: Dragonite
|-damage|p2a: Dragonite|88/100
|-damage|p2a: Dragonite|64/100
|-crit|p2a: Dragonite
|-damage|p2a: Dragonite|24/100
|-damage|p2a: Dragonite|1/100
|-damage|p2a: Dragonite|0 fnt
|faint|p2a: Dragonite
|-hitcount|p2: Dragonite|5
|
|upkeep
|-message|TheRainRainRain forfeited.
|
|win|Filippo1226
||Filippo1226 is ready for game 2.
||TheRainRainRain is ready for game 2.
|uhtml|next|Next: Game 2 of 3
|l|☆Filippo1226
|player|p1|
