|j|☆euren888
|j|☆lirtyz0977
|html|euren888lirtyz0977    
|uhtml|bestof|Game 1 of a best-of-3
|t:|1783087695
|gametype|doubles
|player|p1|euren888|266|1000
|player|p2|lirtyz0977|giovanni|1040
|gen|9
|tier|[Gen 9 Champions] VGC 2026 Reg M-B (Bo3)
|rated|
|rule|Species Clause: Limit one of each Pokémon
|rule|Item Clause: Limit 1 of each item
|clearpoke
|poke|p1|Swampert, L50, M|
|poke|p1|Pelipper, L50, F|
|poke|p1|Krookodile, L50, F|
|poke|p1|Whimsicott, L50, M|
|poke|p1|Metagross, L50|
|poke|p1|Farigiraf, L50, M|
|poke|p2|Charizard, L50, M|
|poke|p2|Venusaur, L50, M|
|poke|p2|Pikachu, L50, M|
|poke|p2|Blastoise, L50, M|
|poke|p2|Snorlax, L50, M|
|poke|p2|Espeon, L50, M|
|teampreview|4
|showteam|p1|Swampert||Swampertite|Torrent|Protect,WaveCrash,Earthquake,IcePunch|Serious||M|||50|]Pelipper||FocusSash|KeenEye|WeatherBall,Protect,IceBeam,HydroPump|Serious||F|||50|]Krookodile||LifeOrb|Intimidate|Earthquake,DragonClaw,KnockOff,RockSlide|Serious||F|||50|]Whimsicott||SitrusBerry|Prankster|Tailwind,Taunt,LeechSeed,PlayRough|Serious||M|||50|]Metagross||Metagrossite|ClearBody|IronHead,Protect,PsychicFangs,RockSlide|Serious|||||50|]Farigiraf||ChoiceScarf|CudChew|HyperVoice,ThunderWave,Protect,Psychic|Serious||M|||50|
|showteam|p2|Charizard||CharizarditeY|Blaze|WeatherBall,AirSlash,SolarBeam,Earthquake|Hasty||M|||50|]Venusaur||MiracleSeed|Chlorophyll|Growth,SludgeWave,GigaDrain,EarthPower|Modest||M|||50|]Pikachu||LightBall|LightningRod|WildCharge,PlayRough,Surf,FakeOut|Hasty||M|||50|]Blastoise||WhiteHerb|Torrent|ShellSmash,Surf,IceBeam,Earthquake|Mild||M|||50|]Snorlax||SitrusBerry|Immunity|BellyDrum,BodySlam,Earthquake,ZenHeadbutt|Adamant||M|||50|]Espeon||FocusSash|MagicBounce|CalmMind,Psychic,ShadowBall,AlluringVoice|Timid||M|||50|
|inactive|Battle timer is ON: inactive players will automatically lose when time's up. (requested by lirtyz0977)
|
|t:|1783087724
|teamsize|p1|4
|teamsize|p2|4
|start
|switch|p1a: Swampert|Swampert, L50, M|100/100
|switch|p1b: Pelipper|Pelipper, L50, F|100/100
|switch|p2a: Pikachu|Pikachu, L50, M|100/100
|switch|p2b: Snorlax|Snorlax, L50, M|100/100
|turn|1
|
|t:|1783087744
|detailschange|p1a: Swampert|Swampert-Mega, L50, M
|-mega|p1a: Swampert|Swampert|Swampertite
|move|p2a: Pikachu|Fake Out|p1a: Swampert
|-damage|p1a: Swampert|85/100
|cant|p1a: Swampert|flinch
|move|p1b: Pelipper|Weather Ball|p2b: Snorlax
|-damage|p2b: Snorlax|92/100
|move|p2b: Snorlax|Belly Drum|p2b: Snorlax
|-damage|p2b: Snorlax|42/100
|-setboost|p2b: Snorlax|atk|6|[from] move: Belly Drum
|-enditem|p2b: Snorlax|Sitrus Berry|[eat]
|-heal|p2b: Snorlax|67/100|[from] item: Sitrus Berry
|
|upkeep
|turn|2
|
|t:|1783087760
|move|p2a: Pikachu|Wild Charge|p1b: Pelipper
|-supereffective|p1b: Pelipper|2
|-enditem|p1b: Pelipper|Focus Sash
|-damage|p1b: Pelipper|1/100
|-damage|p2a: Pikachu|69/100|[from] Recoil
|move|p1a: Swampert|Wave Crash|p2b: Snorlax
|-damage|p2b: Snorlax|0 fnt
|faint|p2b: Snorlax
|-damage|p1a: Swampert|51/100|[from] Recoil
|move|p1b: Pelipper|Ice Beam|p2a: Pikachu
|-damage|p2a: Pikachu|5/100
|
|upkeep
|
|t:|1783087764
|switch|p2b: Charizard|Charizard, L50, M|100/100
|turn|3
|inactive|euren888 has 30 seconds left.
|
|t:|1783087793
|switch|p1b: Whimsicott|Whimsicott, L50, M|100/100
|detailschange|p2b: Charizard|Charizard-Mega-Y, L50, M
|-mega|p2b: Charizard|Charizard|Charizardite Y
|-weather|SunnyDay|[from] ability: Drought|[of] p2b: Charizard
|move|p2b: Charizard|Solar Beam||[still]
|-prepare|p2b: Charizard|Solar Beam
|-anim|p2b: Charizard|Solar Beam|p1a: Swampert
|-supereffective|p1a: Swampert|2
|-damage|p1a: Swampert|0 fnt
|faint|p1a: Swampert
|move|p2a: Pikachu|Play Rough|p1b: Whimsicott|[miss]
|-miss|p2a: Pikachu|p1b: Whimsicott
|
|-weather|SunnyDay|[upkeep]
|upkeep
|l|☆euren888
|inactive|euren888 disconnected and has a minute to reconnect!
|player|p1|
|inactive|euren888 has 30 seconds left.
|inactive|euren888 has 20 seconds left.
|inactive|euren888 has 15 seconds left.
|inactive|euren888 has 10 seconds left.
|inactive|euren888 has 5 seconds left.
|-message|euren888 lost due to inactivity.
|
|win|lirtyz0977
