|j|☆nicven
|j|☆Il Mule
|html|nicvenIl Mule    
|uhtml|bestof|Game 1 of a best-of-3
|t:|1756764580
|gametype|doubles
|player|p1|nicven|265|1502
|player|p2|Il Mule|102|1600
|gen|9
|tier|[Gen 9] VGC 2025 Reg H (Bo3)
|rated|
|rule|Species Clause: Limit one of each Pokémon
|rule|Item Clause: Limit 1 of each item
|clearpoke
|poke|p1|Sneasler, L50, M|
|poke|p1|Dragonite, L50, F|
|poke|p1|Rillaboom, L50, F|
|poke|p1|Basculegion, L50, M|
|poke|p1|Volcarona, L50, F|
|poke|p1|Kingambit, L50, F|
|poke|p2|Corviknight, L50, M|
|poke|p2|Garchomp, L50, M|
|poke|p2|Tyranitar, L50, M|
|poke|p2|Gholdengo, L50|
|poke|p2|Sneasler, L50, M|
|poke|p2|Incineroar, L50, M|
|teampreview|4
|showteam|p1|Sneasler||FocusSash|Unburden|CloseCombat,DireClaw,Coaching,Protect|||M|||50|,,,,,Stellar]Dragonite||LoadedDice|Multiscale|ScaleShot,ExtremeSpeed,Haze,Protect|||F|||50|,,,,,Fairy]Rillaboom||AssaultVest|GrassySurge|WoodHammer,GrassyGlide,Uturn,FakeOut|||F|||50|,,,,,Fire]Basculegion||ChoiceScarf|Adaptability|WaveCrash,FlipTurn,LastRespects,AquaJet|||M|||50|,,,,,Water]Volcarona||GrassySeed|FlameBody|HeatWave,TeraBlast,QuiverDance,Protect|||F|||50|,,,,,Fairy]Kingambit||SafetyGoggles|Defiant|KowtowCleave,SuckerPunch,SwordsDance,Protect|||F|||50|,,,,,Water
|showteam|p2|Corviknight||CovertCloak|MirrorArmor|BraveBird,Taunt,Roost,Tailwind|||M|||50|,,,,,Dragon]Garchomp||ClearAmulet|RoughSkin|Earthquake,DragonClaw,StompingTantrum,Protect|||M|||50|,,,,,Steel]Tyranitar||AssaultVest|SandStream|RockSlide,KnockOff,TeraBlast,LowKick|||M|||50|,,,,,Flying]Gholdengo||LifeOrb|GoodasGold|MakeItRain,ShadowBall,NastyPlot,Protect||||||50|,,,,,Flying]Sneasler||WhiteHerb|Unburden|DireClaw,CloseCombat,Coaching,Protect|||M|||50|,,,,,Ghost]Incineroar||SafetyGoggles|Intimidate|FlareBlitz,WillOWisp,PartingShot,FakeOut|||M|||50|,,,,,Ghost
|inactive|Battle timer is ON: inactive players will automatically lose when time's up. (requested by Il Mule)
|inactive|nicven has 60 seconds left.
|inactive|nicven has 30 seconds left.
|inactive|nicven has 20 seconds left.
|inactive|nicven has 15 seconds left.
|inactive|nicven has 10 seconds left.
|inactive|nicven has 5 seconds left.
|
|t:|1756764682
|teamsize|p1|4
|teamsize|p2|4
|start
|switch|p1a: Rillaboom|Rillaboom, L50, F|100/100
|switch|p1b: Volcarona|Volcarona, L50, F|100/100
|switch|p2a: Incineroar|Incineroar, L50, M|100/100
|switch|p2b: Garchomp|Garchomp, L50, M|100/100
|-fieldstart|move: Grassy Terrain|[from] ability: Grassy Surge|[of] p1a: Rillaboom
|-enditem|p1b: Volcarona|Grassy Seed
|-boost|p1b: Volcarona|def|1|[from] item: Grassy Seed
|-ability|p2a: Incineroar|Intimidate|boost
|-unboost|p1a: Rillaboom|atk|1
|-unboost|p1b: Volcarona|atk|1
|turn|1
|inactive|nicven has 30 seconds left.
|inactive|Il Mule has 30 seconds left.
|
|t:|1756764714
|-terastallize|p1b: Volcarona|Fairy
|move|p1a: Rillaboom|Fake Out|p2a: Incineroar
|-crit|p2a: Incineroar
|-damage|p2a: Incineroar|82/100
|move|p2b: Garchomp|Dragon Claw|p1b: Volcarona
|-immune|p1b: Volcarona
|move|p1b: Volcarona|Quiver Dance|p1b: Volcarona
|-boost|p1b: Volcarona|spa|1
|-boost|p1b: Volcarona|spd|1
|-boost|p1b: Volcarona|spe|1
|cant|p2a: Incineroar|flinch
|
|-heal|p2a: Incineroar|88/100|[from] Grassy Terrain
|upkeep
|turn|2
|inactive|nicven has 30 seconds left.
|inactive|nicven has 20 seconds left.
|inactive|nicven has 15 seconds left.
|inactive|nicven has 10 seconds left.
|
|t:|1756764760
|move|p2b: Garchomp|Protect|p2b: Garchomp
|-singleturn|p2b: Garchomp|Protect
|move|p1b: Volcarona|Quiver Dance|p1b: Volcarona
|-boost|p1b: Volcarona|spa|1
|-boost|p1b: Volcarona|spd|1
|-boost|p1b: Volcarona|spe|1
|move|p1a: Rillaboom|U-turn|p2a: Incineroar
|-crit|p2a: Incineroar
|-damage|p2a: Incineroar|61/100
|inactive|nicven has 30 seconds left.
|inactive|nicven has 20 seconds left.
|
|t:|1756764799
|switch|p1a: Basculegion|Basculegion, L50, M|100/100|[from] U-turn
|move|p2a: Incineroar|Parting Shot|p1b: Volcarona
|-unboost|p1b: Volcarona|atk|1
|-unboost|p1b: Volcarona|spa|1
|
|t:|1756764805
|switch|p2a: Tyranitar|Tyranitar, L50, M|100/100|[from] Parting Shot
|-weather|Sandstorm|[from] ability: Sand Stream|[of] p2a: Tyranitar
|
|-weather|Sandstorm|[upkeep]
|-damage|p1b: Volcarona|95/100|[from] Sandstorm
|-damage|p1a: Basculegion|94/100|[from] Sandstorm
|-heal|p1b: Volcarona|100/100|[from] Grassy Terrain
|-heal|p1a: Basculegion|100/100|[from] Grassy Terrain
|upkeep
|turn|3
|inactive|nicven has 30 seconds left.
|inactive|nicven has 20 seconds left.
|inactive|Il Mule has 30 seconds left.
|
|t:|1756764840
|switch|p2b: Incineroar|Incineroar, L50, M|61/100
|-ability|p2b: Incineroar|Intimidate|boost
|-unboost|p1a: Basculegion|atk|1
|-unboost|p1b: Volcarona|atk|1
|move|p1b: Volcarona|Tera Blast|p2b: Incineroar|[anim] Tera Blast Fairy
|-crit|p2b: Incineroar
|-damage|p2b: Incineroar|0 fnt
|faint|p2b: Incineroar
|move|p1a: Basculegion|Flip Turn|p2a: Tyranitar
|-supereffective|p2a: Tyranitar
|-damage|p2a: Tyranitar|57/100
|
|t:|1756764855
|switch|p1a: Rillaboom|Rillaboom, L50, F|100/100|[from] Flip Turn
|move|p2a: Tyranitar|Knock Off|p1a: Rillaboom
|-damage|p1a: Rillaboom|55/100
|-enditem|p1a: Rillaboom|Assault Vest|[from] move: Knock Off|[of] p2a: Tyranitar
|
|-weather|Sandstorm|[upkeep]
|-damage|p1b: Volcarona|95/100|[from] Sandstorm
|-damage|p1a: Rillaboom|49/100|[from] Sandstorm
|-heal|p1b: Volcarona|100/100|[from] Grassy Terrain
|-heal|p1a: Rillaboom|55/100|[from] Grassy Terrain
|-heal|p2a: Tyranitar|62/100|[from] Grassy Terrain
|upkeep
|-message|Il Mule forfeited.
|
|win|nicven
|l|☆Il Mule
|player|p2|
||nicven is ready for game 2.
||Il Mule is ready for game 2.
|uhtml|next|Next: Game 2 of 3
