|j|☆FFLastResort
|j|☆TrainerChrxs
|html|FFLastResortTrainerChrxs    
|uhtml|bestof|Game 2 of a best-of-3
|t:|1757024511
|gametype|doubles
|player|p1|FFLastResort|ethan|1299
|player|p2|TrainerChrxs|psychic-gen4|1351
|gen|9
|tier|[Gen 9] VGC 2025 Reg H (Bo3)
|rated|
|rule|Species Clause: Limit one of each Pokémon
|rule|Item Clause: Limit 1 of each item
|clearpoke
|poke|p1|Gholdengo, L50|
|poke|p1|Dragonite, L50, M|
|poke|p1|Maushold-Four, L50|
|poke|p1|Rillaboom, L50, F|
|poke|p1|Ursaluna-Bloodmoon, L50, M|
|poke|p1|Annihilape, L50, M|
|poke|p2|Ninetales-Alola, L50, M|
|poke|p2|Baxcalibur, L50, F|
|poke|p2|Rillaboom, L50, M|
|poke|p2|Electabuzz, L50, F|
|poke|p2|Tauros-Paldea-Blaze, L50, M|
|poke|p2|Primarina, L50, M|
|teampreview|4
|showteam|p1|Gholdengo||LifeOrb|GoodasGold|MakeItRain,ShadowBall,NastyPlot,Protect||||||50|,,,,,Water]Dragonite||LoadedDice|Multiscale|Tailwind,Haze,Protect,ScaleShot|||M|||50|,,,,,Fairy]Maushold-Four||FocusSash|FriendGuard|Taunt,FollowMe,BeatUp,Protect||||||50|,,,,,Ghost]Rillaboom||MiracleSeed|GrassySurge|FakeOut,WoodHammer,GrassyGlide,HighHorsepower|||F|||50|,,,,,Grass]Ursaluna-Bloodmoon||AssaultVest|MindsEye|BloodMoon,EarthPower,HyperVoice,VacuumWave|||M|||50|,,,,,Water]Annihilape||SitrusBerry|Defiant|DrainPunch,RageFist,BulkUp,Protect|||M|||50|,,,,,Fire
|showteam|p2|Ninetales-Alola||LightClay|SnowWarning|Protect,FreezeDry,Moonblast,AuroraVeil|||M|||50|,,,,,Water]Baxcalibur||LoadedDice|IceBody|Protect,GlaiveRush,IcicleSpear,SwordsDance|||F|||50|,,,,,Fire]Rillaboom||AssaultVest|GrassySurge|FakeOut,WoodHammer,GrassyGlide,Uturn|||M|||50|,,,,,Fire]Electabuzz||Eviolite|VitalSpirit|Protect,FollowMe,VoltSwitch,Electroweb|||F|||50|,,,,,Dragon]Tauros-Paldea-Blaze||ClearAmulet|Intimidate|Protect,RagingBull,CloseCombat,WillOWisp|||M|||50|,,,,,Ghost]Primarina||Leftovers|LiquidVoice|Protect,HyperVoice,Moonblast,CalmMind|||M|||50|,,,,,Poison
|inactive|Battle timer is ON: inactive players will automatically lose when time's up. (requested by FFLastResort)
|
|t:|1757024555
|teamsize|p1|4
|teamsize|p2|4
|start
|switch|p1a: Gholdengo|Gholdengo, L50|100/100
|switch|p1b: Maushold|Maushold-Four, L50|100/100
|switch|p2a: Electabuzz|Electabuzz, L50, F|100/100
|switch|p2b: Baxcalibur|Baxcalibur, L50, F|100/100
|turn|1
|
|t:|1757024567
|move|p2a: Electabuzz|Follow Me|p2a: Electabuzz
|-singleturn|p2a: Electabuzz|move: Follow Me
|move|p1b: Maushold|Taunt|p2a: Electabuzz
|-start|p2a: Electabuzz|move: Taunt
|move|p1a: Gholdengo|Nasty Plot|p1a: Gholdengo
|-boost|p1a: Gholdengo|spa|2
|move|p2b: Baxcalibur|Swords Dance|p2b: Baxcalibur
|-boost|p2b: Baxcalibur|atk|2
|
|upkeep
|turn|2
|inactive|TrainerChrxs has 30 seconds left.
|
|t:|1757024596
|-terastallize|p2b: Baxcalibur|Fire
|move|p1b: Maushold|Follow Me|p1b: Maushold
|-singleturn|p1b: Maushold|move: Follow Me
|move|p2a: Electabuzz|Electroweb|p1b: Maushold|[spread] p1a,p1b
|-damage|p1a: Gholdengo|89/100
|-damage|p1b: Maushold|82/100
|-unboost|p1a: Gholdengo|spe|1
|-unboost|p1b: Maushold|spe|1
|move|p2b: Baxcalibur|Icicle Spear|p1b: Maushold
|-damage|p1b: Maushold|47/100
|-damage|p1b: Maushold|13/100
|-damage|p1b: Maushold|0 fnt
|faint|p1b: Maushold
|-hitcount|p1: Maushold|3
|move|p1a: Gholdengo|Shadow Ball|p2b: Baxcalibur
|-damage|p2b: Baxcalibur|5/100
|-damage|p1a: Gholdengo|80/100|[from] item: Life Orb
|
|upkeep
|
|t:|1757024606
|switch|p1b: Rillaboom|Rillaboom, L50, F|100/100
|-fieldstart|move: Grassy Terrain|[from] ability: Grassy Surge|[of] p1b: Rillaboom
|turn|3
|
|t:|1757024630
|switch|p2a: Rillaboom|Rillaboom, L50, M|100/100
|move|p2b: Baxcalibur|Protect|p2b: Baxcalibur
|-singleturn|p2b: Baxcalibur|Protect
|move|p1b: Rillaboom|Grassy Glide|p2b: Baxcalibur
|-activate|p2b: Baxcalibur|move: Protect
|move|p1a: Gholdengo|Shadow Ball|p2a: Rillaboom
|-damage|p2a: Rillaboom|36/100
|-damage|p1a: Gholdengo|70/100|[from] item: Life Orb
|
|-heal|p2b: Baxcalibur|11/100|[from] Grassy Terrain
|-heal|p1a: Gholdengo|76/100|[from] Grassy Terrain
|-heal|p2a: Rillaboom|42/100|[from] Grassy Terrain
|upkeep
|turn|4
|inactive|FFLastResort has 30 seconds left.
|inactive|TrainerChrxs has 30 seconds left.
|inactive|TrainerChrxs has 20 seconds left.
|inactive|TrainerChrxs has 15 seconds left.
|
|t:|1757024672
|switch|p1b: Annihilape|Annihilape, L50, M|100/100
|move|p2a: Rillaboom|Fake Out|p1b: Annihilape
|-immune|p1b: Annihilape
|move|p2b: Baxcalibur|Icicle Spear|p1a: Gholdengo
|-resisted|p1a: Gholdengo
|-damage|p1a: Gholdengo|62/100
|-resisted|p1a: Gholdengo
|-damage|p1a: Gholdengo|45/100
|-resisted|p1a: Gholdengo
|-damage|p1a: Gholdengo|28/100
|-resisted|p1a: Gholdengo
|-damage|p1a: Gholdengo|12/100
|-hitcount|p1a: Gholdengo|4
|move|p1a: Gholdengo|Make It Rain|p2b: Baxcalibur|[spread] p2a,p2b
|-resisted|p2b: Baxcalibur
|-damage|p2a: Rillaboom|0 fnt
|-damage|p2b: Baxcalibur|0 fnt
|-unboost|p1a: Gholdengo|spa|1
|faint|p2a: Rillaboom
|faint|p2b: Baxcalibur
|-damage|p1a: Gholdengo|3/100|[from] item: Life Orb
|
|-heal|p1a: Gholdengo|9/100|[from] Grassy Terrain
|upkeep
|
|t:|1757024687
|switch|p2b: Primarina|Primarina, L50, M|100/100
|switch|p2a: Electabuzz|Electabuzz, L50, F|100/100
|turn|5
|inactive|FFLastResort has 30 seconds left.
|
|t:|1757024721
|switch|p1a: Rillaboom|Rillaboom, L50, F|100/100
|move|p2a: Electabuzz|Volt Switch|p1a: Rillaboom
|-resisted|p1a: Rillaboom
|-damage|p1a: Rillaboom|86/100
|move|p1b: Annihilape|Rage Fist|p2b: Primarina
|-damage|p2b: Primarina|79/100
|move|p2b: Primarina|Calm Mind|p2b: Primarina
|-boost|p2b: Primarina|spa|1
|-boost|p2b: Primarina|spd|1
|
|-heal|p1a: Rillaboom|93/100|[from] Grassy Terrain
|-heal|p2b: Primarina|86/100|[from] Grassy Terrain
|-heal|p2b: Primarina|92/100|[from] item: Leftovers
|upkeep
|turn|6
|inactive|TrainerChrxs has 30 seconds left.
|inactive|FFLastResort has 30 seconds left.
|
|t:|1757024755
|-terastallize|p1a: Rillaboom|Grass
|move|p2a: Electabuzz|Protect|p2a: Electabuzz
|-singleturn|p2a: Electabuzz|Protect
|move|p1b: Annihilape|Rage Fist|p2b: Primarina
|-damage|p2b: Primarina|71/100
|move|p1a: Rillaboom|Wood Hammer|p2b: Primarina
|-supereffective|p2b: Primarina
|-damage|p2b: Primarina|0 fnt
|faint|p2b: Primarina
|-damage|p1a: Rillaboom|71/100|[from] Recoil
|
|-heal|p1a: Rillaboom|78/100|[from] Grassy Terrain
|upkeep
|turn|7
|c|☆TrainerChrxs|Gg
|c|☆TrainerChrxs|sir
|c|☆FFLastResort|gg
|inactive|TrainerChrxs has 30 seconds left.
|c|☆TrainerChrxs|does follow me not mean anything to you 😭
|inactive|TrainerChrxs has 20 seconds left.
|inactive|TrainerChrxs has 15 seconds left.
|c|☆TrainerChrxs|that’s such a hard read wp tho
|inactive|TrainerChrxs has 10 seconds left.
|
|t:|1757024801
|move|p2a: Electabuzz|Protect||[still]
|-fail|p2a: Electabuzz
|move|p1b: Annihilape|Bulk Up|p1b: Annihilape
|-boost|p1b: Annihilape|atk|1
|-boost|p1b: Annihilape|def|1
|move|p1a: Rillaboom|Wood Hammer|p2a: Electabuzz
|-damage|p2a: Electabuzz|0 fnt
|faint|p2a: Electabuzz
|-damage|p1a: Rillaboom|48/100|[from] Recoil
|
|win|FFLastResort
|raw|FFLastResort's rating: 1299 → 1328(+29 for winning)
|raw|TrainerChrxs's rating: 1351 → 1328(-23 for losing)
|c|☆FFLastResort|yeah but i mean buzz dies
|c|☆FFLastResort|you don't kill rilla
|c|☆TrainerChrxs|That’s just choosing to lose to fm
|c|☆TrainerChrxs|yes I do
|c|☆FFLastResort|and i win in the next tbh
|c|☆FFLastResort|with what?
|c|☆TrainerChrxs|plus one? Mb
|c|☆FFLastResort|Moonblast?
|c|☆TrainerChrxs|your not av
|c|☆FFLastResort|You don't kill lmao
|c|☆FFLastResort|spa of primarina?
|c|☆FFLastResort|and btw if follow me kills, just click it lol
|c|☆TrainerChrxs|Truth
|c|☆TrainerChrxs|I’m saying that’s a crazy read
|c|☆TrainerChrxs|236
|c|☆TrainerChrxs|Modest
|c|☆TrainerChrxs|Plus 1
|c|☆TrainerChrxs|At 90%
|c|☆TrainerChrxs|I means it’s a great read all I’m saying is it just caught me off guard
|c|☆FFLastResort|+1 236+ SpA Primarina Moonblast vs. 132 HP / 36 SpD Rillaboom: 163-193 (84.8 - 100.5%) -- 6.25% chance to OHKO
|c|☆FFLastResort|that's still a roll
|c|☆FFLastResort|then i can click rage fist plus make it rain lmao
|c|☆TrainerChrxs|Fair enough still just surprised
|c|☆TrainerChrxs|that doesn’t kill
|l|☆TrainerChrxs
|player|p2|
|c|☆FFLastResort|gg
