|j|☆latios66
|j|☆MrTedno
|html|latios66MrTedno    
|uhtml|bestof|Game 2 of a best-of-3
|t:|1756896775
|gametype|doubles
|player|p1|latios66|265|1142
|player|p2|MrTedno|barry|1265
|gen|9
|tier|[Gen 9] VGC 2025 Reg H (Bo3)
|rated|
|rule|Species Clause: Limit one of each Pokémon
|rule|Item Clause: Limit 1 of each item
|clearpoke
|poke|p1|Toedscruel, L50, F|
|poke|p1|Weezing-Galar, L50, M|
|poke|p1|Corviknight, L50, F|
|poke|p1|Pawmot, L50, M|
|poke|p1|Garchomp, L50, F|
|poke|p1|Typhlosion-Hisui, L50, F|
|poke|p2|Ninetales-Alola, L50, F|
|poke|p2|Garchomp, L50, M|
|poke|p2|Dragonite, L50, F|
|poke|p2|Incineroar, L50, F|
|poke|p2|Gholdengo, L50|
|poke|p2|Farigiraf, L50, M|
|teampreview|4
|showteam|p1|Toedscruel||CovertCloak|MyceliumMight|Spore,EarthPower,AcidSpray,RagePowder|||F|||50|,,,,,Water]Weezing-Galar||ChoiceSpecs|NeutralizingGas|DazzlingGleam,SludgeBomb,StrangeSteam,Flamethrower|||M|||50|,,,,,Fire]Corviknight||SitrusBerry|MirrorArmor|Protect,Tailwind,Roost,BraveBird|||F|||50|,,,,,Dragon]Pawmot||FocusSash|NaturalCure|Protect,CloseCombat,DoubleShock,FakeOut|||M|||50|,,,,,Electric]Garchomp||LifeOrb|RoughSkin|Protect,Earthquake,DragonClaw,StompingTantrum|||F|||50|,,,,,Ground]Typhlosion-Hisui||ChoiceScarf|Blaze|Eruption,SleepTalk,HeatWave,ShadowBall|||F|||50|,,,,,Fire
|showteam|p2|Ninetales-Alola||FocusSash|SnowWarning|Encore,Blizzard,FreezeDry,Protect|||F|||50|,,,,,Ghost]Garchomp||ClearAmulet|RoughSkin|Earthquake,DragonClaw,StompingTantrum,Protect|||M|||50|,,,,,Ground]Dragonite||LumBerry|InnerFocus|TeraBlast,LowKick,ExtremeSpeed,Protect|||F|||50|,,,,,Flying]Incineroar||SafetyGoggles|Intimidate|FakeOut,PartingShot,FlareBlitz,KnockOff|||F|||50|,,,,,Ghost]Gholdengo||LifeOrb|GoodasGold|ShadowBall,MakeItRain,NastyPlot,Protect||||||50|,,,,,Flying]Farigiraf||SitrusBerry|ArmorTail|TrickRoom,Protect,TeraBlast,PsychicNoise|||M|||50|,,,,,Fighting
|inactive|Battle timer is ON: inactive players will automatically lose when time's up. (requested by MrTedno)
|
|t:|1756896801
|teamsize|p1|4
|teamsize|p2|4
|start
|switch|p1a: Toedscruel|Toedscruel, L50, F|100/100
|switch|p1b: Weezing|Weezing-Galar, L50, M|100/100
|switch|p2a: Marty|Dragonite, L50, F|100/100
|switch|p2b: Julien|Incineroar, L50, F|100/100
|-ability|p1b: Weezing|Neutralizing Gas
|turn|1
|inactive|MrTedno has 30 seconds left.
|
|t:|1756896830
|-terastallize|p2a: Marty|Flying
|move|p2b: Julien|Fake Out|p1b: Weezing
|-crit|p1b: Weezing
|-damage|p1b: Weezing|82/100
|move|p1a: Toedscruel|Earth Power|p2b: Julien
|-supereffective|p2b: Julien
|-damage|p2b: Julien|60/100
|move|p2a: Marty|Tera Blast|p1a: Toedscruel|[anim] Tera Blast Flying
|-supereffective|p1a: Toedscruel
|-damage|p1a: Toedscruel|0 fnt
|faint|p1a: Toedscruel
|cant|p1b: Weezing|flinch
|
|upkeep
|
|t:|1756896850
|switch|p1a: Typhlosion|Typhlosion-Hisui, L50, F|100/100
|turn|2
|
|t:|1756896873
|-terastallize|p1a: Typhlosion|Fire
|move|p1a: Typhlosion|Eruption|p2b: Julien|[spread] p2a,p2b
|-resisted|p2b: Julien
|-damage|p2a: Marty|11/100
|-damage|p2b: Julien|26/100
|move|p2a: Marty|Tera Blast|p1b: Weezing|[anim] Tera Blast Flying
|-damage|p1b: Weezing|15/100
|move|p1b: Weezing|Dazzling Gleam|p2a: Marty|[spread] p2a,p2b
|-damage|p2a: Marty|0 fnt
|-damage|p2b: Julien|0 fnt
|faint|p2a: Marty
|faint|p2b: Julien
|
|upkeep
|
|t:|1756896881
|switch|p2a: Alex|Garchomp, L50, M|100/100
|switch|p2b: Skipper|Gholdengo, L50|100/100
|turn|3
|
|t:|1756896899
|switch|p1a: Garchomp|Garchomp, L50, F|100/100
|move|p2b: Skipper|Protect|p2b: Skipper
|-singleturn|p2b: Skipper|Protect
|move|p2a: Alex|Earthquake|p1a: Garchomp|[spread] p1a,p1b
|-activate|p2b: Skipper|move: Protect
|-supereffective|p1b: Weezing
|-damage|p1a: Garchomp|61/100
|-damage|p1b: Weezing|0 fnt
|faint|p1b: Weezing
|-end|p1b: Weezing|ability: Neutralizing Gas
|
|upkeep
|
|t:|1756896905
|switch|p1b: Typhlosion|Typhlosion-Hisui, L50, F, tera:Fire|100/100
|turn|4
|inactive|MrTedno has 30 seconds left.
|inactive|MrTedno has 20 seconds left.
|inactive|MrTedno has 15 seconds left.
|inactive|MrTedno has 10 seconds left.
|inactive|MrTedno has 5 seconds left.
|
|t:|1756896958
|move|p1b: Typhlosion|Shadow Ball|p2b: Skipper
|-supereffective|p2b: Skipper
|-damage|p2b: Skipper|13/100
|-unboost|p2b: Skipper|spd|1
|move|p1a: Garchomp|Dragon Claw|p2a: Alex
|-supereffective|p2a: Alex
|-crit|p2a: Alex
|-damage|p2a: Alex|0 fnt
|-damage|p1a: Garchomp|48/100|[from] ability: Rough Skin|[of] p2a: Alex
|faint|p2a: Alex
|-damage|p1a: Garchomp|39/100|[from] item: Life Orb
|move|p2b: Skipper|Shadow Ball|p1a: Garchomp
|-damage|p1a: Garchomp|0 fnt
|faint|p1a: Garchomp
|-damage|p2b: Skipper|4/100|[from] item: Life Orb
|
|upkeep
|turn|5
|
|t:|1756896974
|move|p1b: Typhlosion|Shadow Ball|p2b: Skipper
|-supereffective|p2b: Skipper
|-damage|p2b: Skipper|0 fnt
|faint|p2b: Skipper
|
|win|latios66
||MrTedno is ready for game 3.
|inactive|latios66 has 30 seconds to confirm battle start!
|inactive|latios66 has 20 seconds to confirm battle start!
||latios66 is ready for game 3.
|uhtml|next|Next: Game 3 of 3
