|j|☆fabiobl7
|j|☆idkvgc21
|html|fabiobl7idkvgc21    
|uhtml|bestof|Game 1 of a best-of-3
|t:|1756410018
|gametype|doubles
|player|p1|fabiobl7|2|1212
|player|p2|idkvgc21|ethan|1221
|gen|9
|tier|[Gen 9] VGC 2025 Reg H (Bo3)
|rated|
|rule|Species Clause: Limit one of each Pokémon
|rule|Item Clause: Limit 1 of each item
|clearpoke
|poke|p1|Kingambit, L50, M|
|poke|p1|Ursaluna, L50, F|
|poke|p1|Sneasler, L50, M|
|poke|p1|Indeedee, L50, M|
|poke|p1|Talonflame, L50, F|
|poke|p1|Volcarona, L50, M|
|poke|p2|Indeedee, L50, M|
|poke|p2|Ursaluna-Bloodmoon, L50, M|
|poke|p2|Sneasler, L50, F|
|poke|p2|Electabuzz, L50, M|
|poke|p2|Arcanine-Hisui, L50, F|
|poke|p2|Samurott-Hisui, L50, M|
|teampreview|4
|showteam|p1|Kingambit||AssaultVest|Defiant|IronHead,SuckerPunch,KowtowCleave,TeraBlast|||M|||50|,,,,,Flying]Ursaluna||FlameOrb|Guts|Facade,HeadlongRush,Earthquake,Protect|||F|||50|,,,,,Ghost]Sneasler||PsychicSeed|Unburden|DireClaw,CloseCombat,ThroatChop,Protect|||M|||50|,,,,,Stellar]Indeedee||FocusSash|PsychicSurge|ExpandingForce,TrickRoom,Imprison,Protect|||M|||50|,,,,,Psychic]Talonflame||CovertCloak|GaleWings|DualWingbeat,Tailwind,Taunt,WillOWisp|||F|||50|,,,,,Flying]Volcarona||Leftovers|FlameBody|FieryDance,BugBuzz,QuiverDance,Protect|||M|||50|,,,,,Fairy
|showteam|p2|Indeedee||FocusSash|PsychicSurge|ExpandingForce,Protect,HelpingHand,TrickRoom|||M|||50|,,,,,Psychic]Ursaluna-Bloodmoon||LifeOrb|MindsEye|BloodMoon,HyperVoice,EarthPower,Protect|||M|||50|,,,,,Normal]Sneasler||PsychicSeed|Unburden|DireClaw,CloseCombat,ThroatChop,Protect|||F|||50|,,,,,Dark]Electabuzz||Eviolite|VitalSpirit|Electroweb,Taunt,FollowMe,Protect|||M|||50|,,,,,Dragon]Arcanine-Hisui||ChoiceBand|Intimidate|RockSlide,HeadSmash,FlareBlitz,ExtremeSpeed|||F|||50|,,,,,Normal]Samurott-Hisui||AssaultVest|Torrent|SacredSword,AquaCutter,CeaselessEdge,TeraBlast|||M|||50|,,,,,Bug
|inactive|Battle timer is ON: inactive players will automatically lose when time's up. (requested by idkvgc21)
|inactive|fabiobl7 has 60 seconds left.
|
|t:|1756410115
|teamsize|p1|4
|teamsize|p2|4
|start
|switch|p1a: Kingambit|Kingambit, L50, M|100/100
|switch|p1b: Indeedee|Indeedee, L50, M|100/100
|switch|p2a: Electabuzz|Electabuzz, L50, M, shiny|100/100
|switch|p2b: Sneasler|Sneasler, L50, F, shiny|100/100
|-fieldstart|move: Psychic Terrain|[from] ability: Psychic Surge|[of] p1b: Indeedee
|-enditem|p2b: Sneasler|Psychic Seed
|-boost|p2b: Sneasler|spd|1|[from] item: Psychic Seed
|turn|1
|inactive|idkvgc21 has 30 seconds left.
|inactive|idkvgc21 has 20 seconds left.
|
|t:|1756410153
|-terastallize|p2b: Sneasler|Dark
|-terastallize|p1a: Kingambit|Flying
|move|p2b: Sneasler|Throat Chop|p1b: Indeedee
|-supereffective|p1b: Indeedee
|-enditem|p1b: Indeedee|Focus Sash
|-damage|p1b: Indeedee|1/100
|-start|p1b: Indeedee|Throat Chop|[silent]
|move|p2a: Electabuzz|Electroweb|p1a: Kingambit|[spread] p1a,p1b
|-supereffective|p1a: Kingambit
|-damage|p1a: Kingambit|81/100
|-damage|p1b: Indeedee|0 fnt
|-unboost|p1a: Kingambit|spe|1
|-ability|p1a: Kingambit|Defiant|boost
|-boost|p1a: Kingambit|atk|2
|faint|p1b: Indeedee
|move|p1a: Kingambit|Tera Blast|p2b: Sneasler|[anim] Tera Blast Flying
|-damage|p2b: Sneasler|0 fnt
|faint|p2b: Sneasler
|
|upkeep
|
|t:|1756410169
|switch|p2b: Indeedee|Indeedee, L50, M, shiny|100/100
|switch|p1b: Sneasler|Sneasler, L50, M|100/100
|-enditem|p1b: Sneasler|Psychic Seed
|-boost|p1b: Sneasler|spd|1|[from] item: Psychic Seed
|turn|2
|
|t:|1756410190
|move|p2a: Electabuzz|Protect|p2a: Electabuzz
|-singleturn|p2a: Electabuzz|Protect
|move|p1b: Sneasler|Dire Claw|p2b: Indeedee
|-damage|p2b: Indeedee|3/100
|-status|p2b: Indeedee|psn
|move|p2b: Indeedee|Expanding Force|p1a: Kingambit|[spread] p1a,p1b
|-supereffective|p1b: Sneasler
|-damage|p1a: Kingambit|41/100
|-damage|p1b: Sneasler|0 fnt
|faint|p1b: Sneasler
|move|p1a: Kingambit|Kowtow Cleave|p2b: Indeedee
|-supereffective|p2b: Indeedee
|-damage|p2b: Indeedee|0 fnt
|faint|p2b: Indeedee
|
|upkeep
|
|t:|1756410211
|switch|p1b: Ursaluna|Ursaluna, L50, F|100/100
|switch|p2b: Ursaluna|Ursaluna-Bloodmoon, L50, M|100/100
|turn|3
|
|t:|1756410228
|move|p2a: Electabuzz|Electroweb|p1a: Kingambit|[spread] p1a
|-immune|p1b: Ursaluna
|-supereffective|p1a: Kingambit
|-damage|p1a: Kingambit|19/100
|-unboost|p1a: Kingambit|spe|1
|-ability|p1a: Kingambit|Defiant|boost
|-boost|p1a: Kingambit|atk|2
|move|p2b: Ursaluna|Hyper Voice|p1b: Ursaluna|[spread] p1a,p1b
|-damage|p1a: Kingambit|0 fnt
|-damage|p1b: Ursaluna|52/100
|faint|p1a: Kingambit
|-damage|p2b: Ursaluna|91/100|[from] item: Life Orb
|move|p1b: Ursaluna|Earthquake|p2a: Electabuzz|[spread] p2a,p2b
|-supereffective|p2a: Electabuzz
|-damage|p2a: Electabuzz|9/100
|-damage|p2b: Ursaluna|57/100
|
|-status|p1b: Ursaluna|brn|[from] item: Flame Orb
|upkeep
|turn|4
|
|t:|1756410246
|move|p2a: Electabuzz|Follow Me|p2a: Electabuzz
|-singleturn|p2a: Electabuzz|move: Follow Me
|move|p2b: Ursaluna|Blood Moon|p1b: Ursaluna
|-damage|p1b: Ursaluna|0 fnt
|faint|p1b: Ursaluna
|-damage|p2b: Ursaluna|48/100|[from] item: Life Orb
|
|win|idkvgc21
||idkvgc21 is ready for game 2.
|l|☆fabiobl7
|player|p1|
|inactive|fabiobl7 has 30 seconds to confirm battle start!
||fabiobl7 is ready for game 2.
|uhtml|next|Next: Game 2 of 3
