|j|☆patoathie
|j|☆maish
|html|patoathiemaish    
|uhtml|bestof|Game 1 of a best-of-3
|t:|1756992319
|gametype|doubles
|player|p1|patoathie|102|1162
|player|p2|maish|roxie|1110
|gen|9
|tier|[Gen 9] VGC 2025 Reg H (Bo3)
|rated|
|rule|Species Clause: Limit one of each Pokémon
|rule|Item Clause: Limit 1 of each item
|clearpoke
|poke|p1|Volcarona, L50, F|
|poke|p1|Sneasler, L50, F|
|poke|p1|Rillaboom, L50, M|
|poke|p1|Dragapult, L50, F|
|poke|p1|Kingambit, L50, F|
|poke|p1|Electabuzz, L50, F|
|poke|p2|Dragonite, L50, F|
|poke|p2|Gholdengo, L50|
|poke|p2|Rillaboom, L50, F|
|poke|p2|Arcanine-Hisui, L50, F|
|poke|p2|Annihilape, L50, F|
|poke|p2|Murkrow, L50, M|
|teampreview|4
|showteam|p1|Volcarona||Leftovers|FlameBody|QuiverDance,HeatWave,TeraBlast,Protect|||F|||50|,,,,,Fairy]Sneasler||FocusSash|Unburden|FakeOut,CloseCombat,DireClaw,Coaching|||F|||50|,,,,,Ghost]Rillaboom||AssaultVest|GrassySurge|FakeOut,WoodHammer,GrassyGlide,Uturn|||M|||50|,,,,,Fire]Dragapult||ChoiceBand|ClearBody|DragonDarts,Outrage,Uturn,PhantomForce|||F|||50|,,,,,Dragon]Kingambit||BlackGlasses|Defiant|SwordsDance,KowtowCleave,SuckerPunch,Protect|||F|||50|,,,,,Dark]Electabuzz||Eviolite|VitalSpirit|FollowMe,Electroweb,HelpingHand,Taunt|||F|||50|,,,,,Ghost
|showteam|p2|Dragonite||LoadedDice|Multiscale|Protect,ScaleShot,LowKick,ExtremeSpeed|||F|||50|,,,,,Fairy]Gholdengo||ChoiceSpecs|GoodasGold|Thunderbolt,PowerGem,MakeItRain,ShadowBall||||||50|,,,,,Steel]Rillaboom||AssaultVest|GrassySurge|FakeOut,HighHorsepower,WoodHammer,GrassyGlide|||F|||50|,,,,,Fire]Arcanine-Hisui||ClearAmulet|Intimidate|Protect,FlareBlitz,RockSlide,ExtremeSpeed|||F|||50|,,,,,Water]Annihilape||FocusSash|Defiant|Coaching,CloseCombat,RageFist,FinalGambit|||F|||50|,,,,,Stellar]Murkrow||Eviolite|Prankster|Haze,Tailwind,FoulPlay,Taunt|||M|||50|,,,,,Ghost
|
|t:|1756992381
|teamsize|p1|4
|teamsize|p2|4
|start
|switch|p1a: Kingambit|Kingambit, L50, F|100/100
|switch|p1b: Sneasler|Sneasler, L50, F|100/100
|switch|p2a: Dragonite|Dragonite, L50, F|100/100
|switch|p2b: Annihilape|Annihilape, L50, F|100/100
|turn|1
|inactive|Battle timer is ON: inactive players will automatically lose when time's up. (requested by maish)
|
|t:|1756992451
|switch|p1a: Volcarona|Volcarona, L50, F|100/100
|move|p1b: Sneasler|Dire Claw|p2a: Dragonite
|-damage|p2a: Dragonite|73/100
|-status|p2a: Dragonite|slp
|move|p2b: Annihilape|Coaching|p2a: Dragonite
|-boost|p2a: Dragonite|atk|1
|-boost|p2a: Dragonite|def|1
|cant|p2a: Dragonite|slp
|
|upkeep
|turn|2
|
|t:|1756992465
|move|p1b: Sneasler|Coaching|p1a: Volcarona
|-boost|p1a: Volcarona|atk|1
|-boost|p1a: Volcarona|def|1
|move|p2b: Annihilape|Final Gambit|p1a: Volcarona
|-damage|p1a: Volcarona|0 fnt
|faint|p2b: Annihilape
|faint|p1a: Volcarona
|-curestatus|p2a: Dragonite|slp|[msg]
|move|p2a: Dragonite|Scale Shot|p1b: Sneasler
|-damage|p1b: Sneasler|64/100
|-damage|p1b: Sneasler|24/100
|-damage|p1b: Sneasler|0 fnt
|faint|p1b: Sneasler
|-hitcount|p1: Sneasler|3
|-unboost|p2a: Dragonite|def|1
|-boost|p2a: Dragonite|spe|1
|
|upkeep
|inactive|maish has 30 seconds left.
|inactive|maish has 20 seconds left.
|inactive|maish has 15 seconds left.
|
|t:|1756992507
|switch|p1b: Kingambit|Kingambit, L50, F|100/100
|switch|p2b: Gholdengo|Gholdengo, L50|100/100
|switch|p1a: Dragapult|Dragapult, L50, F|100/100
|turn|3
|inactive|patoathie has 30 seconds left.
|inactive|maish has 30 seconds left.
|inactive|patoathie has 20 seconds left.
|inactive|patoathie has 15 seconds left.
|
|t:|1756992547
|-terastallize|p2b: Gholdengo|Steel
|move|p1b: Kingambit|Protect|p1b: Kingambit
|-singleturn|p1b: Kingambit|Protect
|move|p2a: Dragonite|Low Kick|p1b: Kingambit
|-activate|p1b: Kingambit|move: Protect
|move|p1a: Dragapult|Phantom Force||[still]
|-prepare|p1a: Dragapult|Phantom Force
|move|p2b: Gholdengo|Shadow Ball|p1a: Dragapult|[miss]
|-miss|p2b: Gholdengo|p1a: Dragapult
|
|upkeep
|turn|4
|
|t:|1756992566
|-terastallize|p1b: Kingambit|Dark
|move|p1b: Kingambit|Sucker Punch|p2a: Dragonite
|-damage|p2a: Dragonite|6/100
|move|p2a: Dragonite|Low Kick|p1b: Kingambit
|-supereffective|p1b: Kingambit
|-damage|p1b: Kingambit|16/100
|move|p1a: Dragapult|Phantom Force|p2b: Gholdengo|[from] lockedmove
|-damage|p2b: Gholdengo|25/100
|move|p2b: Gholdengo|Shadow Ball|p1a: Dragapult
|-supereffective|p1a: Dragapult
|-damage|p1a: Dragapult|0 fnt
|faint|p1a: Dragapult
|
|upkeep
|turn|5
|
|t:|1756992589
|move|p2a: Dragonite|Extreme Speed|p1b: Kingambit
|-damage|p1b: Kingambit|0 fnt
|faint|p1b: Kingambit
|
|win|maish
