|j|☆daelien
|j|☆Il Mule
|html|daelienIl Mule    
|uhtml|bestof|Game 2 of a best-of-3
|t:|1782394205
|gametype|doubles
|player|p1|daelien|101|1281
|player|p2|Il Mule|salvatore|1463
|gen|9
|tier|[Gen 9 Champions] VGC 2026 Reg M-B (Bo3)
|rated|
|rule|Species Clause: Limit one of each Pokémon
|rule|Item Clause: Limit 1 of each item
|clearpoke
|poke|p1|Kingambit, L50, F|
|poke|p1|Volcarona, L50, F|
|poke|p1|Raichu, L50, F|
|poke|p1|Sneasler, L50, F|
|poke|p1|Sinistcha, L50|
|poke|p1|Whimsicott, L50, F|
|poke|p2|Corviknight, L50, F|
|poke|p2|Tyranitar, L50, M|
|poke|p2|Sneasler, L50, F|
|poke|p2|Incineroar, L50, F|
|poke|p2|Froslass, L50, F|
|poke|p2|Garchomp, L50, F|
|teampreview|4
|showteam|p1|Kingambit||BlackGlasses|Defiant|Protect,KowtowCleave,SuckerPunch,SwordsDance|Adamant||F|||50|]Volcarona||Leftovers|FlameBody|FieryDance,StruggleBug,QuiverDance,Protect|Timid||F|||50|]Raichu||RaichuniteY|LightningRod|ZapCannon,FocusBlast,Protect,GrassKnot|Timid||F|||50|]Sneasler||WhiteHerb|Unburden|Protect,CloseCombat,DireClaw,FakeOut|Jolly||F|||50|]Sinistcha||KasibBerry|Hospitality|MatchaGotcha,Imprison,RagePowder,TrickRoom|Calm|||||50|]Whimsicott||FocusSash|Prankster|Moonblast,Tailwind,Encore,Protect|Timid||F|||50|
|showteam|p2|Corviknight||OccaBerry|MirrorArmor|BraveBird,Taunt,Tailwind,Roost|Impish||F|||50|]Tyranitar||Tyranitarite|SandStream|KnockOff,RockSlide,DragonDance,Protect|Adamant||M|||50|]Sneasler||WhiteHerb|Unburden|CloseCombat,DireClaw,Coaching,FakeOut|Jolly||F|||50|]Incineroar||SitrusBerry|Intimidate|FlareBlitz,HelpingHand,PartingShot,FakeOut|Impish||F|||50|]Froslass||Froslassite|SnowCloak|Blizzard,ShadowBall,WillOWisp,Protect|Timid||F|||50|]Garchomp||LifeOrb|RoughSkin|Earthquake,RockSlide,EarthPower,Protect|Jolly||F|||50|
|inactive|Battle timer is ON: inactive players will automatically lose when time's up. (requested by daelien)
|j| torpedine
|j| rovesciaporci
|j| lakaka siuuu
|c|☆Il Mule|era un 50 hai ragione sergio
|c|☆Il Mule|su dove va ciuf ciuf
|j| tyruntula
|c|☆Il Mule|scusami
|inactive|daelien has 60 seconds left.
|c| tyruntula|Focus palle
|c|☆daelien|Il mio ha sempre brutto matchup contro garchomp, consigli?
|c| tyruntula|Consiglio smetti di giocare raiciu
|inactive|daelien has 30 seconds left.
|
|t:|1782394269
|teamsize|p1|4
|teamsize|p2|4
|start
|switch|p1a: Sneasler|Sneasler, L50, F|100/100
|switch|p1b: Raichu|Raichu, L50, F|100/100
|switch|p2a: Sneasler|Sneasler, L50, F|100/100
|switch|p2b: Froslass|Froslass, L50, F|100/100
|turn|1
|c|☆Il Mule|ma stai zitto sergio
|c|☆Il Mule|è un bel team particuler
|c|☆Il Mule|come dicono i miei homies
|c| tyruntula|Vabbè lo ha chiesto lui
|
|t:|1782394288
|detailschange|p2b: Froslass|Froslass-Mega, L50, F
|-mega|p2b: Froslass|Froslass|Froslassite
|-weather|Snowscape|[from] ability: Snow Warning|[of] p2b: Froslass
|detailschange|p1b: Raichu|Raichu-Mega-Y, L50, F
|-mega|p1b: Raichu|Raichu|Raichunite Y
|move|p2a: Sneasler|Fake Out|p1b: Raichu
|-damage|p1b: Raichu|82/100
|move|p1a: Sneasler|Fake Out|p2a: Sneasler
|-damage|p2a: Sneasler|82/100
|cant|p1b: Raichu|flinch
|move|p2b: Froslass|Blizzard|p1a: Sneasler|[spread] p1a,p1b
|-damage|p1a: Sneasler|42/100
|-damage|p1b: Raichu|21/100
|
|-weather|Snowscape|[upkeep]
|upkeep
|turn|2
|j| kelso shrug
|c| torpedine|potresti togliere volcarona per charizard, raichu per floette, sneasler per basculegion e sinistcha per garchomp
|j| estupinanthepuledr
|c| tyruntula|Vedi
|inactive|daelien has 30 seconds left.
|c| tyruntula|Era meglio la mia risposta
|
|t:|1782394315
|move|p1b: Raichu|Protect|p1b: Raichu
|-singleturn|p1b: Raichu|Protect
|move|p2a: Sneasler|Close Combat|p1b: Raichu
|-activate|p1b: Raichu|move: Protect
|move|p1a: Sneasler|Close Combat|p2a: Sneasler
|-resisted|p2a: Sneasler|1
|-damage|p2a: Sneasler|40/100
|-unboost|p1a: Sneasler|def|1
|-unboost|p1a: Sneasler|spd|1
|-enditem|p1a: Sneasler|White Herb
|-clearnegativeboost|p1a: Sneasler|[silent]
|move|p2b: Froslass|Blizzard|p1b: Raichu|[spread] p1a
|-activate|p1b: Raichu|move: Protect
|-damage|p1a: Sneasler|0 fnt
|faint|p1a: Sneasler
|
|-weather|Snowscape|[upkeep]
|upkeep
|c|☆Il Mule|siete delle persone senza fantasia
|c|☆Il Mule|e si sa che la fantasia salva l'uomo
|
|t:|1782394336
|switch|p1a: Kingambit|Kingambit, L50, F|100/100
|turn|3
|
|t:|1782394351
|move|p1b: Raichu|Zap Cannon|p2a: Sneasler
|-damage|p2a: Sneasler|0 fnt
|faint|p2a: Sneasler
|move|p2b: Froslass|Will-O-Wisp|p1a: Kingambit|[miss]
|-miss|p2b: Froslass|p1a: Kingambit
|move|p1a: Kingambit|Swords Dance|p1a: Kingambit
|-boost|p1a: Kingambit|atk|2
|
|-weather|Snowscape|[upkeep]
|upkeep
|c| tyruntula|Boh qualche coglione con wide guard
|c|☆Il Mule|g3
|j| chef orte
|c| tyruntula|Metti mega aero senza tw con ice fang
|c|☆Il Mule|timid non me lo aspettavo
|
|t:|1782394370
|switch|p2a: Garchomp|Garchomp, L50, F|100/100
|turn|4
|c|☆daelien|Miss di wisp brutta
|j| goldaniga
|c|☆daelien|190 per stare sopra sneasler, è la spread di boyt
|c|☆Il Mule|giusto
|inactive|daelien has 30 seconds left.
|c| estupinanthepuledr|non e' possibile che hai dato wisp alla donna dai
|
|t:|1782394401
|move|p1b: Raichu|Protect|p1b: Raichu
|-singleturn|p1b: Raichu|Protect
|move|p2b: Froslass|Protect|p2b: Froslass
|-singleturn|p2b: Froslass|Protect
|move|p1a: Kingambit|Protect|p1a: Kingambit
|-singleturn|p1a: Kingambit|Protect
|move|p2a: Garchomp|Earthquake|p1a: Kingambit|[spread] 
|-activate|p2b: Froslass|move: Protect
|-activate|p1a: Kingambit|move: Protect
|-activate|p1b: Raichu|move: Protect
|
|-weather|Snowscape|[upkeep]
|upkeep
|turn|5
|c|☆Il Mule|sì hai ragione non posso essere così smart
|c|☆Il Mule|eppure
|c| tyruntula|Dai non lo hai portato inci
|
|t:|1782394425
|move|p2a: Garchomp|Protect|p2a: Garchomp
|-singleturn|p2a: Garchomp|Protect
|move|p1b: Raichu|Zap Cannon|p2b: Froslass
|-damage|p2b: Froslass|32/100
|-status|p2b: Froslass|par
|cant|p2b: Froslass|par
|move|p1a: Kingambit|Swords Dance|p1a: Kingambit
|-boost|p1a: Kingambit|atk|2
|
|-weather|none
|upkeep
|turn|6
|c|☆Il Mule|EDDIE EDDIE
|c|☆Il Mule|non ne posso più
|c|☆daelien|E niente, ti ho scularo
|c| chef orte|scolaro
|inactive|daelien has 30 seconds left.
|inactive|Il Mule has 30 seconds left.
|
|t:|1782394454
|switch|p2b: Incineroar|Incineroar, L50, F|100/100
|-ability|p2b: Incineroar|Intimidate|boost
|-unboost|p1a: Kingambit|atk|1
|-ability|p1a: Kingambit|Defiant|boost
|-boost|p1a: Kingambit|atk|2
|-unboost|p1b: Raichu|atk|1
|move|p2a: Garchomp|Protect|p2a: Garchomp
|-singleturn|p2a: Garchomp|Protect
|move|p1a: Kingambit|Sucker Punch||[still]
|-fail|p1a: Kingambit
|move|p1b: Raichu|Zap Cannon|p2b: Incineroar
|-damage|p2b: Incineroar|43/100
|-status|p2b: Incineroar|par
|-enditem|p2b: Incineroar|Sitrus Berry|[eat]
|-heal|p2b: Incineroar|67/100 par|[from] item: Sitrus Berry
|
|upkeep
|turn|7
|c| rovesciaporci|a volte è così il gioco del pokeathlon
|c|☆daelien|Comunque ho whim dietro, secondo me era chiuso
|inactive|Il Mule has 30 seconds left.
|inactive|daelien has 30 seconds left.
|
|t:|1782394491
|switch|p1b: Whimsicott|Whimsicott, L50, F|100/100
|cant|p2b: Incineroar|par
|move|p1a: Kingambit|Sucker Punch|p2a: Garchomp
|-damage|p2a: Garchomp|0 fnt
|-damage|p1a: Kingambit|87/100|[from] ability: Rough Skin|[of] p2a: Garchomp
|faint|p2a: Garchomp
|
|upkeep
|c|☆Il Mule|NON CI CREDO
|c|☆Il Mule|NON CI CREDO
|c| tyruntula|Whimblefon
|c|☆daelien|Ahahah
|c|☆Il Mule|maquesto gioco è incredibile
|-message|Il Mule forfeited.
|
|win|daelien
|raw|daelien's rating: 1281 → 1318(+37 for winning)
|raw|Il Mule's rating: 1463 → 1433(-30 for losing)
|l|☆Il Mule
|player|p2|
|c|☆daelien|Gg
|l| chef orte
|l| tyruntula
|l|☆daelien
|player|p1|
