|j|☆axcoquette
|j|☆Slim Reaper 69
|html|axcoquetteSlim Reaper 69    
|uhtml|bestof|Game 1 of a best-of-3
|t:|1782432160
|gametype|doubles
|player|p1|axcoquette|maid|1140
|player|p2|Slim Reaper 69|hiker-gen4|1231
|gen|9
|tier|[Gen 9 Champions] VGC 2026 Reg M-B (Bo3)
|rated|
|rule|Species Clause: Limit one of each Pokémon
|rule|Item Clause: Limit 1 of each item
|clearpoke
|poke|p1|Farigiraf, L50, F|
|poke|p1|Mawile, L50, M|
|poke|p1|Sinistcha, L50|
|poke|p1|Torkoal, L50, M|
|poke|p1|Drampa, L50, M|
|poke|p1|Sneasler, L50, M|
|poke|p2|Dragonite, L50, M|
|poke|p2|Whimsicott, L50, F|
|poke|p2|Rotom-Wash, L50|
|poke|p2|Gholdengo, L50|
|poke|p2|Arcanine-Hisui, L50, M|
|poke|p2|Kingambit, L50, F|
|teampreview|4
|showteam|p1|Farigiraf||MentalHerb|ArmorTail|TrickRoom,LightScreen,TwinBeam,Protect|Sassy||F|||50|]Mawile||Mawilite|Intimidate|PlayRough,SuckerPunch,IronHead,Protect|Brave||M|||50|]Sinistcha||Leftovers|Hospitality|TrickRoom,MatchaGotcha,RagePowder,LifeDew|Relaxed|||||50|]Torkoal||Charcoal|Drought|Eruption,HeatWave,SolarBeam,Protect|Modest||M|||50|]Drampa||Drampanite|CloudNine|EarthPower,DragonPulse,EnergyBall,Protect|Quiet||M|||50|]Sneasler||WhiteHerb|Unburden|FakeOut,CloseCombat,DireClaw,Protect|Adamant||M|||50|
|showteam|p2|Dragonite||Dragoninite|InnerFocus|Thunderbolt,DracoMeteor,AirSlash,Protect|Modest||M|||50|]Whimsicott||FocusSash|Prankster|Tailwind,Moonblast,Protect,FakeTears|Timid||F|||50|]Rotom-Wash||SitrusBerry|Levitate|Electroweb,WillOWisp,HydroPump,VoltSwitch|Bold|||||50|]Gholdengo||LifeOrb|GoodasGold|ShadowBall,MakeItRain,Psyshock,Protect|Modest|||||50|]Arcanine-Hisui||ChoiceScarf|Intimidate|FlareBlitz,RockSlide,HeadSmash,CloseCombat|Adamant||M|||50|]Kingambit||BlackGlasses|Defiant|SuckerPunch,KowtowCleave,IronHead,Protect|Adamant||F|||50|
|inactive|Battle timer is ON: inactive players will automatically lose when time's up. (requested by axcoquette)
|inactive|axcoquette has 60 seconds left.
|
|t:|1782432206
|teamsize|p1|4
|teamsize|p2|4
|start
|switch|p1a: Farigiraf|Farigiraf, L50, F|100/100
|switch|p1b: Sneasler|Sneasler, L50, M|100/100
|switch|p2a: Arcanine|Arcanine-Hisui, L50, M|100/100
|switch|p2b: Gholdengo|Gholdengo, L50|100/100
|-ability|p2a: Arcanine|Intimidate|boost
|-unboost|p1a: Farigiraf|atk|1
|-unboost|p1b: Sneasler|atk|1
|-enditem|p1b: Sneasler|White Herb
|-clearnegativeboost|p1b: Sneasler|[silent]
|turn|1
|
|t:|1782432220
|switch|p2a: Kingambit|Kingambit, L50, F|100/100
|move|p1b: Sneasler|Close Combat|p2a: Kingambit
|-supereffective|p2a: Kingambit|2
|-damage|p2a: Kingambit|0 fnt
|-unboost|p1b: Sneasler|def|1
|-unboost|p1b: Sneasler|spd|1
|faint|p2a: Kingambit
|move|p2b: Gholdengo|Psyshock|p1b: Sneasler
|-supereffective|p1b: Sneasler|2
|-crit|p1b: Sneasler
|-damage|p1b: Sneasler|0 fnt
|faint|p1b: Sneasler
|-damage|p2b: Gholdengo|90/100|[from] item: Life Orb
|move|p1a: Farigiraf|Trick Room|p1a: Farigiraf
|-fieldstart|move: Trick Room|[of] p1a: Farigiraf
|
|upkeep
|
|t:|1782432234
|switch|p2a: Rotom|Rotom-Wash, L50|100/100
|switch|p1b: Drampa|Drampa, L50, M|100/100
|-ability|p1b: Drampa|Cloud Nine
|turn|2
|inactive|Slim Reaper 69 has 30 seconds left.
|
|t:|1782432262
|detailschange|p1b: Drampa|Drampa-Mega, L50, M
|-mega|p1b: Drampa|Drampa|Drampanite
|move|p1b: Drampa|Earth Power|p2b: Gholdengo
|-supereffective|p2b: Gholdengo|1
|-damage|p2b: Gholdengo|14/100
|-unboost|p2b: Gholdengo|spd|1
|move|p1a: Farigiraf|Light Screen|p1a: Farigiraf
|-sidestart|p1: axcoquette|move: Light Screen
|move|p2a: Rotom|Hydro Pump|p1a: Farigiraf
|-damage|p1a: Farigiraf|81/100
|move|p2b: Gholdengo|Psyshock|p1b: Drampa
|-damage|p1b: Drampa|78/100
|-damage|p2b: Gholdengo|5/100|[from] item: Life Orb
|
|upkeep
|turn|3
|-message|Slim Reaper 69 forfeited.
|
|win|axcoquette
||Slim Reaper 69 is ready for game 2.
||axcoquette is ready for game 2.
|uhtml|next|Next: Game 2 of 3
|l|☆Slim Reaper 69
|player|p2|
