|j|☆T-Soro
|j|☆OOF? YEE?
|html|T-SoroOOF? YEE?    
|uhtml|bestof|Game 1 of a best-of-3
|t:|1757672612
|gametype|doubles
|player|p1|T-Soro|266|1222
|player|p2|OOF? YEE?|2|1244
|gen|9
|tier|[Gen 9] VGC 2025 Reg H (Bo3)
|rated|
|rule|Species Clause: Limit one of each Pokémon
|rule|Item Clause: Limit 1 of each item
|clearpoke
|poke|p1|Ninetales-Alola, L50, M|
|poke|p1|Rillaboom, L50, M|
|poke|p1|Magmar, L50, M|
|poke|p1|Sneasler, L50, M|
|poke|p1|Kingambit, L50, F|
|poke|p1|Basculegion, L50, M|
|poke|p2|Archaludon, L50, F|
|poke|p2|Pelipper, L50, F|
|poke|p2|Kingdra, L50, M|
|poke|p2|Toedscruel, L50, M|
|poke|p2|Comfey, L50, F|
|poke|p2|Weezing-Galar, L50, M|
|teampreview|4
|showteam|p1|Ninetales-Alola||NeverMeltIce|SnowWarning|Blizzard,Encore,FreezeDry,AuroraVeil|||M|||50|,,,,,Ice]Rillaboom||AssaultVest|GrassySurge|WoodHammer,GrassyGlide,Uturn,FakeOut|||M|||50|,,,,,Ghost]Magmar||Eviolite|VitalSpirit|HeatWave,WillOWisp,FollowMe,Protect|||M|||50|,,,,,Ghost]Sneasler||FocusSash|PoisonTouch|DireClaw,FakeOut,Protect,CloseCombat|||M|||50|,,,,,Ghost]Kingambit||BlackGlasses|Defiant|KowtowCleave,SwordsDance,SuckerPunch,Protect|||F|||50|,,,,,Fire]Basculegion||ChoiceScarf|Adaptability|WaveCrash,FlipTurn,TeraBlast,LastRespects|||M|||50|,,,,,Fighting
|showteam|p2|Archaludon||AssaultVest|Stamina|ElectroShot,BodyPress,FlashCannon,Snarl|||F|||50|,,,,,Grass]Pelipper||ChoiceScarf|Drizzle|Tailwind,Hurricane,WeatherBall,Uturn|||F|||50|,,,,,Ghost]Kingdra||LifeOrb|SwiftSwim|Protect,WeatherBall,DracoMeteor,Surf|||M|||50|,,,,,Steel]Toedscruel||CovertCloak|MyceliumMight|Spore,EarthPower,BulletSeed,Protect|||M|||50|,,,,,Water]Comfey||SafetyGoggles|Triage|DrainingKiss,FloralHealing,LightScreen,Protect|||F|||50|,,,,,Steel]Weezing-Galar||SitrusBerry|NeutralizingGas|Protect,SludgeBomb,Taunt,DazzlingGleam|||M|||50|,,,,,Ghost
|
|t:|1757672634
|teamsize|p1|4
|teamsize|p2|4
|start
|switch|p1a: Ninetales|Ninetales-Alola, L50, M|100/100
|switch|p1b: Basculegion|Basculegion, L50, M|100/100
|switch|p2a: Kingdra|Kingdra, L50, M, shiny|100/100
|switch|p2b: Archaludon|Archaludon, L50, F|100/100
|-weather|Snowscape|[from] ability: Snow Warning|[of] p1a: Ninetales
|turn|1
|
|t:|1757672693
|switch|p2b: Pelipper|Pelipper, L50, F|100/100
|-weather|RainDance|[from] ability: Drizzle|[of] p2b: Pelipper
|-terastallize|p1b: Basculegion|Fighting
|move|p2a: Kingdra|Weather Ball|p1a: Ninetales
|-damage|p1a: Ninetales|4/100
|-damage|p2a: Kingdra|91/100|[from] item: Life Orb
|move|p1b: Basculegion|Tera Blast|p2b: Pelipper|[anim] Tera Blast Fighting
|-resisted|p2b: Pelipper
|-damage|p2b: Pelipper|67/100
|move|p1a: Ninetales|Freeze-Dry|p2a: Kingdra
|-supereffective|p2a: Kingdra
|-damage|p2a: Kingdra|0 fnt
|faint|p2a: Kingdra
|
|-weather|RainDance|[upkeep]
|upkeep
|inactive|Battle timer is ON: inactive players will automatically lose when time's up. (requested by T-Soro)
|
|t:|1757672707
|switch|p2a: Comfey|Comfey, L50, F|100/100
|turn|2
|
|t:|1757672716
|switch|p1b: Sneasler|Sneasler, L50, M|100/100
|switch|p1a: Kingambit|Kingambit, L50, F|100/100
|move|p2a: Comfey|Draining Kiss|p1a: Kingambit
|-damage|p1a: Kingambit|87/100
|move|p2b: Pelipper|Hurricane|p1b: Sneasler
|-supereffective|p1b: Sneasler
|-enditem|p1b: Sneasler|Focus Sash
|-damage|p1b: Sneasler|1/100
|-start|p1b: Sneasler|confusion
|
|-weather|RainDance|[upkeep]
|upkeep
|turn|3
|inactive|T-Soro has 30 seconds left.
|inactive|T-Soro has 20 seconds left.
|
|t:|1757672753
|switch|p2b: Archaludon|Archaludon, L50, F|100/100
|switch|p1b: Ninetales|Ninetales-Alola, L50, M|4/100
|-weather|Snowscape|[from] ability: Snow Warning|[of] p1b: Ninetales
|move|p2a: Comfey|Draining Kiss|p2b: Archaludon
|-damage|p2b: Archaludon|91/100
|-ability|p2b: Archaludon|Stamina|boost
|-boost|p2b: Archaludon|def|1
|move|p1a: Kingambit|Kowtow Cleave|p2b: Archaludon
|-damage|p2b: Archaludon|62/100
|-ability|p2b: Archaludon|Stamina|boost
|-boost|p2b: Archaludon|def|1
|
|-weather|Snowscape|[upkeep]
|upkeep
|turn|4
|inactive|OOF? YEE? has 30 seconds left.
|inactive|OOF? YEE? has 20 seconds left.
|inactive|OOF? YEE? has 15 seconds left.
|inactive|OOF? YEE? has 10 seconds left.
|
|t:|1757672801
|switch|p1a: Basculegion|Basculegion, L50, M, tera:Fighting|100/100
|move|p2a: Comfey|Draining Kiss|p1b: Ninetales
|-damage|p1b: Ninetales|0 fnt
|faint|p1b: Ninetales
|move|p2b: Archaludon|Body Press|p1a: Basculegion
|-damage|p1a: Basculegion|44/100
|
|-weather|Snowscape|[upkeep]
|upkeep
|
|t:|1757672813
|switch|p1b: Sneasler|Sneasler, L50, M|1/100
|turn|5
|
|t:|1757672831
|move|p1b: Sneasler|Fake Out|p2a: Comfey
|-damage|p2a: Comfey|87/100
|cant|p2a: Comfey|flinch
|move|p1a: Basculegion|Last Respects|p2a: Comfey
|-damage|p2a: Comfey|39/100
|move|p2b: Archaludon|Body Press|p1a: Basculegion
|-damage|p1a: Basculegion|0 fnt
|faint|p1a: Basculegion
|
|-weather|Snowscape|[upkeep]
|upkeep
|-message|T-Soro forfeited.
|
|win|OOF? YEE?
|l|☆T-Soro
|player|p1|
|raw|T-Soro's rating: 1222 → 1199(-23 for losing)
|raw|OOF? YEE?'s rating: 1244 → 1267(+23 for winning)
|l|☆OOF? YEE?
|player|p2|
