|j|☆palle synchro
|j|☆gustavlund
|html|palle synchrogustavlund    
|uhtml|bestof|Game 2 of a best-of-3
|t:|1755186446
|gametype|doubles
|player|p1|palle synchro|volkner|1450
|player|p2|gustavlund|giovanni|1527
|gen|9
|tier|[Gen 9] VGC 2025 Reg H (Bo3)
|rated|
|rule|Species Clause: Limit one of each Pokémon
|rule|Item Clause: Limit 1 of each item
|clearpoke
|poke|p1|Whimsicott, L50, F|
|poke|p1|Dragonite, L50, M|
|poke|p1|Indeedee, L50, M|
|poke|p1|Sneasler, L50, F|
|poke|p1|Ursaluna-Bloodmoon, L50, M|
|poke|p1|Archaludon, L50, M|
|poke|p2|Sneasler, L50, F|
|poke|p2|Baxcalibur, L50, M|
|poke|p2|Volcarona, L50, F|
|poke|p2|Rillaboom, L50, F|
|poke|p2|Incineroar, L50, M|
|poke|p2|Kingambit, L50, F|
|teampreview|4
|showteam|p1|Whimsicott||CovertCloak|Prankster|Moonblast,Taunt,Tailwind,FakeTears|||F|||50|,,,,,Water]Dragonite||LoadedDice|Multiscale|ScaleShot,StompingTantrum,Haze,Protect|||M|||50|,,,,,Steel]Indeedee||FocusSash|PsychicSurge|ExpandingForce,TeraBlast,Imprison,TrickRoom|||M|||50|,,,,,Psychic]Sneasler||PsychicSeed|Unburden|CloseCombat,DireClaw,ThroatChop,Protect|||F|||50|,,,,,Dark]Ursaluna-Bloodmoon||LifeOrb|MindsEye|HyperVoice,BloodMoon,EarthPower,Protect|||M|||50|,,,,,Normal]Archaludon||PowerHerb|Stalwart|ElectroShot,DragonPulse,Thunderbolt,Protect|||M|||50|,,,,,Electric
|showteam|p2|Sneasler||FocusSash|Unburden|CloseCombat,DireClaw,Coaching,FakeOut|||F|||50|,,,,,Stellar]Baxcalibur||LoadedDice|ThermalExchange|ScaleShot,IcicleSpear,HighHorsepower,Protect|||M|||50|,,,,,Ghost]Volcarona||Leftovers|FlameBody|HeatWave,TeraBlast,QuiverDance,Protect|||F|||50|,,,,,Fairy]Rillaboom||MiracleSeed|GrassySurge|WoodHammer,GrassyGlide,HighHorsepower,FakeOut|||F|||50|,,,,,Water]Incineroar||AssaultVest|Intimidate|FlareBlitz,KnockOff,Uturn,FakeOut|||M|||50|,,,,,Grass]Kingambit||SafetyGoggles|Defiant|KowtowCleave,SuckerPunch,SwordsDance,Protect|||F|||50|,,,,,Ghost
|inactive|Battle timer is ON: inactive players will automatically lose when time's up. (requested by gustavlund)
|
|t:|1755186471
|teamsize|p1|4
|teamsize|p2|4
|start
|switch|p1a: Whimsicott|Whimsicott, L50, F|100/100
|switch|p1b: Ursaluna|Ursaluna-Bloodmoon, L50, M|100/100
|switch|p2a: Baxcalibur|Baxcalibur, L50, M|100/100
|switch|p2b: Sneasler|Sneasler, L50, F|100/100
|turn|1
|
|t:|1755186488
|-terastallize|p1a: Whimsicott|Water
|move|p1b: Ursaluna|Protect|p1b: Ursaluna
|-singleturn|p1b: Ursaluna|Protect
|move|p2b: Sneasler|Close Combat|p1b: Ursaluna
|-activate|p1b: Ursaluna|move: Protect
|move|p1a: Whimsicott|Moonblast|p2b: Sneasler
|-damage|p2b: Sneasler|63/100
|move|p2a: Baxcalibur|Icicle Spear|p1a: Whimsicott
|-resisted|p1a: Whimsicott
|-damage|p1a: Whimsicott|92/100
|-resisted|p1a: Whimsicott
|-damage|p1a: Whimsicott|83/100
|-resisted|p1a: Whimsicott
|-damage|p1a: Whimsicott|75/100
|-resisted|p1a: Whimsicott
|-damage|p1a: Whimsicott|65/100
|-resisted|p1a: Whimsicott
|-damage|p1a: Whimsicott|56/100
|-hitcount|p1a: Whimsicott|5
|
|upkeep
|turn|2
|
|t:|1755186508
|switch|p2b: Rillaboom|Rillaboom, L50, F|100/100
|-fieldstart|move: Grassy Terrain|[from] ability: Grassy Surge|[of] p2b: Rillaboom
|-terastallize|p2a: Baxcalibur|Ghost
|move|p1a: Whimsicott|Tailwind|p1a: Whimsicott
|-sidestart|p1: palle synchro|move: Tailwind
|move|p1b: Ursaluna|Blood Moon|p2a: Baxcalibur
|-damage|p2a: Baxcalibur|0 fnt
|faint|p2a: Baxcalibur
|-damage|p1b: Ursaluna|91/100|[from] item: Life Orb
|
|-heal|p1a: Whimsicott|62/100|[from] Grassy Terrain
|-heal|p1b: Ursaluna|97/100|[from] Grassy Terrain
|upkeep
|
|t:|1755186519
|switch|p2a: Sneasler|Sneasler, L50, F|63/100
|turn|3
|
|t:|1755186541
|move|p1a: Whimsicott|Fake Tears|p2b: Rillaboom
|-unboost|p2b: Rillaboom|spd|2
|move|p2b: Rillaboom|Grassy Glide|p1b: Ursaluna
|-supereffective|p1b: Ursaluna
|-damage|p1b: Ursaluna|23/100
|move|p1b: Ursaluna|Hyper Voice|p2a: Sneasler|[spread] p2a,p2b
|-damage|p2a: Sneasler|0 fnt
|-damage|p2b: Rillaboom|0 fnt
|faint|p2a: Sneasler
|faint|p2b: Rillaboom
|-damage|p1b: Ursaluna|13/100|[from] item: Life Orb
|
|-heal|p1a: Whimsicott|68/100|[from] Grassy Terrain
|-heal|p1b: Ursaluna|19/100|[from] Grassy Terrain
|upkeep
|-message|gustavlund forfeited.
|
|win|palle synchro
|raw|palle synchro's rating: 1450 → 1474(+24 for winning)
|raw|gustavlund's rating: 1527 → 1503(-24 for losing)
