|j|☆Rock slap
|j|☆fili53
|html|Rock slapfili53    
|uhtml|bestof|Game 1 of a best-of-3
|t:|1757626775
|gametype|doubles
|player|p1|Rock slap|hiker-gen4|1260
|player|p2|fili53|cress|1251
|gen|9
|tier|[Gen 9] VGC 2025 Reg H (Bo3)
|rated|
|rule|Species Clause: Limit one of each Pokémon
|rule|Item Clause: Limit 1 of each item
|clearpoke
|poke|p1|Kommo-o, L50, M|
|poke|p1|Incineroar, L50, M|
|poke|p1|Rillaboom, L50, M|
|poke|p1|Volcarona, L50, M|
|poke|p1|Electabuzz, L50, M|
|poke|p1|Golduck, L50, F|
|poke|p2|Gholdengo, L50|
|poke|p2|Incineroar, L50, F|
|poke|p2|Amoonguss, L50, F|
|poke|p2|Garchomp, L50, F|
|poke|p2|Kilowattrel, L50, F|
|poke|p2|Tyranitar, L50, M|
|teampreview|4
|showteam|p1|Kommo-o||ThroatSpray|Soundproof|ClangingScales,FlashCannon,ClangorousSoul,Protect|||M|||50|,,,,,Steel]Incineroar||SafetyGoggles|Intimidate|FakeOut,KnockOff,PartingShot,FlareBlitz|||M|||50|,,,,,Ghost]Rillaboom||AssaultVest|GrassySurge|FakeOut,WoodHammer,HighHorsepower,GrassyGlide|||M|||50|,,,,,Water]Volcarona||SitrusBerry|FlameBody|QuiverDance,HeatWave,TeraBlast,Protect|||M|||50|,,,,,Fairy]Electabuzz||Eviolite|VitalSpirit|Protect,Electroweb,Taunt,FollowMe|||M|||50|,,,,,Fairy]Golduck||CovertCloak|CloudNine|IcyWind,SimpleBeam,HelpingHand,Encore|||F|||50|,,,,,Poison
|showteam|p2|Gholdengo||MetalCoat|GoodasGold|MakeItRain,NastyPlot,ShadowBall,Protect||||||50|,,,,,Flying]Incineroar||SafetyGoggles|Intimidate|FakeOut,FlareBlitz,PartingShot,KnockOff|||F|||50|,,,,,Grass]Amoonguss||SitrusBerry|Regenerator|Spore,RagePowder,PollenPuff,Protect|||F|||50|,,,,,Psychic]Garchomp||LifeOrb|RoughSkin|DragonClaw,StompingTantrum,Earthquake,Protect|||F|||50|,,,,,Fire]Kilowattrel||CovertCloak|Competitive|AirSlash,Tailwind,Thunderbolt,Protect|||F|||50|,,,,,Fairy]Tyranitar||AssaultVest|SandStream|RockSlide,KnockOff,LowKick,TeraBlast|||M|||50|,,,,,Flying
|
|t:|1757626826
|teamsize|p1|4
|teamsize|p2|4
|start
|switch|p1a: Kommo-o|Kommo-o, L50, M, shiny|100/100
|switch|p1b: Rillaboom|Rillaboom, L50, M|100/100
|switch|p2a: Kilowattrel|Kilowattrel, L50, F|100/100
|switch|p2b: Tyranitar|Tyranitar, L50, M|100/100
|-weather|Sandstorm|[from] ability: Sand Stream|[of] p2b: Tyranitar
|-fieldstart|move: Grassy Terrain|[from] ability: Grassy Surge|[of] p1b: Rillaboom
|turn|1
|
|t:|1757626872
|switch|p2b: Gholdengo|Gholdengo, L50|100/100
|-terastallize|p1a: Kommo-o|Steel
|move|p1b: Rillaboom|Fake Out|p2b: Gholdengo
|-immune|p2b: Gholdengo
|move|p2a: Kilowattrel|Tailwind|p2a: Kilowattrel
|-sidestart|p2: fili53|move: Tailwind
|move|p1a: Kommo-o|Clangorous Soul|p1a: Kommo-o
|-boost|p1a: Kommo-o|atk|1
|-boost|p1a: Kommo-o|def|1
|-boost|p1a: Kommo-o|spa|1
|-boost|p1a: Kommo-o|spd|1
|-boost|p1a: Kommo-o|spe|1
|-damage|p1a: Kommo-o|68/100
|-enditem|p1a: Kommo-o|Throat Spray
|-boost|p1a: Kommo-o|spa|1|[from] item: Throat Spray
|
|-weather|Sandstorm|[upkeep]
|-damage|p2a: Kilowattrel|94/100|[from] Sandstorm
|-damage|p1b: Rillaboom|95/100|[from] Sandstorm
|-heal|p1a: Kommo-o|74/100|[from] Grassy Terrain
|-heal|p1b: Rillaboom|100/100|[from] Grassy Terrain
|upkeep
|turn|2
|
|t:|1757626889
|move|p2a: Kilowattrel|Thunderbolt|p1a: Kommo-o
|-damage|p1a: Kommo-o|43/100
|move|p2b: Gholdengo|Shadow Ball|p1a: Kommo-o
|-damage|p1a: Kommo-o|13/100
|move|p1a: Kommo-o|Clanging Scales|p2b: Gholdengo|[spread] p2a,p2b
|-resisted|p2b: Gholdengo
|-damage|p2a: Kilowattrel|0 fnt
|-damage|p2b: Gholdengo|58/100
|faint|p2a: Kilowattrel
|-unboost|p1a: Kommo-o|def|1
|move|p1b: Rillaboom|High Horsepower|p2b: Gholdengo
|-supereffective|p2b: Gholdengo
|-damage|p2b: Gholdengo|0 fnt
|faint|p2b: Gholdengo
|
|-weather|Sandstorm|[upkeep]
|-damage|p1b: Rillaboom|95/100|[from] Sandstorm
|-heal|p1a: Kommo-o|19/100|[from] Grassy Terrain
|-heal|p1b: Rillaboom|100/100|[from] Grassy Terrain
|upkeep
|-message|fili53 forfeited.
|
|win|Rock slap
|l|☆fili53
|player|p2|
||fili53 is ready for game 2.
||Rock slap is ready for game 2.
|uhtml|next|Next: Game 2 of 3
