|j|☆Telly201
|j|☆Divine Monkey King
|html|Telly201Divine Monkey King    
|uhtml|bestof|Game 1 of a best-of-3
|t:|1782590830
|gametype|doubles
|player|p1|Telly201|1|1000
|player|p2|Divine Monkey King|rocketgrunt|1053
|gen|9
|tier|[Gen 9 Champions] VGC 2026 Reg M-B (Bo3)
|rated|
|rule|Species Clause: Limit one of each Pokémon
|rule|Item Clause: Limit 1 of each item
|clearpoke
|poke|p1|Armarouge, L50, F|
|poke|p1|Malamar, L50, F|
|poke|p1|Sinistcha, L50|
|poke|p1|Golurk, L50|
|poke|p1|Scizor, L50, F|
|poke|p1|Tauros-Paldea-Aqua, L50, M|
|poke|p2|Whimsicott, L50, F, shiny|
|poke|p2|Lucario, L50, M, shiny|
|poke|p2|Pelipper, L50, M, shiny|
|poke|p2|Beedrill, L50, M, shiny|
|poke|p2|Annihilape, L50, M, shiny|
|poke|p2|Basculegion, L50, M, shiny|
|teampreview|4
|showteam|p1|Armarouge||Leftovers|FlashFire|DarkPulse,StoredPower,ArmorCannon,Protect|Sassy||F|||50|]Malamar||FocusSash|Contrary|SkillSwap,TrickRoom,FoulPlay,PsychoCut|Brave||F|||50|]Sinistcha||SitrusBerry|Hospitality|LifeDew,RagePowder,TrickRoom,MatchaGotcha|Serious|||||50|]Golurk||Golurkite|IronFist|HeadlongRush,CloseCombat,Poltergeist,Protect|Adamant|||||50|]Scizor||Scizorite|Technician|DualWingbeat,Superpower,Tailwind,BulletPunch|Adamant||F|||50|]Tauros-Paldea-Aqua||MysticWater|Intimidate|CloseCombat,WaveCrash,RockSlide,Protect|Adamant||M|||50|
|showteam|p2|Whimsicott||FocusSash|Prankster|Encore,Protect,Tailwind,BeatUp|Serious||F|||50|]Lucario||Lucarionite|Justified|Crunch,DrainPunch,PoisonJab,Protect|Jolly||M|||50|]Pelipper||SitrusBerry|Drizzle|Hurricane,IceBeam,Protect,WeatherBall|Timid||M|||50|]Beedrill||Beedrillite|Sniper|DrillRun,PoisonJab,Protect,FellStinger|Jolly||M|||50|]Annihilape||Leftovers|Defiant|BulkUp,DrainPunch,RageFist,RockSlide|Adamant||M|||50|]Basculegion||MysticWater|SwiftSwim|AquaJet,FlipTurn,LastRespects,Protect|Adamant||M|||50|
|inactive|Battle timer is ON: inactive players will automatically lose when time's up. (requested by Telly201)
|inactive|Divine Monkey King has 60 seconds left.
|
|t:|1782590871
|teamsize|p1|4
|teamsize|p2|4
|start
|switch|p1a: Malamar|Malamar, L50, F|100/100
|switch|p1b: Sinistcha|Sinistcha, L50|100/100
|switch|p2a: Whimsicott|Whimsicott, L50, F, shiny|100/100
|switch|p2b: Lucario|Lucario, L50, M, shiny|100/100
|turn|1
|inactive|Divine Monkey King has 30 seconds left.
|inactive|Divine Monkey King has 20 seconds left.
|
|t:|1782590910
|move|p2a: Whimsicott|Beat Up|p2b: Lucario
|-resisted|p2b: Lucario|1
|-damage|p2b: Lucario|97/100
|-ability|p2b: Lucario|Justified|boost
|-boost|p2b: Lucario|atk|1
|-resisted|p2b: Lucario|1
|-damage|p2b: Lucario|95/100
|-ability|p2b: Lucario|Justified|boost
|-boost|p2b: Lucario|atk|1
|-resisted|p2b: Lucario|1
|-damage|p2b: Lucario|94/100
|-ability|p2b: Lucario|Justified|boost
|-boost|p2b: Lucario|atk|1
|-resisted|p2b: Lucario|1
|-damage|p2b: Lucario|92/100
|-ability|p2b: Lucario|Justified|boost
|-boost|p2b: Lucario|atk|1
|-hitcount|p2b: Lucario|4
|move|p2b: Lucario|Crunch|p1b: Sinistcha
|-supereffective|p1b: Sinistcha|1
|-damage|p1b: Sinistcha|0 fnt
|faint|p1b: Sinistcha
|move|p1a: Malamar|Psycho Cut|p2b: Lucario
|-damage|p2b: Lucario|38/100
|
|upkeep
|c|☆Telly201|Nice strat
|inactive|Telly201 has 30 seconds left.
|
|t:|1782590940
|switch|p1b: Scizor|Scizor, L50, F|100/100
|turn|2
|
|t:|1782590951
|detailschange|p2b: Lucario|Lucario-Mega, L50, M, shiny
|-mega|p2b: Lucario|Lucario|Lucarionite
|move|p2b: Lucario|Drain Punch|p1a: Malamar
|-enditem|p1a: Malamar|Focus Sash
|-damage|p1a: Malamar|1/100
|-heal|p2b: Lucario|93/100|[from] drain|[of] p1a: Malamar
|move|p2a: Whimsicott|Beat Up|p1a: Malamar
|-damage|p1a: Malamar|0 fnt
|faint|p1a: Malamar
|-hitcount|p1: Malamar|1
|move|p1b: Scizor|Dual Wingbeat|p2b: Lucario
|-damage|p2b: Lucario|63/100
|-damage|p2b: Lucario|34/100
|-hitcount|p2b: Lucario|2
|
|upkeep
|-message|Telly201 forfeited.
|
|win|Divine Monkey King
|l|☆Telly201
|player|p1|
|raw|Telly201's rating: 1000 → 1000(+0 for losing)
|raw|Divine Monkey King's rating: 1053 → 1080(+27 for winning)
|c|☆Divine Monkey King|Gg
