|j|☆GiovanniMuciaccia
|j|☆crudo de fava
|html|GiovanniMuciacciacrudo de fava    
|uhtml|bestof|Game 2 of a best-of-3
|t:|1756475483
|gametype|doubles
|player|p1|GiovanniMuciaccia|169|1256
|player|p2|crudo de fava|ingo|1305
|gen|9
|tier|[Gen 9] VGC 2025 Reg H (Bo3)
|rated|
|rule|Species Clause: Limit one of each Pokémon
|rule|Item Clause: Limit 1 of each item
|clearpoke
|poke|p1|Pelipper, L50, M|
|poke|p1|Archaludon, L50, F|
|poke|p1|Maushold, L50|
|poke|p1|Sinistcha, L50|
|poke|p1|Ursaluna, L50, M|
|poke|p1|Dragonite, L50, F|
|poke|p2|Charizard, L50, F|
|poke|p2|Torkoal, L50, F|
|poke|p2|Porygon2, L50|
|poke|p2|Incineroar, L50, F|
|poke|p2|Jumpluff, L50, M|
|poke|p2|Ursaluna, L50, M|
|teampreview|4
|showteam|p1|Pelipper||FocusSash|Drizzle|Hurricane,MuddyWater,Tailwind,Protect|||M|||50|,,,,,Ghost]Archaludon||AssaultVest|Stamina|ElectroShot,DracoMeteor,Snarl,BodyPress|||F|||50|,,,,,Grass]Maushold||SafetyGoggles|FriendGuard|SuperFang,BeatUp,FollowMe,Protect||||||50|,,,,,Ghost]Sinistcha||SitrusBerry|Hospitality|MatchaGotcha,TrickRoom,LifeDew,RagePowder||||||50|,,,,,Electric]Ursaluna||FlameOrb|Guts|HeadlongRush,Facade,Earthquake,Protect|||M|||50|,,,,,Ghost]Dragonite||LoadedDice|Multiscale|ScaleShot,ExtremeSpeed,Haze,Tailwind|||F|||50|,,,,,Fairy
|showteam|p2|Charizard||ChoiceSpecs|SolarPower|HeatWave,Overheat,WeatherBall,AirSlash|||F|||50|,,,,,Ghost]Torkoal||EjectPack|Drought|Eruption,Overheat,HelpingHand,Protect|||F|||50|,,,,,Fire]Porygon2||Eviolite|Download|TeraBlast,IceBeam,Recover,TrickRoom||||||50|,,,,,Fighting]Incineroar||SitrusBerry|Intimidate|FlareBlitz,KnockOff,FakeOut,PartingShot|||F|||50|,,,,,Ghost]Jumpluff||CovertCloak|Chlorophyll|SleepPowder,SunnyDay,RagePowder,Tailwind|||M|||50|,,,,,Water]Ursaluna||FlameOrb|Guts|HeadlongRush,Facade,Earthquake,Protect|||M|||50|,,,,,Ghost
|
|t:|1756475507
|teamsize|p1|4
|teamsize|p2|4
|start
|switch|p1a: Ursaluna|Ursaluna, L50, M|100/100
|switch|p1b: Archaludon|Archaludon, L50, F|100/100
|switch|p2a: Jumpluff|Jumpluff, L50, M|100/100
|switch|p2b: Porygon2|Porygon2, L50|100/100
|-ability|p2b: Porygon2|Download|boost
|-boost|p2b: Porygon2|spa|1
|turn|1
|
|t:|1756475528
|-terastallize|p1b: Archaludon|Grass
|move|p1a: Ursaluna|Protect|p1a: Ursaluna
|-singleturn|p1a: Ursaluna|Protect
|move|p2a: Jumpluff|Sleep Powder|p1b: Archaludon
|-immune|p1b: Archaludon
|move|p1b: Archaludon|Snarl|p2b: Porygon2|[spread] p2a,p2b
|-damage|p2a: Jumpluff|86/100
|-damage|p2b: Porygon2|92/100
|-unboost|p2b: Porygon2|spa|1
|move|p2b: Porygon2|Ice Beam|p1a: Ursaluna
|-activate|p1a: Ursaluna|move: Protect
|
|-status|p1a: Ursaluna|brn|[from] item: Flame Orb
|upkeep
|turn|2
|
|t:|1756475556
|move|p2a: Jumpluff|Tailwind|p2a: Jumpluff
|-sidestart|p2: crudo de fava|move: Tailwind
|move|p2b: Porygon2|Ice Beam|p1a: Ursaluna
|-supereffective|p1a: Ursaluna
|-damage|p1a: Ursaluna|48/100 brn
|move|p1b: Archaludon|Snarl|p2a: Jumpluff|[spread] p2a,p2b
|-damage|p2a: Jumpluff|71/100
|-damage|p2b: Porygon2|83/100
|-unboost|p2b: Porygon2|spa|1
|move|p1a: Ursaluna|Facade|p2a: Jumpluff
|-damage|p2a: Jumpluff|0 fnt
|faint|p2a: Jumpluff
|
|-damage|p1a: Ursaluna|43/100 brn|[from] brn
|upkeep
|
|t:|1756475568
|switch|p2a: Charizard|Charizard, L50, F|100/100
|turn|3
|
|t:|1756475615
|move|p1a: Ursaluna|Protect|p1a: Ursaluna
|-singleturn|p1a: Ursaluna|Protect
|move|p2a: Charizard|Air Slash|p1b: Archaludon
|-supereffective|p1b: Archaludon
|-damage|p1b: Archaludon|23/100
|-ability|p1b: Archaludon|Stamina|boost
|-boost|p1b: Archaludon|def|1
|move|p2b: Porygon2|Ice Beam|p1b: Archaludon
|-supereffective|p1b: Archaludon
|-damage|p1b: Archaludon|0 fnt
|faint|p1b: Archaludon
|
|-damage|p1a: Ursaluna|37/100 brn|[from] brn
|upkeep
|
|t:|1756475626
|switch|p1b: Sinistcha|Sinistcha, L50|100/100
|-heal|p1a: Ursaluna|61/100 brn|[from] ability: Hospitality|[of] p1b: Sinistcha
|turn|4
|
|t:|1756475662
|-terastallize|p2a: Charizard|Ghost
|move|p1b: Sinistcha|Rage Powder|p1b: Sinistcha
|-singleturn|p1b: Sinistcha|move: Rage Powder
|move|p2a: Charizard|Air Slash|p1b: Sinistcha
|-supereffective|p1b: Sinistcha
|-damage|p1b: Sinistcha|0 fnt
|faint|p1b: Sinistcha
|move|p2b: Porygon2|Ice Beam|p1a: Ursaluna
|-supereffective|p1a: Ursaluna
|-damage|p1a: Ursaluna|24/100 brn
|move|p1a: Ursaluna|Headlong Rush|p2a: Charizard
|-damage|p2a: Charizard|0 fnt
|-unboost|p1a: Ursaluna|def|1
|-unboost|p1a: Ursaluna|spd|1
|faint|p2a: Charizard
|
|-damage|p1a: Ursaluna|18/100 brn|[from] brn
|upkeep
|
|t:|1756475677
|switch|p2a: Torkoal|Torkoal, L50, F|100/100
|switch|p1b: Dragonite|Dragonite, L50, F|100/100
|-weather|SunnyDay|[from] ability: Drought|[of] p2a: Torkoal
|turn|5
|
|t:|1756475699
|move|p1b: Dragonite|Scale Shot|p2b: Porygon2
|-crit|p2b: Porygon2
|-damage|p2b: Porygon2|70/100
|-damage|p2b: Porygon2|61/100
|-damage|p2b: Porygon2|52/100
|-damage|p2b: Porygon2|43/100
|-hitcount|p2b: Porygon2|4
|-unboost|p1b: Dragonite|def|1
|-boost|p1b: Dragonite|spe|1
|move|p1a: Ursaluna|Headlong Rush|p2a: Torkoal
|-supereffective|p2a: Torkoal
|-damage|p2a: Torkoal|0 fnt
|-unboost|p1a: Ursaluna|def|1
|-unboost|p1a: Ursaluna|spd|1
|faint|p2a: Torkoal
|move|p2b: Porygon2|Trick Room|p2b: Porygon2
|-fieldstart|move: Trick Room|[of] p2b: Porygon2
|
|-weather|SunnyDay|[upkeep]
|-damage|p1a: Ursaluna|12/100 brn|[from] brn
|-sideend|p2: crudo de fava|move: Tailwind
|upkeep
|turn|6
|-message|crudo de fava forfeited.
|
|win|GiovanniMuciaccia
