|j|☆caterleigh
|j|☆zach_lucius
|html|caterleighzach_lucius    
|uhtml|bestof|Game 3 of a best-of-3
|t:|1756479944
|gametype|doubles
|player|p1|caterleigh|waiter-gen4|1237
|player|p2|zach_lucius|briar|1344
|gen|9
|tier|[Gen 9] VGC 2025 Reg H (Bo3)
|rated|
|rule|Species Clause: Limit one of each Pokémon
|rule|Item Clause: Limit 1 of each item
|clearpoke
|poke|p1|Gholdengo, L50|
|poke|p1|Dragonite, L50, F|
|poke|p1|Rillaboom, L50, M|
|poke|p1|Ninetales-Alola, L50, F|
|poke|p1|Sneasler, L50, M|
|poke|p1|Maushold-Four, L50|
|poke|p2|Indeedee-F, L50, F|
|poke|p2|Sneasler, L50, F|
|poke|p2|Armarouge, L50, F|
|poke|p2|Torkoal, L50, F|
|poke|p2|Lilligant-Hisui, L50, F|
|poke|p2|Gallade, L50, M|
|teampreview|4
|showteam|p1|Gholdengo||MetalCoat|GoodasGold|MakeItRain,ShadowBall,NastyPlot,Protect||||||50|,,,,,Water]Dragonite||LoadedDice|Multiscale|ScaleShot,Tailwind,ExtremeSpeed,Protect|||F|||50|,,,,,Fairy]Rillaboom||AssaultVest|GrassySurge|FakeOut,DrumBeating,GrassyGlide,HighHorsepower|||M|||50|,,,,,Fire]Ninetales-Alola||NeverMeltIce|SnowWarning|Blizzard,FreezeDry,Encore,Protect|||F|||50|,,,,,Ghost]Sneasler||FocusSash|PoisonTouch|CloseCombat,DireClaw,FakeOut,Protect|||M|||50|,,,,,Stellar]Maushold-Four||SafetyGoggles|FriendGuard|SuperFang,Taunt,FollowMe,Protect||||||50|,,,,,Fairy
|showteam|p2|Indeedee-F||SafetyGoggles|PsychicSurge|Psychic,HelpingHand,FollowMe,TrickRoom|||F|||50|,,,,,Fairy]Sneasler||PsychicSeed|Unburden|DireClaw,CloseCombat,ThroatChop,Protect|||F|||50|,,,,,Dark]Armarouge||LifeOrb|FlashFire|ExpandingForce,ArmorCannon,TrickRoom,Protect|||F|||50|,,,,,Grass]Torkoal||Charcoal|Drought|Eruption,WeatherBall,ClearSmog,Protect|||F|||50|,,,,,Fire]Lilligant-Hisui||FocusSash|Chlorophyll|CloseCombat,SolarBlade,IceSpinner,AfterYou|||F|||50|,,,,,Ghost]Gallade||ClearAmulet|Sharpness|SacredSword,PsychoCut,WideGuard,TrickRoom|||M|||50|,,,,,Steel
|
|t:|1756479977
|teamsize|p1|4
|teamsize|p2|4
|start
|switch|p1a: Gholdengo|Gholdengo, L50|100/100
|switch|p1b: Sneasler|Sneasler, L50, M|100/100
|switch|p2a: Torkoal|Torkoal, L50, F|100/100
|switch|p2b: Lilligant|Lilligant-Hisui, L50, F|100/100
|-weather|SunnyDay|[from] ability: Drought|[of] p2a: Torkoal
|turn|1
|
|t:|1756480027
|switch|p2a: Indeedee|Indeedee-F, L50, F|100/100
|-fieldstart|move: Psychic Terrain|[from] ability: Psychic Surge|[of] p2a: Indeedee
|-terastallize|p1a: Gholdengo|Water
|move|p1b: Sneasler|Fake Out|p2a: Indeedee
|-activate|p2a: Indeedee|move: Psychic Terrain
|move|p2b: Lilligant|Solar Blade||[still]
|-prepare|p2b: Lilligant|Solar Blade
|-anim|p2b: Lilligant|Solar Blade|p1a: Gholdengo
|-supereffective|p1a: Gholdengo
|-damage|p1a: Gholdengo|0 fnt
|faint|p1a: Gholdengo
|
|-weather|SunnyDay|[upkeep]
|upkeep
|-message|caterleigh forfeited.
|
|win|zach_lucius
|raw|caterleigh's rating: 1237 → 1219(-18 for losing)
|raw|zach_lucius's rating: 1344 → 1358(+14 for winning)
|l|☆caterleigh
|player|p1|
