|j|☆Psyxzz4
|j|☆WasIsLossMitFenha
|html|Psyxzz4WasIsLossMitFenha    
|uhtml|bestof|Game 3 of a best-of-3
|t:|1782613211
|gametype|doubles
|player|p1|Psyxzz4|cynthia|
|player|p2|WasIsLossMitFenha|swimmer|
|gen|9
|tier|[Gen 9 Champions] VGC 2026 Reg M-B (Bo3)
|rule|Species Clause: Limit one of each Pokémon
|rule|Item Clause: Limit 1 of each item
|clearpoke
|poke|p1|Swampert, L50, M|
|poke|p1|Pelipper, L50, M|
|poke|p1|Archaludon, L50, M|
|poke|p1|Sinistcha, L50|
|poke|p1|Sneasler, L50, F|
|poke|p1|Basculegion, L50, M|
|poke|p2|Swampert, L50, F|
|poke|p2|Basculegion, L50, M|
|poke|p2|Pelipper, L50, M|
|poke|p2|Dragonite, L50, M|
|poke|p2|Sinistcha, L50|
|poke|p2|Incineroar, L50, M|
|teampreview|4
|showteam|p1|Swampert||Swampertite|Torrent|Earthquake,WaveCrash,Protect,IcePunch|Adamant||M|||50|]Pelipper||FocusSash|Drizzle|Hurricane,WeatherBall,Tailwind,Protect|Modest||M|||50|]Archaludon||Leftovers|Stamina|FlashCannon,ElectroShot,DracoMeteor,Protect|Modest||M|||50|]Sinistcha||KasibBerry|Hospitality|MatchaGotcha,RagePowder,TrickRoom,Protect|Bold|||||50|]Sneasler||WhiteHerb|Unburden|FakeOut,CloseCombat,DireClaw,Feint|Adamant||F|||50|]Basculegion||ChoiceScarf|Adaptability|FlipTurn,AquaJet,WaveCrash,LastRespects|Jolly||M|||50|
|showteam|p2|Swampert||Swampertite|Damp|Earthquake,FlipTurn,WaveCrash,IcePunch|Adamant||F|||50|]Basculegion||MysticWater|SwiftSwim|AquaJet,FlipTurn,WaveCrash,LastRespects|Jolly||M|||50|]Pelipper||FocusSash|KeenEye|Tailwind,Hurricane,MuddyWater,WeatherBall|Modest||M|||50|]Dragonite||Dragoninite|Multiscale|DracoMeteor,ExtremeSpeed,Hurricane,IceBeam|Serious||M|||50|]Sinistcha||Leftovers|Hospitality|MatchaGotcha,LifeDew,RagePowder,Protect|Calm|||||50|]Incineroar|||Blaze|FakeOut,FlareBlitz,PartingShot,DarkestLariat|Adamant||M|||50|
|j| 777pepe777
|
|t:|1782613284
|teamsize|p1|4
|teamsize|p2|4
|start
|switch|p1a: Simon Duarte|Archaludon, L50, M|100/100
|switch|p1b: Sergio|Basculegion, L50, M|100/100
|switch|p2a: Swampert|Swampert, L50, F|100/100
|switch|p2b: Basculegion|Basculegion, L50, M|100/100
|turn|1
|l| 777pepe777
|
|t:|1782613368
|switch|p2b: Sinistcha|Sinistcha, L50|100/100
|move|p1b: Sergio|Flip Turn|p2a: Swampert
|-damage|p2a: Swampert|60/100
|
|t:|1782613374
|switch|p1b: Pei|Pelipper, L50, M|100/100|[from] Flip Turn
|-weather|RainDance|[from] ability: Drizzle|[of] p1b: Pei
|move|p2a: Swampert|Earthquake|p1b: Pei|[spread] p2b,p1a
|-immune|p1b: Pei
|-resisted|p2b: Sinistcha|1
|-supereffective|p1a: Simon Duarte|1
|-damage|p2b: Sinistcha|83/100
|-damage|p1a: Simon Duarte|42/100
|-ability|p1a: Simon Duarte|Stamina|boost
|-boost|p1a: Simon Duarte|def|1
|move|p1a: Simon Duarte|Electro Shot||[still]
|-prepare|p1a: Simon Duarte|Electro Shot
|-boost|p1a: Simon Duarte|spa|1
|-anim|p1a: Simon Duarte|Electro Shot|p2b: Sinistcha
|-resisted|p2b: Sinistcha|1
|-damage|p2b: Sinistcha|56/100
|
|-weather|RainDance|[upkeep]
|-heal|p1a: Simon Duarte|48/100|[from] item: Leftovers
|-heal|p2b: Sinistcha|62/100|[from] item: Leftovers
|upkeep
|turn|2
|j| 777pepe777
|j| frangorem
|
|t:|1782613480
|detailschange|p2a: Swampert|Swampert-Mega, L50, F
|-mega|p2a: Swampert|Swampert|Swampertite
|move|p1a: Simon Duarte|Protect|p1a: Simon Duarte
|-singleturn|p1a: Simon Duarte|Protect
|move|p2b: Sinistcha|Rage Powder|p2b: Sinistcha
|-singleturn|p2b: Sinistcha|move: Rage Powder
|move|p2a: Swampert|Earthquake|p1b: Pei|[spread] p2b
|-activate|p1a: Simon Duarte|move: Protect
|-immune|p1b: Pei
|-resisted|p2b: Sinistcha|1
|-damage|p2b: Sinistcha|40/100
|move|p1b: Pei|Tailwind|p1b: Pei
|-sidestart|p1: Psyxzz4|move: Tailwind
|
|-weather|RainDance|[upkeep]
|-heal|p1a: Simon Duarte|54/100|[from] item: Leftovers
|-heal|p2b: Sinistcha|46/100|[from] item: Leftovers
|upkeep
|turn|3
|
|t:|1782613539
|move|p2b: Sinistcha|Protect|p2b: Sinistcha
|-singleturn|p2b: Sinistcha|Protect
|move|p2a: Swampert|Earthquake|p1a: Simon Duarte|[spread] p1a
|-activate|p2b: Sinistcha|move: Protect
|-immune|p1b: Pei
|-supereffective|p1a: Simon Duarte|1
|-damage|p1a: Simon Duarte|10/100
|-ability|p1a: Simon Duarte|Stamina|boost
|-boost|p1a: Simon Duarte|def|1
|move|p1b: Pei|Hurricane|p2b: Sinistcha
|-activate|p2b: Sinistcha|move: Protect
|move|p1a: Simon Duarte|Draco Meteor|p2a: Swampert
|-damage|p2a: Swampert|0 fnt
|-unboost|p1a: Simon Duarte|spa|2
|faint|p2a: Swampert
|
|-weather|RainDance|[upkeep]
|-heal|p1a: Simon Duarte|16/100|[from] item: Leftovers
|-heal|p2b: Sinistcha|52/100|[from] item: Leftovers
|upkeep
|
|t:|1782613548
|switch|p2a: Basculegion|Basculegion, L50, M|100/100
|turn|4
|
|t:|1782613677
|move|p2b: Sinistcha|Rage Powder|p2b: Sinistcha
|-singleturn|p2b: Sinistcha|move: Rage Powder
|move|p2a: Basculegion|Last Respects|p1b: Pei
|-damage|p1b: Pei|36/100
|move|p1b: Pei|Hurricane|p2b: Sinistcha
|-supereffective|p2b: Sinistcha|1
|-damage|p2b: Sinistcha|0 fnt
|faint|p2b: Sinistcha
|move|p1a: Simon Duarte|Electro Shot||[still]
|-prepare|p1a: Simon Duarte|Electro Shot
|-boost|p1a: Simon Duarte|spa|1
|-anim|p1a: Simon Duarte|Electro Shot|p2a: Basculegion
|-supereffective|p2a: Basculegion|1
|-damage|p2a: Basculegion|3/100
|
|-weather|RainDance|[upkeep]
|-heal|p1a: Simon Duarte|22/100|[from] item: Leftovers
|upkeep
|
|t:|1782613681
|switch|p2b: Dragonite|Dragonite, L50, M|100/100
|turn|5
|
|t:|1782613764
|move|p2b: Dragonite|Extreme Speed|p1b: Pei
|-damage|p1b: Pei|7/100
|move|p2a: Basculegion|Last Respects|p1a: Simon Duarte
|-damage|p1a: Simon Duarte|0 fnt
|faint|p1a: Simon Duarte
|move|p1b: Pei|Hurricane|p2a: Basculegion
|-crit|p2a: Basculegion
|-damage|p2a: Basculegion|0 fnt
|faint|p2a: Basculegion
|
|-weather|none
|-sideend|p1: Psyxzz4|move: Tailwind
|upkeep
|
|t:|1782613798
|switch|p1a: Bruno|Swampert, L50, M|100/100
|turn|6
|
|t:|1782613857
|detailschange|p1a: Bruno|Swampert-Mega, L50, M
|-mega|p1a: Bruno|Swampert|Swampertite
|move|p2b: Dragonite|Hurricane|p1a: Bruno
|-damage|p1a: Bruno|56/100
|move|p1b: Pei|Tailwind|p1b: Pei
|-sidestart|p1: Psyxzz4|move: Tailwind
|move|p1a: Bruno|Ice Punch|p2b: Dragonite
|-supereffective|p2b: Dragonite|2
|-damage|p2b: Dragonite|28/100
|
|upkeep
|turn|7
|c|☆Psyxzz4|gg
|c|☆WasIsLossMitFenha|ggs
|
|t:|1782613897
|move|p2b: Dragonite|Extreme Speed|p1a: Bruno
|-damage|p1a: Bruno|35/100
|move|p1b: Pei|Weather Ball|p2b: Dragonite
|-damage|p2b: Dragonite|10/100
|move|p1a: Bruno|Ice Punch|p2b: Dragonite
|-supereffective|p2b: Dragonite|2
|-damage|p2b: Dragonite|0 fnt
|faint|p2b: Dragonite
|
|win|Psyxzz4
|l| 777pepe777
|l|☆WasIsLossMitFenha
|player|p2|
|l| frangorem
