|j|☆dialghite
|j|☆EXHOUL
|html|dialghiteEXHOUL    
|uhtml|bestof|Game 2 of a best-of-3
|t:|1756380845
|gametype|doubles
|player|p1|dialghite|volkner|1364
|player|p2|EXHOUL|shadowtriad|1538
|gen|9
|tier|[Gen 9] VGC 2025 Reg H (Bo3)
|rated|
|rule|Species Clause: Limit one of each Pokémon
|rule|Item Clause: Limit 1 of each item
|clearpoke
|poke|p1|Whimsicott, L50, F|
|poke|p1|Meowscarada, L50, M|
|poke|p1|Indeedee, L50, M|
|poke|p1|Sneasler, L50, M|
|poke|p1|Ursaluna-Bloodmoon, L50, M|
|poke|p1|Archaludon, L50, M|
|poke|p2|Torkoal, L50, M|
|poke|p2|Lilligant-Hisui, L50, F|
|poke|p2|Armarouge, L50, M|
|poke|p2|Indeedee-F, L50, F|
|poke|p2|Incineroar, L50, M|
|poke|p2|Ursaluna, L50, F|
|teampreview|4
|showteam|p1|Whimsicott||CovertCloak|Prankster|Moonblast,Taunt,Tailwind,FakeTears|||F|||50|,,,,,Water]Meowscarada||ChoiceBand|Protean|FlowerTrick,KnockOff,TripleAxel,Uturn|||M|||50|,,,,,Ghost]Indeedee||FocusSash|PsychicSurge|ExpandingForce,TeraBlast,Imprison,TrickRoom|||M|||50|,,,,,Psychic]Sneasler||PsychicSeed|Unburden|CloseCombat,DireClaw,ThroatChop,Protect|||M|||50|,,,,,Dark]Ursaluna-Bloodmoon||LifeOrb|MindsEye|HyperVoice,BloodMoon,EarthPower,Protect|||M|||50|,,,,,Normal]Archaludon||PowerHerb|Stalwart|ElectroShot,DragonPulse,Thunderbolt,Protect|||M|||50|,,,,,Electric
|showteam|p2|Torkoal||Charcoal|Drought|Eruption,Flamethrower,ClearSmog,Protect|||M|||50|,,,,,Fire]Lilligant-Hisui||FocusSash|Chlorophyll|SleepPowder,CloseCombat,Encore,AfterYou|||F|||50|,,,,,Ghost]Armarouge||LifeOrb|FlashFire|ExpandingForce,ArmorCannon,WideGuard,TrickRoom|||M|||50|,,,,,Grass]Indeedee-F||RockyHelmet|PsychicSurge|FollowMe,HelpingHand,DazzlingGleam,TrickRoom|||F|||50|,,,,,Steel]Incineroar||SafetyGoggles|Intimidate|FakeOut,PartingShot,KnockOff,FlareBlitz|||M|||50|,,,,,Ghost]Ursaluna||FlameOrb|Guts|Facade,HeadlongRush,Earthquake,Protect|||F|||50|,,,,,Ghost
|inactive|Battle timer is ON: inactive players will automatically lose when time's up. (requested by EXHOUL)
|
|t:|1756380868
|teamsize|p1|4
|teamsize|p2|4
|start
|switch|p1a: Indeedee|Indeedee, L50, M|100/100
|switch|p1b: Sneasler|Sneasler, L50, M|100/100
|switch|p2a: Lilligant|Lilligant-Hisui, L50, F|100/100
|switch|p2b: Armarouge|Armarouge, L50, M|100/100
|-fieldstart|move: Psychic Terrain|[from] ability: Psychic Surge|[of] p1a: Indeedee
|-enditem|p1b: Sneasler|Psychic Seed
|-boost|p1b: Sneasler|spd|1|[from] item: Psychic Seed
|turn|1
|
|t:|1756380879
|move|p1b: Sneasler|Dire Claw|p2a: Lilligant
|-supereffective|p2a: Lilligant
|-enditem|p2a: Lilligant|Focus Sash
|-damage|p2a: Lilligant|1/100
|-status|p2a: Lilligant|slp
|cant|p2a: Lilligant|slp
|move|p1a: Indeedee|Imprison|p1a: Indeedee
|-start|p1a: Indeedee|move: Imprison
|cant|p2b: Armarouge|move: Imprison|Trick Room
|
|upkeep
|turn|2
|inactive|dialghite has 30 seconds left.
|inactive|EXHOUL has 30 seconds left.
|
|t:|1756380912
|switch|p2a: Ursaluna|Ursaluna, L50, F|100/100
|-terastallize|p1a: Indeedee|Psychic
|move|p2b: Armarouge|Wide Guard|p2b: Armarouge
|-singleturn|p2b: Armarouge|Wide Guard
|move|p1b: Sneasler|Dire Claw|p2a: Ursaluna
|-resisted|p2a: Ursaluna
|-damage|p2a: Ursaluna|84/100
|-status|p2a: Ursaluna|par
|move|p1a: Indeedee|Tera Blast|p2a: Ursaluna|[anim] Tera Blast Psychic
|-damage|p2a: Ursaluna|22/100 par
|
|upkeep
|turn|3
|
|t:|1756380935
|-terastallize|p2b: Armarouge|Grass
|move|p1b: Sneasler|Dire Claw|p2b: Armarouge
|-supereffective|p2b: Armarouge
|-damage|p2b: Armarouge|18/100
|-status|p2b: Armarouge|slp
|move|p1a: Indeedee|Tera Blast|p2a: Ursaluna|[anim] Tera Blast Psychic
|-damage|p2a: Ursaluna|0 fnt
|faint|p2a: Ursaluna
|cant|p2b: Armarouge|slp
|
|upkeep
|
|t:|1756380941
|switch|p2a: Lilligant|Lilligant-Hisui, L50, F|1/100 slp
|turn|4
|
|t:|1756380947
|move|p1b: Sneasler|Dire Claw|p2a: Lilligant
|-supereffective|p2a: Lilligant
|-damage|p2a: Lilligant|0 fnt
|faint|p2a: Lilligant
|move|p1a: Indeedee|Expanding Force|p2b: Armarouge
|-damage|p2b: Armarouge|0 fnt
|faint|p2b: Armarouge
|
|upkeep
|
|t:|1756380949
|switch|p2b: Torkoal|Torkoal, L50, M|100/100
|-weather|SunnyDay|[from] ability: Drought|[of] p2b: Torkoal
|turn|5
|
|t:|1756380952
|move|p1b: Sneasler|Close Combat|p2b: Torkoal
|-damage|p2b: Torkoal|47/100
|-unboost|p1b: Sneasler|def|1
|-unboost|p1b: Sneasler|spd|1
|move|p1a: Indeedee|Expanding Force|p2b: Torkoal
|-damage|p2b: Torkoal|0 fnt
|faint|p2b: Torkoal
|
|win|dialghite
|raw|dialghite's rating: 1364 → 1393(+29 for winning)
|raw|EXHOUL's rating: 1538 → 1509(-29 for losing)
