|j|☆CrustleUK
|j|☆Lord_of_Ewoks
|html|CrustleUKLord_of_Ewoks    
|uhtml|bestof|Game 2 of a best-of-3
|t:|1756746435
|gametype|doubles
|player|p1|CrustleUK|acetrainersnow|1153
|player|p2|Lord_of_Ewoks|2|1101
|gen|9
|tier|[Gen 9] VGC 2025 Reg H (Bo3)
|rated|
|rule|Species Clause: Limit one of each Pokémon
|rule|Item Clause: Limit 1 of each item
|clearpoke
|poke|p1|Ursaluna, L50, M|
|poke|p1|Gholdengo, L50|
|poke|p1|Sneasler, L50, M|
|poke|p1|Incineroar, L50, M|
|poke|p1|Porygon2, L50|
|poke|p1|Amoonguss, L50, M|
|poke|p2|Blaziken, L50, M|
|poke|p2|Primarina, L50, F|
|poke|p2|Serperior, L50, M|
|poke|p2|Incineroar, L50, F|
|poke|p2|Indeedee-F, L50, F|
|poke|p2|Dragapult, L50, M|
|teampreview|4
|showteam|p1|Ursaluna||FlameOrb|Guts|Facade,HeadlongRush,Earthquake,Protect|||M|||50|,,,,,Ghost]Gholdengo||MetalCoat|GoodasGold|MakeItRain,ShadowBall,NastyPlot,Protect||||||50|,,,,,Dragon]Sneasler||FocusSash|PoisonTouch|CloseCombat,DireClaw,FakeOut,Protect|||M|||50|,,,,,Stellar]Incineroar||AssaultVest|Intimidate|FlareBlitz,KnockOff,Uturn,FakeOut|||M|||50|,,,,,Grass]Porygon2||Eviolite|Download|TeraBlast,IceBeam,TrickRoom,Recover||||||50|,,,,,Flying]Amoonguss||SitrusBerry|Regenerator|PollenPuff,Spore,RagePowder,Protect|||M|||50|,,,,,Water
|showteam|p2|Blaziken||ClearAmulet|SpeedBoost|FirePledge,CloseCombat,RockSlide,Protect|||M|||50|,,,,,Ghost]Primarina||LifeOrb|LiquidVoice|HyperVoice,Moonblast,WaterPledge,Protect|||F|||50|,,,,,Poison]Serperior||FocusSash|Contrary|LeafStorm,TeraBlast,GrassPledge,Protect|||M|||50|,,,,,Stellar]Incineroar||SitrusBerry|Intimidate|FakeOut,PartingShot,KnockOff,WillOWisp|||F|||50|,,,,,Ghost]Indeedee-F||SafetyGoggles|PsychicSurge|FollowMe,Protect,TrickRoom,Psychic|||F|||50|,,,,,Dark]Dragapult||ChoiceBand|ClearBody|DragonDarts,PhantomForce,Uturn,PsychicFangs|||M|||50|,,,,,Dragon
|inactive|Battle timer is ON: inactive players will automatically lose when time's up. (requested by CrustleUK)
|
|t:|1756746462
|teamsize|p1|4
|teamsize|p2|4
|start
|switch|p1a: Gholdengo|Gholdengo, L50|100/100
|switch|p1b: Amoonguss|Amoonguss, L50, M|100/100
|switch|p2a: Serperior|Serperior, L50, M|100/100
|switch|p2b: Primarina|Primarina, L50, F|100/100
|turn|1
|
|t:|1756746487
|-terastallize|p1a: Gholdengo|Dragon
|move|p2b: Primarina|Protect|p2b: Primarina
|-singleturn|p2b: Primarina|Protect
|move|p2a: Serperior|Leaf Storm|p1a: Gholdengo|[miss]
|-miss|p2a: Serperior|p1a: Gholdengo
|move|p1a: Gholdengo|Nasty Plot|p1a: Gholdengo
|-boost|p1a: Gholdengo|spa|2
|move|p1b: Amoonguss|Spore|p2b: Primarina
|-activate|p2b: Primarina|move: Protect
|
|upkeep
|turn|2
|
|t:|1756746502
|move|p2a: Serperior|Grass Pledge|p1a: Gholdengo
|-waiting|p2a: Serperior|p2b: Primarina
|move|p2b: Primarina|Water Pledge|p1a: Gholdengo|[from] move: Grass Pledge
|-combine
|-resisted|p1a: Gholdengo
|-damage|p1a: Gholdengo|49/100
|-sidestart|p1: CrustleUK|Grass Pledge
|-damage|p2b: Primarina|91/100|[from] item: Life Orb
|move|p1a: Gholdengo|Make It Rain|p2b: Primarina|[spread] p2a,p2b
|-enditem|p2a: Serperior|Focus Sash
|-damage|p2a: Serperior|1/100
|-damage|p2b: Primarina|0 fnt
|-unboost|p1a: Gholdengo|spa|1
|faint|p2b: Primarina
|move|p1b: Amoonguss|Pollen Puff|p2a: Serperior
|-supereffective|p2a: Serperior
|-damage|p2a: Serperior|0 fnt
|faint|p2a: Serperior
|
|upkeep
|
|t:|1756746511
|switch|p2a: Indeedee|Indeedee-F, L50, F|100/100
|switch|p2b: Incineroar|Incineroar, L50, F|100/100
|-fieldstart|move: Psychic Terrain|[from] ability: Psychic Surge|[of] p2a: Indeedee
|-ability|p2b: Incineroar|Intimidate|boost
|-unboost|p1a: Gholdengo|atk|1
|-unboost|p1b: Amoonguss|atk|1
|turn|3
|-message|Lord_of_Ewoks forfeited.
|raw|CrustleUK's rating: 1153 → 1174(+21 for winning)
|raw|Lord_of_Ewoks's rating: 1101 → 1080(-21 for losing)
|
|win|CrustleUK
|l|☆Lord_of_Ewoks
|player|p2|
