|j|☆lox1sm
|j|☆Plata251
|html|lox1smPlata251    
|uhtml|bestof|Game 2 of a best-of-3
|t:|1783638796
|gametype|doubles
|player|p1|lox1sm|veteran|1159
|player|p2|Plata251|corbeau|1075
|gen|9
|tier|[Gen 9 Champions] VGC 2026 Reg M-B (Bo3)
|rated|
|rule|Species Clause: Limit one of each Pokémon
|rule|Item Clause: Limit 1 of each item
|clearpoke
|poke|p1|Charizard, L50, F|
|poke|p1|Aerodactyl, L50, F|
|poke|p1|Garchomp, L50, M|
|poke|p1|Kingambit, L50, F|
|poke|p1|Farigiraf, L50, F|
|poke|p1|Primarina, L50, M|
|poke|p2|Pyroar, L50, M|
|poke|p2|Volcarona, L50, M|
|poke|p2|Whimsicott, L50, F|
|poke|p2|Venusaur, L50, F|
|poke|p2|Scovillain, L50, M|
|poke|p2|Dragapult, L50, M|
|teampreview|4
|showteam|p1|Charizard||CharizarditeY|Blaze|HeatWave,WeatherBall,SolarBeam,Protect|Modest||F|||50|]Aerodactyl||Aerodactylite|Unnerve|RockSlide,IceFang,Tailwind,Protect|Jolly||F|||50|]Garchomp||LifeOrb|RoughSkin|DragonClaw,Earthquake,RockSlide,Protect|Jolly||M|||50|]Kingambit||FocusSash|Defiant|KowtowCleave,SuckerPunch,IronHead,LowKick|Adamant||F|||50|]Farigiraf||ExpertBelt|ArmorTail|Psychic,DazzlingGleam,Thunderbolt,TrickRoom|Modest||F|||50|]Primarina||MysticWater|LiquidVoice|HyperVoice,Moonblast,Haze,Protect|Modest||M|||50|
|showteam|p2|Pyroar||Pyroarite|Unnerve|BurningJealousy,HyperVoice,Snarl,Protect|Timid||M|||50|]Volcarona||Leftovers|FlameBody|RagePowder,FieryDance,StruggleBug,Protect|Timid||M|||50|]Whimsicott||HeatRock|Prankster|Moonblast,Tailwind,SunnyDay,FakeTears|Timid||F|||50|]Venusaur||FocusSash|Chlorophyll|GigaDrain,WeatherBall,EarthPower,SludgeBomb|Modest||F|||50|]Scovillain||Scovillainite|Chlorophyll|RagePowder,SpicyExtract,BurningJealousy,GigaDrain|Modest||M|||50|]Dragapult||LifeOrb|ClearBody|DragonDance,DragonDarts,PhantomForce,Fly|Adamant||M|||50|
|inactive|Battle timer is ON: inactive players will automatically lose when time's up. (requested by Plata251)
|
|t:|1783638820
|teamsize|p1|4
|teamsize|p2|4
|start
|switch|p1a: Aerodactyl|Aerodactyl, L50, F|100/100
|switch|p1b: Charizard|Charizard, L50, F|100/100
|switch|p2a: Scovillain|Scovillain, L50, M|100/100
|switch|p2b: Dragapult|Dragapult, L50, M|100/100
|-ability|p1a: Aerodactyl|Unnerve
|turn|1
|
|t:|1783638833
|detailschange|p1b: Charizard|Charizard-Mega-Y, L50, F
|-mega|p1b: Charizard|Charizard|Charizardite Y
|-weather|SunnyDay|[from] ability: Drought|[of] p1b: Charizard
|move|p2a: Scovillain|Spicy Extract|p2b: Dragapult
|-fail|p2b: Dragapult|unboost|[from] ability: Clear Body|[of] p2b: Dragapult
|-boost|p2b: Dragapult|atk|2
|move|p1a: Aerodactyl|Rock Slide|p2b: Dragapult|[spread] p2a,p2b
|-supereffective|p2a: Scovillain|1
|-crit|p2b: Dragapult
|-damage|p2a: Scovillain|14/100
|-damage|p2b: Dragapult|50/100g
|move|p2b: Dragapult|Dragon Dance|p2b: Dragapult
|-boost|p2b: Dragapult|atk|1
|-boost|p2b: Dragapult|spe|1
|move|p1b: Charizard|Weather Ball|p2a: Scovillain
|-damage|p2a: Scovillain|0 fnt
|faint|p2a: Scovillain
|
|-weather|SunnyDay|[upkeep]
|upkeep
|
|t:|1783638848
|switch|p2a: Venusaur|Venusaur, L50, F|100/100
|turn|2
|
|t:|1783638865
|move|p2b: Dragapult|Dragon Darts|p1b: Charizard
|-damage|p1b: Charizard|1/100
|-anim|p2b: Dragapult|Dragon Darts|p1a: Aerodactyl
|-damage|p1a: Aerodactyl|0 fnt
|faint|p1a: Aerodactyl
|-damage|p2b: Dragapult|41/100|[from] item: Life Orb
|move|p2a: Venusaur|Sludge Bomb|p1b: Charizard
|-damage|p1b: Charizard|0 fnt
|faint|p1b: Charizard
|
|-weather|SunnyDay|[upkeep]
|upkeep
|inactive|lox1sm has 30 seconds left.
|-message|lox1sm forfeited.
|
|win|Plata251
||lox1sm is ready for game 3.
||Plata251 is ready for game 3.
|uhtml|next|Next: Game 3 of 3
|l|☆Plata251
|player|p2|
