|j|☆astterio
|j|☆bigbucksz
|html|astteriobigbucksz    
|uhtml|bestof|Game 3 of a best-of-3
|t:|1757712483
|gametype|doubles
|player|p1|astterio|eusine|1403
|player|p2|bigbucksz|266|1397
|gen|9
|tier|[Gen 9] VGC 2025 Reg H (Bo3)
|rated|
|rule|Species Clause: Limit one of each Pokémon
|rule|Item Clause: Limit 1 of each item
|clearpoke
|poke|p1|Sneasler, L50, F|
|poke|p1|Ursaluna-Bloodmoon, L50, M|
|poke|p1|Dragonite, L50, F|
|poke|p1|Gholdengo, L50|
|poke|p1|Amoonguss, L50, F|
|poke|p1|Incineroar, L50, M|
|poke|p2|Rillaboom, L50, F|
|poke|p2|Dragonite, L50, M|
|poke|p2|Annihilape, L50, F|
|poke|p2|Gholdengo, L50|
|poke|p2|Maushold-Four, L50|
|poke|p2|Ursaluna-Bloodmoon, L50, M|
|teampreview|4
|showteam|p1|Sneasler||FocusSash|Unburden|CloseCombat,DireClaw,ThroatChop,Protect|||F|||50|,,,,,Stellar]Ursaluna-Bloodmoon||AssaultVest|MindsEye|HyperVoice,BloodMoon,EarthPower,VacuumWave|||M|||50|,,,,,Water]Dragonite||LoadedDice|Multiscale|ScaleShot,Haze,Tailwind,Protect|||F|||50|,,,,,Fairy]Gholdengo||LifeOrb|GoodasGold|MakeItRain,ShadowBall,NastyPlot,Protect||||||50|,,,,,Water]Amoonguss||SitrusBerry|Regenerator|Spore,RagePowder,PollenPuff,Protect|||F|||50|,,,,,Psychic]Incineroar||SafetyGoggles|Intimidate|FlareBlitz,KnockOff,PartingShot,FakeOut|||M|||50|,,,,,Ghost
|showteam|p2|Rillaboom||MiracleSeed|GrassySurge|WoodHammer,HighHorsepower,GrassyGlide,FakeOut|||F|||50|,,,,,Fire]Dragonite||LoadedDice|Multiscale|ScaleShot,Tailwind,Haze,Protect|||M|||50|,,,,,Fairy]Annihilape||SafetyGoggles|Defiant|RageFist,DrainPunch,BulkUp,Protect|||F|||50|,,,,,Fire]Gholdengo||LifeOrb|GoodasGold|MakeItRain,ShadowBall,NastyPlot,Protect||||||50|,,,,,Water]Maushold-Four||FocusSash|FriendGuard|SuperFang,BeatUp,FollowMe,Protect||||||50|,,,,,Ghost]Ursaluna-Bloodmoon||AssaultVest|MindsEye|BloodMoon,EarthPower,HyperVoice,VacuumWave|||M|||50|,,,,,Water
|inactive|Battle timer is ON: inactive players will automatically lose when time's up. (requested by bigbucksz)
|
|t:|1757712510
|teamsize|p1|4
|teamsize|p2|4
|start
|switch|p1a: Dragonite|Dragonite, L50, F|100/100
|switch|p1b: Gholdengo|Gholdengo, L50|100/100
|switch|p2a: Annihilape|Annihilape, L50, F, shiny|100/100
|switch|p2b: Rillaboom|Rillaboom, L50, F|100/100
|-fieldstart|move: Grassy Terrain|[from] ability: Grassy Surge|[of] p2b: Rillaboom
|turn|1
|inactive|bigbucksz has 30 seconds left.
|inactive|bigbucksz has 20 seconds left.
|
|t:|1757712547
|move|p2b: Rillaboom|Fake Out|p1a: Dragonite
|-damage|p1a: Dragonite|93/100
|move|p2a: Annihilape|Bulk Up|p2a: Annihilape
|-boost|p2a: Annihilape|atk|1
|-boost|p2a: Annihilape|def|1
|move|p1b: Gholdengo|Make It Rain|p2b: Rillaboom|[spread] p2a,p2b
|-damage|p2a: Annihilape|49/100
|-damage|p2b: Rillaboom|40/100
|-unboost|p1b: Gholdengo|spa|1
|-damage|p1b: Gholdengo|91/100|[from] item: Life Orb
|cant|p1a: Dragonite|flinch
|
|-heal|p2a: Annihilape|56/100|[from] Grassy Terrain
|-heal|p1b: Gholdengo|97/100|[from] Grassy Terrain
|-heal|p2b: Rillaboom|46/100|[from] Grassy Terrain
|upkeep
|turn|2
|
|t:|1757712569
|switch|p1b: Ursaluna|Ursaluna-Bloodmoon, L50, M|100/100
|move|p2b: Rillaboom|Grassy Glide|p2a: Annihilape
|-damage|p2a: Annihilape|26/100
|move|p2a: Annihilape|Rage Fist|p1a: Dragonite
|-damage|p1a: Dragonite|0 fnt
|faint|p1a: Dragonite
|
|-heal|p2a: Annihilape|33/100|[from] Grassy Terrain
|-heal|p2b: Rillaboom|52/100|[from] Grassy Terrain
|upkeep
|
|t:|1757712576
|switch|p1a: Amoonguss|Amoonguss, L50, F|100/100
|turn|3
|-message|astterio forfeited.
|
|win|bigbucksz
|raw|astterio's rating: 1403 → 1383(-20 for losing)
|raw|bigbucksz's rating: 1397 → 1417(+20 for winning)
|l|☆astterio
|player|p1|
|j|☆astterio
|player|p1|astterio|eusine|
|c|☆astterio|Wp
|c|☆bigbucksz|ty
|l|☆astterio
|player|p1|
|c|☆bigbucksz|fun set
