|j|☆nicven
|j|☆grimgarrr
|html|nicvengrimgarrr    
|uhtml|bestof|Game 2 of a best-of-3
|t:|1783878860
|gametype|doubles
|player|p1|nicven|ghetsis|1203
|player|p2|grimgarrr|pryce|1190
|gen|9
|tier|[Gen 9 Champions] VGC 2026 Reg M-B (Bo3)
|rated|
|rule|Species Clause: Limit one of each Pokémon
|rule|Item Clause: Limit 1 of each item
|clearpoke
|poke|p1|Ninetales-Alola, L50, M|
|poke|p1|Farigiraf, L50, M|
|poke|p1|Incineroar, L50, M|
|poke|p1|Mawile, L50, F|
|poke|p1|Basculegion, L50, M|
|poke|p1|Drampa, L50, M|
|poke|p2|Scovillain, L50, M|
|poke|p2|Sableye, L50, F|
|poke|p2|Archaludon, L50, M|
|poke|p2|Pelipper, L50, F|
|poke|p2|Gholdengo, L50|
|poke|p2|Floette-Eternal, L50, F|
|teampreview|4
|showteam|p1|Ninetales-Alola||FocusSash|SnowWarning|Blizzard,FreezeDry,AuroraVeil,Protect|Timid||M|||50|]Farigiraf||ColburBerry|ArmorTail|TrickRoom,HelpingHand,Psychic,Protect|Quiet||M|||50|]Incineroar||Charcoal|Intimidate|FlareBlitz,ThroatChop,PartingShot,FakeOut|Adamant||M|||50|]Mawile||Mawilite|HyperCutter|PlayRough,RockSlide,SuckerPunch,Protect|Adamant||F|||50|]Basculegion||SitrusBerry|Adaptability|WaveCrash,AquaJet,LastRespects,Protect|Adamant||M|||50|]Drampa||Drampanite|CloudNine|EarthPower,HyperVoice,DragonPulse,Protect|Quiet||M|||50|
|showteam|p2|Scovillain||Scovillainite|Moody|LeechSeed,Protect,GigaDrain,RagePowder|Calm||M|||50|]Sableye||MentalHerb|Prankster|Reflect,LightScreen,WillOWisp,Protect|Relaxed||F|||50|]Archaludon||Leftovers|Stamina|ElectroShot,DracoMeteor,FlashCannon,Protect|Modest||M|||50|]Pelipper|||Drizzle|WeatherBall,Hurricane,WideGuard,Tailwind|Modest||F|||50|]Gholdengo||LifeOrb|GoodasGold|MakeItRain,ShadowBall,NastyPlot,Protect|Timid|||||50|]Floette-Eternal||Floettite|FlowerVeil|DrainingKiss,CalmMind,Protect,DazzlingGleam|Timid||F|||50|
|
|t:|1783878897
|teamsize|p1|4
|teamsize|p2|4
|start
|switch|p1a: Farigiraf|Farigiraf, L50, M|100/100
|switch|p1b: Incineroar|Incineroar, L50, M|100/100
|switch|p2a: Scovillain|Scovillain, L50, M|100/100
|switch|p2b: Gholdengo|Gholdengo, L50|100/100
|-ability|p1b: Incineroar|Intimidate|boost
|-unboost|p2a: Scovillain|atk|1
|-unboost|p2b: Gholdengo|atk|1
|turn|1
|
|t:|1783878926
|detailschange|p2a: Scovillain|Scovillain-Mega, L50, M
|-mega|p2a: Scovillain|Scovillain|Scovillainite
|move|p2a: Scovillain|Rage Powder|p2a: Scovillain
|-singleturn|p2a: Scovillain|move: Rage Powder
|move|p2b: Gholdengo|Nasty Plot|p2b: Gholdengo
|-boost|p2b: Gholdengo|spa|2
|move|p1b: Incineroar|Flare Blitz|p2a: Scovillain
|-damage|p2a: Scovillain|21/100
|-immune|p1b: Incineroar
|-damage|p1b: Incineroar|77/100|[from] Recoil
|move|p1a: Farigiraf|Trick Room|p1a: Farigiraf
|-fieldstart|move: Trick Room|[of] p1a: Farigiraf
|
|upkeep
|turn|2
|
|t:|1783878951
|move|p1a: Farigiraf|Psychic|p2a: Scovillain
|-crit|p2a: Scovillain
|-damage|p2a: Scovillain|0 fnt
|-status|p1a: Farigiraf|brn|[from] ability: Spicy Spray|[of] p2a: Scovillain
|faint|p2a: Scovillain
|move|p1b: Incineroar|Flare Blitz|p2b: Gholdengo
|-supereffective|p2b: Gholdengo|1
|-damage|p2b: Gholdengo|0 fnt
|faint|p2b: Gholdengo
|-damage|p1b: Incineroar|50/100g|[from] Recoil
|
|-damage|p1a: Farigiraf|93/100 brn|[from] brn
|upkeep
|-message|grimgarrr forfeited.
|
|win|nicven
|l|☆grimgarrr
|player|p2|
||nicven is ready for game 3.
||grimgarrr is ready for game 3.
|uhtml|next|Next: Game 3 of 3
