|j|☆Mashuno
|j|☆figglewiggle
|html|Mashunofigglewiggle    
|uhtml|bestof|Game 1 of a best-of-3
|t:|1784070429
|gametype|doubles
|player|p1|Mashuno|harlequin|1159
|player|p2|figglewiggle|102|1251
|gen|9
|tier|[Gen 9 Champions] VGC 2026 Reg M-B (Bo3)
|rated|
|rule|Species Clause: Limit one of each Pokémon
|rule|Item Clause: Limit 1 of each item
|clearpoke
|poke|p1|Talonflame, L50, F|
|poke|p1|Venusaur, L50, F|
|poke|p1|Blastoise, L50, M|
|poke|p1|Sinistcha, L50|
|poke|p1|Sableye, L50, M|
|poke|p1|Gholdengo, L50|
|poke|p2|Incineroar, L50, F|
|poke|p2|Sinistcha, L50|
|poke|p2|Sneasler, L50, M|
|poke|p2|Kingambit, L50, M|
|poke|p2|Delphox, L50, M|
|poke|p2|Floette-Eternal, L50, F|
|teampreview|4
|showteam|p1|Talonflame||FocusSash|FlameBody|Protect,DualWingbeat,Tailwind,RainDance|Jolly||F|||50|]Venusaur||Venusaurite|Chlorophyll|Protect,GigaDrain,SludgeBomb,EarthPower|Modest||F|||50|]Blastoise||Blastoisinite|RainDish|Protect,FakeOut,WaterSpout,DarkPulse|Modest||M|||50|]Sinistcha||SitrusBerry|Hospitality|MatchaGotcha,RagePowder,LifeDew,TrickRoom|Bold|||||50|]Sableye||LightClay|Prankster|FoulPlay,LightScreen,Reflect,RainDance|Impish||M|||50|]Gholdengo||LifeOrb|GoodasGold|Protect,MakeItRain,ShadowBall,PowerGem|Modest|||||50|
|showteam|p2|Incineroar||SitrusBerry|Intimidate|FakeOut,PartingShot,FlareBlitz,HelpingHand|Careful||F|||50|]Sinistcha||KasibBerry|Hospitality|MatchaGotcha,RagePowder,TrickRoom,Protect|Bold|||||50|]Sneasler||FocusSash|Unburden|DireClaw,CloseCombat,QuickGuard,FakeOut|Naive||M|||50|]Kingambit||BlackGlasses|Defiant|KowtowCleave,SuckerPunch,SwordsDance,Protect|Adamant||M|||50|]Delphox||Delphoxite|Blaze|HeatWave,Psychic,NastyPlot,Protect|Timid||M|||50|]Floette-Eternal||Floettite|FlowerVeil|Moonblast,DazzlingGleam,CalmMind,Protect|Timid||F|||50|
|inactive|Battle timer is ON: inactive players will automatically lose when time's up. (requested by figglewiggle)
|c|☆Mashuno|gl hf <3
|c|☆figglewiggle|Glhf
|inactive|Mashuno has 60 seconds left.
|inactive|figglewiggle has 60 seconds left.
|inactive|Mashuno has 30 seconds left.
|inactive|figglewiggle has 30 seconds left.
|inactive|Mashuno has 20 seconds left.
|inactive|figglewiggle has 20 seconds left.
|inactive|Mashuno has 15 seconds left.
|
|t:|1784070505
|teamsize|p1|4
|teamsize|p2|4
|start
|switch|p1a: 5 Bands Bob|Sableye, L50, M|100/100
|switch|p1b: Gholdengo|Gholdengo, L50|100/100
|switch|p2a: Sneasler|Sneasler, L50, M|100/100
|switch|p2b: Kingambit|Kingambit, L50, M|100/100
|turn|1
|inactive|figglewiggle has 30 seconds left.
|
|t:|1784070537
|switch|p1b: Blastoise|Blastoise, L50, M|100/100
|move|p1a: 5 Bands Bob|Reflect|p1a: 5 Bands Bob
|-sidestart|p1: Mashuno|Reflect
|move|p2a: Sneasler|Dire Claw|p1a: 5 Bands Bob
|-resisted|p1a: 5 Bands Bob|1
|-damage|p1a: 5 Bands Bob|83/100
|move|p2b: Kingambit|Swords Dance|p2b: Kingambit
|-boost|p2b: Kingambit|atk|2
|
|upkeep
|turn|2
|inactive|Mashuno has 30 seconds left.
|inactive|figglewiggle has 30 seconds left.
|inactive|figglewiggle has 20 seconds left.
|inactive|figglewiggle has 15 seconds left.
|inactive|figglewiggle has 10 seconds left.
|
|t:|1784070586
|switch|p1a: Talonflame|Talonflame, L50, F|100/100
|detailschange|p1b: Blastoise|Blastoise-Mega, L50, M
|-mega|p1b: Blastoise|Blastoise|Blastoisinite
|move|p1b: Blastoise|Fake Out|p2b: Kingambit
|-resisted|p2b: Kingambit|1
|-damage|p2b: Kingambit|96/100
|cant|p2b: Kingambit|flinch
|move|p2a: Sneasler|Dire Claw|p1b: Blastoise
|-damage|p1b: Blastoise|75/100
|
|upkeep
|turn|3
|inactive|Mashuno has 30 seconds left.
|
|t:|1784070613
|move|p2a: Sneasler|Quick Guard|p2a: Sneasler
|-singleturn|p2a: Sneasler|Quick Guard
|move|p2b: Kingambit|Sucker Punch|p1b: Blastoise
|-damage|p1b: Blastoise|18/100
|move|p1a: Talonflame|Tailwind|p1a: Talonflame
|-sidestart|p1: Mashuno|move: Tailwind
|move|p1b: Blastoise|Water Spout|p2b: Kingambit|[spread] p2a,p2b
|-damage|p2a: Sneasler|82/100
|-damage|p2b: Kingambit|85/100
|
|upkeep
|turn|4
|inactive|Mashuno has 30 seconds left.
|inactive|figglewiggle has 30 seconds left.
|-message|Mashuno forfeited.
|
|win|figglewiggle
||Mashuno is ready for game 2.
||figglewiggle is ready for game 2.
|uhtml|next|Next: Game 2 of 3
|l|☆Mashuno
|player|p1|
|l|☆figglewiggle
|player|p2|
|j|☆Mashuno
|player|p1|Mashuno|harlequin|
