|j|☆ShadowGhost4488
|j|☆Ilzaar
|html|ShadowGhost4488Ilzaar    
|uhtml|bestof|Game 2 of a best-of-3
|t:|1783278199
|gametype|doubles
|player|p1|ShadowGhost4488|unknownf|1191
|player|p2|Ilzaar|265|1140
|gen|9
|tier|[Gen 9 Champions] VGC 2026 Reg M-B (Bo3)
|rated|
|rule|Species Clause: Limit one of each Pokémon
|rule|Item Clause: Limit 1 of each item
|clearpoke
|poke|p1|Scrafty, L50, M, shiny|
|poke|p1|Charizard, L50, M, shiny|
|poke|p1|Sylveon, L50, F, shiny|
|poke|p1|Garchomp, L50, F, shiny|
|poke|p1|Farigiraf, L50, F, shiny|
|poke|p1|Aerodactyl, L50, M, shiny|
|poke|p2|Kingambit, L50, M|
|poke|p2|Charizard, L50, F|
|poke|p2|Aerodactyl, L50, M|
|poke|p2|Farigiraf, L50, M|
|poke|p2|Garchomp, L50, M|
|poke|p2|Sylveon, L50, M|
|teampreview|4
|showteam|p1|Scrafty||Scraftinite|Intimidate|FakeOut,Detect,CloseCombat,KnockOff|Adamant||M|||50|]Charizard||CharizarditeY|Blaze|HeatWave,WeatherBall,SolarBeam,Protect|Modest||M|||50|]Sylveon||FairyFeather|Pixilate|Detect,QuickAttack,HyperVoice,HyperBeam|Modest||F|||50|]Garchomp||LifeOrb|RoughSkin|Earthquake,Protect,RockSlide,DragonClaw|Jolly||F|||50|]Farigiraf||SitrusBerry|ArmorTail|TrickRoom,HelpingHand,HyperVoice,TwinBeam|Bold||F|||50|]Aerodactyl||FocusSash|Unnerve|Protect,RockSlide,Tailwind,DualWingbeat|Jolly||M|||50|
|showteam|p2|Kingambit||FocusSash|Defiant|KowtowCleave,IronHead,SuckerPunch,LowKick|Adamant||M|||50|]Charizard||CharizarditeY|Blaze|HeatWave,SolarBeam,WeatherBall,Protect|Modest||F|||50|]Aerodactyl||Aerodactylite|Unnerve|RockSlide,DualWingbeat,IceFang,Tailwind|Jolly||M|||50|]Farigiraf||SitrusBerry|ArmorTail|Psychic,Thunderbolt,TrickRoom,Protect|Bold||M|||50|]Garchomp||LifeOrb|RoughSkin|Earthquake,DragonClaw,StompingTantrum,Protect|Jolly||M|||50|]Sylveon||FairyFeather|Pixilate|HyperVoice,HyperBeam,QuickAttack,Protect|Modest||M|||50|
|inactive|Battle timer is ON: inactive players will automatically lose when time's up. (requested by ShadowGhost4488)
|inactive|Ilzaar has 60 seconds left.
|inactive|Ilzaar has 30 seconds left.
|
|t:|1783278261
|teamsize|p1|4
|teamsize|p2|4
|start
|switch|p1a: Aerodactyl|Aerodactyl, L50, M, shiny|100/100
|switch|p1b: Charizard|Charizard, L50, M, shiny|100/100
|switch|p2a: Aerodactyl|Aerodactyl, L50, M|100/100
|switch|p2b: Sylveon|Sylveon, L50, M|100/100
|-ability|p2a: Aerodactyl|Unnerve
|-ability|p1a: Aerodactyl|Unnerve
|turn|1
|inactive|Ilzaar has 30 seconds left.
|inactive|Ilzaar has 20 seconds left.
|inactive|Ilzaar has 15 seconds left.
|inactive|Ilzaar has 10 seconds left.
|
|t:|1783278307
|detailschange|p2a: Aerodactyl|Aerodactyl-Mega, L50, M
|-mega|p2a: Aerodactyl|Aerodactyl|Aerodactylite
|move|p1b: Charizard|Protect|p1b: Charizard
|-singleturn|p1b: Charizard|Protect
|move|p2a: Aerodactyl|Tailwind|p2a: Aerodactyl
|-sidestart|p2: Ilzaar|move: Tailwind
|move|p1a: Aerodactyl|Tailwind|p1a: Aerodactyl
|-sidestart|p1: ShadowGhost4488|move: Tailwind
|move|p2b: Sylveon|Hyper Voice|p1a: Aerodactyl|[spread] p1a
|-activate|p1b: Charizard|move: Protect
|-damage|p1a: Aerodactyl|31/100
|
|upkeep
|turn|2
|inactive|Ilzaar has 30 seconds left.
|inactive|ShadowGhost4488 has 30 seconds left.
|inactive|Ilzaar has 20 seconds left.
|inactive|ShadowGhost4488 has 20 seconds left.
|inactive|Ilzaar has 15 seconds left.
|inactive|ShadowGhost4488 has 15 seconds left.
|
|t:|1783278353
|detailschange|p1b: Charizard|Charizard-Mega-Y, L50, M, shiny
|-mega|p1b: Charizard|Charizard|Charizardite Y
|-weather|SunnyDay|[from] ability: Drought|[of] p1b: Charizard
|move|p2a: Aerodactyl|Rock Slide|p1b: Charizard|[spread] p1a,p1b
|-supereffective|p1a: Aerodactyl|1
|-supereffective|p1b: Charizard|2
|-damage|p1a: Aerodactyl|0 fnt
|-damage|p1b: Charizard|0 fnt
|faint|p1a: Aerodactyl
|faint|p1b: Charizard
|move|p2b: Sylveon|Hyper Voice|p1: Aerodactyl|[notarget]
|-fail|p2b: Sylveon
|
|-weather|SunnyDay|[upkeep]
|upkeep
|
|t:|1783278360
|switch|p1a: Garchomp|Garchomp, L50, F, shiny|100/100
|switch|p1b: Sylveon|Sylveon, L50, F, shiny|100/100
|turn|3
|inactive|Ilzaar has 30 seconds left.
|inactive|Ilzaar has 20 seconds left.
|inactive|Ilzaar has 15 seconds left.
|
|t:|1783278401
|move|p2a: Aerodactyl|Rock Slide|p1b: Sylveon|[spread] p1a,p1b
|-resisted|p1a: Garchomp|1
|-damage|p1a: Garchomp|85/100
|-damage|p1b: Sylveon|68/100
|move|p1a: Garchomp|Rock Slide|p2a: Aerodactyl|[spread] p2a,p2b
|-supereffective|p2a: Aerodactyl|1
|-damage|p2a: Aerodactyl|39/100
|-damage|p2b: Sylveon|73/100
|-damage|p1a: Garchomp|75/100|[from] item: Life Orb
|move|p2b: Sylveon|Hyper Beam|p1b: Sylveon
|-damage|p1b: Sylveon|0 fnt
|-mustrecharge|p2b: Sylveon
|faint|p1b: Sylveon
|
|-weather|SunnyDay|[upkeep]
|upkeep
|turn|4
|
|t:|1783278415
|move|p2a: Aerodactyl|Ice Fang|p1a: Garchomp
|-supereffective|p1a: Garchomp|2
|-damage|p1a: Garchomp|0 fnt
|-damage|p2a: Aerodactyl|27/100|[from] ability: Rough Skin|[of] p1a: Garchomp
|faint|p1a: Garchomp
|
|win|Ilzaar
||ShadowGhost4488 is ready for game 3.
||Ilzaar is ready for game 3.
|uhtml|next|Next: Game 3 of 3
|l|☆Ilzaar
|player|p2|
