|j|☆Crying Flurmels
|j|☆joaennavgc
|html|Crying Flurmelsjoaennavgc    
|uhtml|bestof|Game 1 of a best-of-3
|t:|1756405879
|gametype|doubles
|player|p1|Crying Flurmels|102|
|player|p2|joaennavgc|pokemonbreederf-gen4|
|gen|9
|tier|[Gen 9] VGC 2025 Reg H (Bo3)
|rule|Species Clause: Limit one of each Pokémon
|rule|Item Clause: Limit 1 of each item
|clearpoke
|poke|p1|Murkrow, L50, M|
|poke|p1|Volcarona, L50, F|
|poke|p1|Sneasler, L50, M|
|poke|p1|Kingambit, L50, M|
|poke|p1|Dragonite, L50, F|
|poke|p1|Rillaboom, L50, F|
|poke|p2|Torkoal, L50, M|
|poke|p2|Oranguru, L50, F|
|poke|p2|Typhlosion-Hisui, L50, F|
|poke|p2|Whimsicott, L50, F|
|poke|p2|Ursaluna, L50, F|
|poke|p2|Dragonite, L50, F|
|teampreview|4
|showteam|p1|Murkrow||Eviolite|Prankster|FoulPlay,Tailwind,Haze,Taunt|||M|||50|,,,,,Ghost]Volcarona||CovertCloak|FlameBody|HeatWave,TeraBlast,QuiverDance,Protect|||F|||50|,,,,,Water]Sneasler||GrassySeed|Unburden|DireClaw,CloseCombat,Protect,Coaching|||M|||50|,,,,,Stellar]Kingambit||BlackGlasses|Defiant|KowtowCleave,SuckerPunch,SwordsDance,Protect|||M|||50|,,,,,Dark]Dragonite||ChoiceBand|InnerFocus|Outrage,StompingTantrum,LowKick,ExtremeSpeed|||F|||50|,,,,,Normal]Rillaboom||MiracleSeed|GrassySurge|WoodHammer,GrassyGlide,Uturn,FakeOut|||F|||50|,,,,,Fire
|showteam|p2|Torkoal||EjectPack|Drought|Overheat,HeatWave,HelpingHand,Protect|||M|||50|,,,,,Fire]Oranguru||SitrusBerry|Telepathy|TrickRoom,Psychic,Instruct,Protect|||F|||50|,,,,,Dark]Typhlosion-Hisui||ChoiceSpecs|Blaze|HeatWave,Eruption,ShadowBall,TeraBlast|||F|||50|,,,,,Electric]Whimsicott||FocusSash|Prankster|Tailwind,Moonblast,SunnyDay,Protect|||F|||50|,,,,,Ghost]Ursaluna||FlameOrb|Guts|Facade,HeadlongRush,Earthquake,Protect|||F|||50|,,,,,Ghost]Dragonite||ChoiceBand|InnerFocus|ExtremeSpeed,IceSpinner,DragonClaw,LowKick|||F|||50|,,,,,Normal
|c|☆Crying Flurmels|glhf
|c|☆joaennavgc|glhf
|
|t:|1756405918
|teamsize|p1|4
|teamsize|p2|4
|start
|switch|p1a: Murkrow|Murkrow, L50, M|100/100
|switch|p1b: Volcarona|Volcarona, L50, F|100/100
|switch|p2a: Whimsicott|Whimsicott, L50, F|100/100
|switch|p2b: Typhlosion|Typhlosion-Hisui, L50, F|100/100
|turn|1
|
|t:|1756405949
|-terastallize|p1b: Volcarona|Water
|move|p1a: Murkrow|Tailwind|p1a: Murkrow
|-sidestart|p1: Crying Flurmels|move: Tailwind
|move|p1b: Volcarona|Quiver Dance|p1b: Volcarona
|-boost|p1b: Volcarona|spa|1
|-boost|p1b: Volcarona|spd|1
|-boost|p1b: Volcarona|spe|1
|move|p2a: Whimsicott|Moonblast|p1a: Murkrow
|-supereffective|p1a: Murkrow
|-damage|p1a: Murkrow|24/100
|move|p2b: Typhlosion|Eruption|p1a: Murkrow|[spread] p1a,p1b
|-resisted|p1b: Volcarona
|-damage|p1a: Murkrow|0 fnt
|-damage|p1b: Volcarona|69/100
|faint|p1a: Murkrow
|
|upkeep
|
|t:|1756405962
|switch|p1a: Dragonite|Dragonite, L50, F|100/100
|turn|2
|
|t:|1756405982
|switch|p2b: Torkoal|Torkoal, L50, M|100/100
|-weather|SunnyDay|[from] ability: Drought|[of] p2b: Torkoal
|move|p1a: Dragonite|Extreme Speed|p2a: Whimsicott
|-damage|p2a: Whimsicott|30/100
|move|p2a: Whimsicott|Tailwind|p2a: Whimsicott
|-sidestart|p2: joaennavgc|move: Tailwind
|move|p1b: Volcarona|Tera Blast|p2b: Torkoal|[anim] Tera Blast Water
|-supereffective|p2b: Torkoal
|-damage|p2b: Torkoal|23/100
|
|-weather|SunnyDay|[upkeep]
|upkeep
|turn|3
|
|t:|1756406005
|switch|p1a: Kingambit|Kingambit, L50, M|100/100
|-terastallize|p2a: Whimsicott|Ghost
|move|p2b: Torkoal|Helping Hand|p2a: Whimsicott
|-singleturn|p2a: Whimsicott|Helping Hand|[of] p2b: Torkoal
|move|p1b: Volcarona|Heat Wave|p2a: Whimsicott|[spread] p2a,p2b
|-resisted|p2b: Torkoal
|-damage|p2a: Whimsicott|0 fnt
|-damage|p2b: Torkoal|0 fnt
|faint|p2a: Whimsicott
|faint|p2b: Torkoal
|
|-weather|SunnyDay|[upkeep]
|upkeep
|
|t:|1756406016
|switch|p2a: Typhlosion|Typhlosion-Hisui, L50, F|100/100
|switch|p2b: Dragonite|Dragonite, L50, F|100/100
|turn|4
|
|t:|1756406030
|move|p1a: Kingambit|Sucker Punch|p2a: Typhlosion
|-supereffective|p2a: Typhlosion
|-damage|p2a: Typhlosion|0 fnt
|faint|p2a: Typhlosion
|move|p1b: Volcarona|Heat Wave|p2b: Dragonite
|-resisted|p2b: Dragonite
|-damage|p2b: Dragonite|48/100
|move|p2b: Dragonite|Low Kick|p1a: Kingambit
|-supereffective|p1a: Kingambit
|-damage|p1a: Kingambit|0 fnt
|faint|p1a: Kingambit
|
|-weather|SunnyDay|[upkeep]
|-sideend|p1: Crying Flurmels|move: Tailwind
|upkeep
|-message|joaennavgc forfeited.
|
|win|Crying Flurmels
||joaennavgc is ready for game 2.
|inactive|Crying Flurmels has 30 seconds to confirm battle start!
||Crying Flurmels is ready for game 2.
|uhtml|next|Next: Game 2 of 3
