|j|☆pom123123123
|j|☆magicalarcher57
|html|pom123123123magicalarcher57    
|uhtml|bestof|Game 1 of a best-of-3
|t:|1783339711
|gametype|doubles
|player|p1|pom123123123|wattson|1185
|player|p2|magicalarcher57|diantha|1190
|gen|9
|tier|[Gen 9 Champions] VGC 2026 Reg M-B (Bo3)
|rated|
|rule|Species Clause: Limit one of each Pokémon
|rule|Item Clause: Limit 1 of each item
|clearpoke
|poke|p1|Metagross, L50|
|poke|p1|Sinistcha, L50|
|poke|p1|Incineroar, L50, F|
|poke|p1|Rotom-Wash, L50|
|poke|p1|Pelipper, L50, M|
|poke|p1|Swampert, L50, M|
|poke|p2|Raichu, L50, M, shiny|
|poke|p2|Garchomp, L50, F, shiny|
|poke|p2|Whimsicott, L50, M, shiny|
|poke|p2|Kingambit, L50, F, shiny|
|poke|p2|Basculegion, L50, M, shiny|
|poke|p2|Charizard, L50, F, shiny|
|teampreview|4
|showteam|p1|Metagross||Metagrossite|ClearBody|IronHead,BodyPress,IronDefense,Protect|Impish|||||50|]Sinistcha||KasibBerry|Hospitality|MatchaGotcha,RagePowder,TrickRoom,Protect|Relaxed|||||50|]Incineroar||ShucaBerry|Intimidate|FlareBlitz,DarkestLariat,PartingShot,FakeOut|Impish||F|||50|]Rotom-Wash||ChoiceScarf|Levitate|Thunder,HydroPump,Electroweb,VoltSwitch|Timid|||||50|]Pelipper||FocusSash|Drizzle|WeatherBall,Hurricane,Tailwind,Protect|Modest||M|||50|]Swampert||Swampertite|Torrent|Earthquake,WaveCrash,FlipTurn,Protect|Adamant||M|||50|
|showteam|p2|Raichu||RaichuniteY|LightningRod|FakeOut,FocusBlast,ZapCannon,Protect|Timid||M|||50|]Garchomp||LifeOrb|RoughSkin|DragonClaw,Earthquake,StompingTantrum,Protect|Jolly||F|||50|]Whimsicott||FocusSash|Prankster|Moonblast,Tailwind,SunnyDay,Encore|Timid||M|||50|]Kingambit||BlackGlasses|Defiant|SuckerPunch,KowtowCleave,IronHead,Protect|Adamant||F|||50|]Basculegion||MysticWater|Adaptability|LastRespects,WaveCrash,Protect,AquaJet|Adamant||M|||50|]Charizard||CharizarditeY|Blaze|WeatherBall,SolarBeam,HeatWave,Protect|Modest||F|||50|
|inactive|Battle timer is ON: inactive players will automatically lose when time's up. (requested by pom123123123)
|inactive|magicalarcher57 also wants the timer to be on.
|inactive|pom123123123 has 60 seconds left.
|
|t:|1783339755
|teamsize|p1|4
|teamsize|p2|4
|start
|switch|p1a: Rotom|Rotom-Wash, L50|100/100
|switch|p1b: Sashimi|Swampert, L50, M|100/100
|switch|p2a: Charizard|Charizard, L50, F, shiny|100/100
|switch|p2b: Whimsicott|Whimsicott, L50, M, shiny|100/100
|turn|1
|inactive|magicalarcher57 has 30 seconds left.
|inactive|magicalarcher57 has 20 seconds left.
|inactive|magicalarcher57 has 15 seconds left.
|
|t:|1783339798
|detailschange|p2a: Charizard|Charizard-Mega-Y, L50, F, shiny
|-mega|p2a: Charizard|Charizard|Charizardite Y
|-weather|SunnyDay|[from] ability: Drought|[of] p2a: Charizard
|detailschange|p1b: Sashimi|Swampert-Mega, L50, M
|-mega|p1b: Sashimi|Swampert|Swampertite
|move|p2b: Whimsicott|Tailwind|p2b: Whimsicott
|-sidestart|p2: magicalarcher57|move: Tailwind
|move|p2a: Charizard|Solar Beam||[still]
|-prepare|p2a: Charizard|Solar Beam
|-anim|p2a: Charizard|Solar Beam|p1a: Rotom
|-supereffective|p1a: Rotom|1
|-damage|p1a: Rotom|0 fnt
|faint|p1a: Rotom
|move|p1b: Sashimi|Wave Crash|p2b: Whimsicott
|-resisted|p2b: Whimsicott|1
|-damage|p2b: Whimsicott|73/100
|-damage|p1b: Sashimi|93/100|[from] Recoil
|
|-weather|SunnyDay|[upkeep]
|upkeep
|inactive|pom123123123 has 30 seconds left.
|
|t:|1783339823
|switch|p1a: Miso|Incineroar, L50, F|100/100
|-ability|p1a: Miso|Intimidate|boost
|-unboost|p2a: Charizard|atk|1
|-unboost|p2b: Whimsicott|atk|1
|turn|2
|
|t:|1783339836
|move|p1b: Sashimi|Protect|p1b: Sashimi
|-singleturn|p1b: Sashimi|Protect
|move|p2b: Whimsicott|Moonblast|p1a: Miso
|-damage|p1a: Miso|65/100
|-unboost|p1a: Miso|spa|1
|move|p2a: Charizard|Heat Wave|p1a: Miso|[spread] 
|-activate|p1b: Sashimi|move: Protect
|-miss|p2a: Charizard|p1a: Miso
|move|p1a: Miso|Flare Blitz|p2b: Whimsicott
|-supereffective|p2b: Whimsicott|1
|-damage|p2b: Whimsicott|0 fnt
|faint|p2b: Whimsicott
|-damage|p1a: Miso|46/100|[from] Recoil
|
|-weather|SunnyDay|[upkeep]
|upkeep
|
|t:|1783339839
|switch|p2b: Basculegion|Basculegion, L50, M, shiny|100/100
|turn|3
|inactive|pom123123123 has 30 seconds left.
|inactive|pom123123123 has 20 seconds left.
|inactive|pom123123123 has 15 seconds left.
|inactive|pom123123123 has 10 seconds left.
|
|t:|1783339888
|move|p2a: Charizard|Solar Beam||[still]
|-prepare|p2a: Charizard|Solar Beam
|-anim|p2a: Charizard|Solar Beam|p1b: Sashimi
|-supereffective|p1b: Sashimi|2
|-damage|p1b: Sashimi|0 fnt
|faint|p1b: Sashimi
|move|p2b: Basculegion|Wave Crash|p1a: Miso
|-supereffective|p1a: Miso|1
|-crit|p1a: Miso
|-damage|p1a: Miso|0 fnt
|faint|p1a: Miso
|-damage|p2b: Basculegion|84/100|[from] Recoil
|
|-weather|SunnyDay|[upkeep]
|upkeep
|-message|pom123123123 forfeited.
|
|win|magicalarcher57
