|j|☆Sawadaburner
|j|☆castoriceball
|html|Sawadaburnercastoriceball    
|uhtml|bestof|Game 3 of a best-of-3
|t:|1784019002
|gametype|doubles
|player|p1|Sawadaburner|170|1325
|player|p2|castoriceball|miku-flying|1260
|gen|9
|tier|[Gen 9 Champions] VGC 2026 Reg M-B (Bo3)
|rated|
|rule|Species Clause: Limit one of each Pokémon
|rule|Item Clause: Limit 1 of each item
|clearpoke
|poke|p1|Charizard, L50, F|
|poke|p1|Grimmsnarl, L50, M|
|poke|p1|Pelipper, L50, F|
|poke|p1|Archaludon, L50, F|
|poke|p1|Basculegion, L50, M|
|poke|p1|Venusaur, L50, M|
|poke|p2|Garchomp, L50, M|
|poke|p2|Floette-Eternal, L50, F|
|poke|p2|Talonflame, L50, M|
|poke|p2|Rotom-Wash, L50, shiny|
|poke|p2|Sneasler, L50, M|
|poke|p2|Sinistcha, L50|
|teampreview|4
|showteam|p1|Charizard||CharizarditeY|Blaze|HeatWave,WeatherBall,SolarBeam,Protect|Modest||F|||50|]Grimmsnarl||LightClay|Prankster|SpiritBreak,Reflect,LightScreen,PartingShot|Sassy||M|||50|]Pelipper||SitrusBerry|Drizzle|WeatherBall,Hurricane,Tailwind,WideGuard|Modest||F|||50|]Archaludon||Leftovers|Stamina|FlashCannon,DragonPulse,ElectroShot,Protect|Calm||F|||50|]Basculegion||ChoiceScarf|Adaptability|WaveCrash,AquaJet,LastRespects,FlipTurn|Jolly||M|||50|]Venusaur||FocusSash|Chlorophyll|SludgeBomb,EarthPower,SleepPowder,Protect|Modest||M|||50|
|showteam|p2|Garchomp||LifeOrb|RoughSkin|DragonClaw,Earthquake,RockSlide,Protect|Adamant||M|||50|]Floette-Eternal||Floettite|FlowerVeil|Moonblast,DazzlingGleam,LightofRuin,Protect|Modest||F|||50|]Talonflame||SharpBeak|GaleWings|Tailwind,DualWingbeat,FlareBlitz,Protect|Jolly||M|||50|]Rotom-Wash||Magnet|Levitate|Thunderbolt,HydroPump,Electroweb,Protect|Modest|||||50|]Sneasler||FocusSash|PoisonTouch|FakeOut,CloseCombat,DireClaw,QuickGuard|Adamant||M|||50|]Sinistcha||MiracleSeed|Hospitality|TrickRoom,ShadowBall,RagePowder,MatchaGotcha|Modest|||||50|
|inactive|Battle timer is ON: inactive players will automatically lose when time's up. (requested by Sawadaburner)
|inactive|castoriceball has 60 seconds left.
|
|t:|1784019044
|teamsize|p1|4
|teamsize|p2|4
|start
|switch|p1a: Archaludon|Archaludon, L50, F|100/100
|switch|p1b: Grimmsnarl|Grimmsnarl, L50, M|100/100
|switch|p2a: BIRDD|Talonflame, L50, M|100/100
|switch|p2b: $70 flutter|Floette-Eternal, L50, F|100/100
|turn|1
|
|t:|1784019065
|detailschange|p2b: $70 flutter|Floette-Mega, L50, F
|-mega|p2b: $70 flutter|Floette|Floettite
|-ability|p2b: $70 flutter|Fairy Aura
|move|p1b: Grimmsnarl|Light Screen|p1b: Grimmsnarl
|-sidestart|p1: Sawadaburner|move: Light Screen
|move|p2a: BIRDD|Flare Blitz|p1a: Archaludon
|-damage|p1a: Archaludon|66/100
|-ability|p1a: Archaludon|Stamina|boost
|-boost|p1a: Archaludon|def|1
|-damage|p2a: BIRDD|85/100|[from] Recoil
|move|p2b: $70 flutter|Light of Ruin|p1a: Archaludon
|-damage|p1a: Archaludon|0 fnt
|faint|p1a: Archaludon
|-damage|p2b: $70 flutter|57/100|[from] Recoil
|
|upkeep
|
|t:|1784019079
|switch|p1a: Charizard|Charizard, L50, F|100/100
|turn|2
|
|t:|1784019100
|detailschange|p1a: Charizard|Charizard-Mega-Y, L50, F
|-mega|p1a: Charizard|Charizard|Charizardite Y
|-weather|SunnyDay|[from] ability: Drought|[of] p1a: Charizard
|move|p2a: BIRDD|Tailwind|p2a: BIRDD
|-sidestart|p2: castoriceball|move: Tailwind
|move|p2b: $70 flutter|Light of Ruin|p1b: Grimmsnarl
|-supereffective|p1b: Grimmsnarl|1
|-damage|p1b: Grimmsnarl|0 fnt
|faint|p1b: Grimmsnarl
|-damage|p2b: $70 flutter|0 fnt|[from] Recoil
|faint|p2b: $70 flutter
|move|p1a: Charizard|Weather Ball|p2a: BIRDD
|-resisted|p2a: BIRDD|1
|-damage|p2a: BIRDD|21/100
|
|-weather|SunnyDay|[upkeep]
|upkeep
|
|t:|1784019114
|switch|p2b: Laundry List|Rotom-Wash, L50, shiny|100/100
|switch|p1b: Pelipper|Pelipper, L50, F|100/100
|-weather|RainDance|[from] ability: Drizzle|[of] p1b: Pelipper
|turn|3
|-message|Sawadaburner forfeited.
|raw|Sawadaburner's rating: 1325 → 1301(-24 for losing)
|raw|castoriceball's rating: 1260 → 1290(+30 for winning)
|
|win|castoriceball
