|j|☆sbhaga34
|j|☆WilliamHTaftFan
|html|sbhaga34WilliamHTaftFan    
|uhtml|bestof|Game 2 of a best-of-3
|t:|1784336721
|gametype|doubles
|player|p1|sbhaga34|hugh|1366
|player|p2|WilliamHTaftFan|zinnia-masters|1484
|gen|9
|tier|[Gen 9 Champions] VGC 2026 Reg M-B (Bo3)
|rated|
|rule|Species Clause: Limit one of each Pokémon
|rule|Item Clause: Limit 1 of each item
|clearpoke
|poke|p1|Excadrill, L50, M|
|poke|p1|Tyranitar, L50, M|
|poke|p1|Corviknight, L50, M|
|poke|p1|Rotom-Wash, L50|
|poke|p1|Sinistcha, L50|
|poke|p1|Pyroar, L50, F|
|poke|p2|Gengar, L50, F|
|poke|p2|Incineroar, L50, M|
|poke|p2|Politoed, L50, M, shiny|
|poke|p2|Archaludon, L50, F|
|poke|p2|Vivillon, L50, F|
|poke|p2|Swampert, L50, M|
|teampreview|4
|showteam|p1|Excadrill||FocusSash|SandRush|Earthquake,IronHead,SwordsDance,Protect|Adamant||M|||50|]Tyranitar||Tyranitarite|SandStream|RockSlide,KnockOff,LowKick,Protect|Adamant||M|||50|]Corviknight||SharpBeak|MirrorArmor|BraveBird,Tailwind,BulkUp,Roost|Careful||M|||50|]Rotom-Wash||ChoiceScarf|Levitate|VoltSwitch,Thunderbolt,Electroweb,HydroPump|Timid|||||50|]Sinistcha||SitrusBerry|Hospitality|MatchaGotcha,TrickRoom,RagePowder,Protect|Calm|||||50|]Pyroar||Pyroarite|Unnerve|Overheat,HeatWave,Flamethrower,Protect|Timid||F|||50|
|showteam|p2|Gengar||Gengarite|CursedBody|ShadowBall,SludgeBomb,PerishSong,Protect|Timid||F|||50|]Incineroar||PasshoBerry|Intimidate|PartingShot,DarkestLariat,Protect,FakeOut|Sassy||M|||50|]Politoed||SitrusBerry|Drizzle|WeatherBall,PerishSong,Encore,Protect|Calm||M|||50|]Archaludon||Leftovers|Stamina|DragonPulse,FlashCannon,ElectroShot,Protect|Bold||F|||50|]Vivillon||FocusSash|CompoundEyes|Hurricane,SleepPowder,RagePowder,Protect|Timid||F|||50|]Swampert||Swampertite|Torrent|WaveCrash,IcePunch,Earthquake,Protect|Adamant||M|||50|
|inactive|Battle timer is ON: inactive players will automatically lose when time's up. (requested by WilliamHTaftFan)
|
|t:|1784336740
|teamsize|p1|4
|teamsize|p2|4
|start
|switch|p1a: Sinistcha|Sinistcha, L50|100/100
|switch|p1b: Excadrill|Excadrill, L50, M|100/100
|switch|p2a: Incineroar|Incineroar, L50, M|100/100
|switch|p2b: Archaludon|Archaludon, L50, F|100/100
|-ability|p2a: Incineroar|Intimidate|boost
|-unboost|p1a: Sinistcha|atk|1
|-unboost|p1b: Excadrill|atk|1
|turn|1
|
|t:|1784336758
|move|p1b: Excadrill|Protect|p1b: Excadrill
|-singleturn|p1b: Excadrill|Protect
|move|p1a: Sinistcha|Protect|p1a: Sinistcha
|-singleturn|p1a: Sinistcha|Protect
|move|p2b: Archaludon|Dragon Pulse|p1a: Sinistcha
|-activate|p1a: Sinistcha|move: Protect
|move|p2a: Incineroar|Parting Shot|p1b: Excadrill
|-activate|p1b: Excadrill|move: Protect
|
|upkeep
|turn|2
|
|t:|1784336769
|switch|p1a: Tyranitar|Tyranitar, L50, M|100/100
|-weather|Sandstorm|[from] ability: Sand Stream|[of] p1a: Tyranitar
|move|p1b: Excadrill|Swords Dance|p1b: Excadrill
|-boost|p1b: Excadrill|atk|2
|move|p2b: Archaludon|Flash Cannon|p1a: Tyranitar
|-supereffective|p1a: Tyranitar|1
|-damage|p1a: Tyranitar|58/100
|-unboost|p1a: Tyranitar|spd|1
|move|p2a: Incineroar|Darkest Lariat|p1a: Tyranitar
|-resisted|p1a: Tyranitar|1
|-damage|p1a: Tyranitar|46/100
|
|-weather|Sandstorm|[upkeep]
|-damage|p2a: Incineroar|94/100|[from] Sandstorm
|upkeep
|turn|3
|
|t:|1784336786
|switch|p1a: Rotom|Rotom-Wash, L50|100/100
|move|p2b: Archaludon|Protect|p2b: Archaludon
|-singleturn|p2b: Archaludon|Protect
|move|p1b: Excadrill|Earthquake|p2b: Archaludon|[spread] p2a
|-activate|p2b: Archaludon|move: Protect
|-immune|p1a: Rotom|[from] ability: Levitate
|-supereffective|p2a: Incineroar|1
|-damage|p2a: Incineroar|0 fnt
|faint|p2a: Incineroar
|
|-weather|Sandstorm|[upkeep]
|-damage|p1a: Rotom|94/100|[from] Sandstorm
|upkeep
|
|t:|1784336793
|switch|p2a: Swampert|Swampert, L50, M|100/100
|turn|4
|
|t:|1784336803
|switch|p2b: Politoed|Politoed, L50, M, shiny|100/100
|-weather|RainDance|[from] ability: Drizzle|[of] p2b: Politoed
|detailschange|p2a: Swampert|Swampert-Mega, L50, M
|-mega|p2a: Swampert|Swampert|Swampertite
|move|p2a: Swampert|Wave Crash|p1b: Excadrill
|-supereffective|p1b: Excadrill|1
|-enditem|p1b: Excadrill|Focus Sash
|-damage|p1b: Excadrill|1/100
|-damage|p2a: Swampert|70/100|[from] Recoil
|move|p1a: Rotom|Volt Switch|p2b: Politoed
|-supereffective|p2b: Politoed|1
|-damage|p2b: Politoed|60/100
|
|t:|1784336815
|switch|p1a: Sinistcha|Sinistcha, L50|100/100|[from] Volt Switch
|-heal|p1b: Excadrill|25/100|[from] ability: Hospitality|[of] p1a: Sinistcha
|move|p1b: Excadrill|Earthquake|p2a: Swampert|[spread] p1a,p2a,p2b
|-resisted|p1a: Sinistcha|1
|-damage|p1a: Sinistcha|66/100
|-damage|p2a: Swampert|17/100
|-damage|p2b: Politoed|0 fnt
|faint|p2b: Politoed
|
|-weather|RainDance|[upkeep]
|upkeep
|-message|WilliamHTaftFan forfeited.
|
|win|sbhaga34
|raw|sbhaga34's rating: 1366 → 1393(+27 for winning)
|raw|WilliamHTaftFan's rating: 1484 → 1457(-27 for losing)
