|j|☆itangood5
|j|☆iannaVi
|html|itangood5iannaVi    
|uhtml|bestof|Game 2 of a best-of-3
|t:|1783324605
|gametype|doubles
|player|p1|itangood5|nate|1111
|player|p2|iannaVi|cheren-gen5bw2|1172
|gen|9
|tier|[Gen 9 Champions] VGC 2026 Reg M-B (Bo3)
|rated|
|rule|Species Clause: Limit one of each Pokémon
|rule|Item Clause: Limit 1 of each item
|clearpoke
|poke|p1|Charizard, L50, F, shiny|
|poke|p1|Venusaur, L50, F|
|poke|p1|Floette-Eternal, L50, F|
|poke|p1|Farigiraf, L50, M|
|poke|p1|Incineroar, L50, M, shiny|
|poke|p1|Azumarill, L50, F|
|poke|p2|Scovillain, L50, F|
|poke|p2|Kingambit, L50, M|
|poke|p2|Lycanroc-Dusk, L50, F|
|poke|p2|Basculegion, L50, M|
|poke|p2|Metagross, L50|
|poke|p2|Sylveon, L50, F|
|teampreview|4
|showteam|p1|Charizard||CharizarditeY|SolarPower|HeatWave,Protect,WeatherBall,SolarBeam|Modest||F|||50|]Venusaur||FocusSash|Chlorophyll|LeafStorm,EarthPower,SludgeBomb,SleepPowder|Timid||F|||50|]Floette-Eternal||Floettite|FlowerVeil|Moonblast,CalmMind,DrainingKiss,Protect|Modest||F|||50|]Farigiraf||SitrusBerry|ArmorTail|PsychicNoise,Roar,HelpingHand,TrickRoom|Bold||M|||50|]Incineroar||WhiteHerb|Intimidate|CloseCombat,FlareBlitz,PartingShot,FakeOut|Brave||M|||50|]Azumarill||LifeOrb|HugePower|Liquidation,PlayRough,Protect,AquaJet|Brave||F|||50|
|showteam|p2|Scovillain||Scovillainite|Moody|GigaDrain,Overheat,RagePowder,Protect|Bold||F|||50|]Kingambit||BlackGlasses|Defiant|KowtowCleave,SuckerPunch,SwordsDance,Protect|Adamant||M|||50|]Lycanroc-Dusk||FocusSash|ToughClaws|CloseCombat,Accelerock,RockSlide,Protect|Jolly||F|||50|]Basculegion||SitrusBerry|Adaptability|WaveCrash,LastRespects,AquaJet,Protect|Adamant||M|||50|]Metagross||Metagrossite|ClearBody|IronHead,PsychicFangs,IcePunch,Protect|Adamant|||||50|]Sylveon||FairyFeather|Pixilate|HyperVoice,HyperBeam,QuickAttack,Detect|Modest||F|||50|
|inactive|Battle timer is ON: inactive players will automatically lose when time's up. (requested by itangood5)
|
|t:|1783324619
|teamsize|p1|4
|teamsize|p2|4
|start
|switch|p1a: Ace|Charizard, L50, F, shiny|100/100
|switch|p1b: S command|Venusaur, L50, F|100/100
|switch|p2a: Lycanroc|Lycanroc-Dusk, L50, F|100/100
|switch|p2b: Kingambit|Kingambit, L50, M|100/100
|turn|1
|
|t:|1783324635
|detailschange|p1a: Ace|Charizard-Mega-Y, L50, F, shiny
|-mega|p1a: Ace|Charizard|Charizardite Y
|-weather|SunnyDay|[from] ability: Drought|[of] p1a: Ace
|move|p2b: Kingambit|Protect|p2b: Kingambit
|-singleturn|p2b: Kingambit|Protect
|move|p1b: S command|Sleep Powder|p2a: Lycanroc
|-status|p2a: Lycanroc|slp|[from] move: Sleep Powder
|cant|p2a: Lycanroc|slp
|move|p1a: Ace|Heat Wave|p2b: Kingambit|[spread] p2a
|-activate|p2b: Kingambit|move: Protect
|-resisted|p2a: Lycanroc|1
|-crit|p2a: Lycanroc
|-damage|p2a: Lycanroc|27/100 slp
|
|-weather|SunnyDay|[upkeep]
|upkeep
|turn|2
|
|t:|1783324658
|cant|p2a: Lycanroc|slp
|move|p2b: Kingambit|Sucker Punch||[still]
|-fail|p2b: Kingambit
|move|p1b: S command|Sleep Powder|p2b: Kingambit
|-status|p2b: Kingambit|slp|[from] move: Sleep Powder
|move|p1a: Ace|Heat Wave|p2b: Kingambit|[spread] p2a,p2b
|-resisted|p2a: Lycanroc|1
|-supereffective|p2b: Kingambit|1
|-damage|p2a: Lycanroc|0 fnt
|-damage|p2b: Kingambit|0 fnt
|faint|p2a: Lycanroc
|faint|p2b: Kingambit
|
|-weather|SunnyDay|[upkeep]
|upkeep
|
|t:|1783324670
|switch|p2a: Metagross|Metagross, L50|100/100
|switch|p2b: Sylveon|Sylveon, L50, F|100/100
|turn|3
|
|t:|1783324679
|detailschange|p2a: Metagross|Metagross-Mega, L50
|-mega|p2a: Metagross|Metagross|Metagrossite
|move|p2b: Sylveon|Quick Attack|p1b: S command
|-resisted|p1b: S command|1
|-crit|p1b: S command
|-damage|p1b: S command|86/100
|move|p1b: S command|Sludge Bomb|p2b: Sylveon
|-supereffective|p2b: Sylveon|1
|-damage|p2b: Sylveon|45/100
|-status|p2b: Sylveon|psn
|move|p2a: Metagross|Psychic Fangs|p1b: S command
|-supereffective|p1b: S command|1
|-damage|p1b: S command|0 fnt
|faint|p1b: S command
|move|p1a: Ace|Heat Wave|p2b: Sylveon|[spread] p2a,p2b
|-supereffective|p2a: Metagross|1
|-damage|p2a: Metagross|0 fnt
|-damage|p2b: Sylveon|0 fnt
|faint|p2a: Metagross
|faint|p2b: Sylveon
|
|win|itangood5
|inactive|itangood5 has 30 seconds to confirm battle start!
|inactive|iannaVi has 30 seconds to confirm battle start!
||itangood5 is ready for game 3.
||iannaVi is ready for game 3.
|uhtml|next|Next: Game 3 of 3
|l|☆itangood5
|player|p1|
