|j|☆PaquitoElBollito
|j|☆t3hsleepyshuckle
|html|PaquitoElBollitot3hsleepyshuckle    
|uhtml|bestof|Game 1 of a best-of-3
|t:|1782414432
|gametype|doubles
|player|p1|PaquitoElBollito|veteran|1093
|player|p2|t3hsleepyshuckle|bugcatcher-gen4dp|1042
|gen|9
|tier|[Gen 9 Champions] VGC 2026 Reg M-B (Bo3)
|rated|
|rule|Species Clause: Limit one of each Pokémon
|rule|Item Clause: Limit 1 of each item
|clearpoke
|poke|p1|Blaziken, L50, F|
|poke|p1|Metagross, L50|
|poke|p1|Whimsicott, L50, F|
|poke|p1|Basculegion, L50, M|
|poke|p1|Farigiraf, L50, M|
|poke|p1|Hydreigon, L50, M|
|poke|p2|Venusaur, L50, F|
|poke|p2|Charizard, L50, F|
|poke|p2|Blastoise, L50, F|
|poke|p2|Tyranitar, L50, M|
|poke|p2|Houndstone, L50, M|
|poke|p2|Excadrill, L50, M|
|teampreview|4
|showteam|p1|Blaziken||Blazikenite|SpeedBoost|Detect,CloseCombat,FlareBlitz,RockSlide|Adamant||F|||50|]Metagross||Metagrossite|ClearBody|PsychicFangs,Protect,IronHead,StompingTantrum|Jolly|||||50|]Whimsicott||FocusSash|Prankster|Protect,Moonblast,EnergyBall,Tailwind|Timid||F|||50|]Basculegion||LifeOrb|Adaptability|WaveCrash,Protect,LastRespects,AquaJet|Adamant||M|||50|]Farigiraf||SitrusBerry|ArmorTail|Psychic,Thunderbolt,Roar,TrickRoom|Bold||M|||50|]Hydreigon||ChoiceScarf|Levitate|DracoMeteor,Snarl,EarthPower,DarkPulse|Modest||M|||50|
|showteam|p2|Venusaur||LifeOrb|Chlorophyll|SludgeBomb,EarthPower,SleepPowder,GigaDrain|Modest||F|||50|]Charizard||CharizarditeY|Blaze|HeatWave,AirSlash,Overheat,Protect|Modest||F|||50|]Blastoise||Blastoisinite|Torrent|FakeOut,HydroPump,DragonPulse,Protect|Modest||F|||50|]Tyranitar||ChoiceScarf|SandStream|RockSlide,KnockOff,LowKick,IcePunch|Jolly||M|||50|]Houndstone||SitrusBerry|SandRush|LastRespects,WillOWisp,BodyPress,Protect|Adamant||M|||50|]Excadrill||FocusSash|SandRush|IronHead,Protect,HighHorsepower,RockSlide|Jolly||M|||50|
|inactive|Battle timer is ON: inactive players will automatically lose when time's up. (requested by PaquitoElBollito)
|c|☆t3hsleepyshuckle|glhf
|inactive|PaquitoElBollito has 60 seconds left.
|inactive|t3hsleepyshuckle has 60 seconds left.
|inactive|t3hsleepyshuckle has 30 seconds left.
|c|☆PaquitoElBollito|glhf bro
|inactive|t3hsleepyshuckle has 20 seconds left.
|inactive|t3hsleepyshuckle has 15 seconds left.
|inactive|t3hsleepyshuckle has 10 seconds left.
|inactive|t3hsleepyshuckle has 5 seconds left.
|
|t:|1782414521
|teamsize|p1|4
|teamsize|p2|4
|start
|switch|p1a: Blaziken|Blaziken, L50, F|100/100
|switch|p1b: Whimsicott|Whimsicott, L50, F|100/100
|switch|p2a: Excadrill|Excadrill, L50, M|100/100
|switch|p2b: Charizard|Charizard, L50, F|100/100
|turn|1
|inactive|t3hsleepyshuckle has 30 seconds left.
|inactive|PaquitoElBollito has 30 seconds left.
|
|t:|1782414559
|switch|p1b: Hydreigon|Hydreigon, L50, M|100/100
|switch|p2b: Tyranitar|Tyranitar, L50, M|100/100
|-weather|Sandstorm|[from] ability: Sand Stream|[of] p2b: Tyranitar
|move|p1a: Blaziken|Detect|p1a: Blaziken
|-singleturn|p1a: Blaziken|Protect
|move|p2a: Excadrill|Iron Head|p1b: Hydreigon
|-damage|p1b: Hydreigon|46/100
|
|-weather|Sandstorm|[upkeep]
|-damage|p1b: Hydreigon|40/100|[from] Sandstorm
|-damage|p1a: Blaziken|94/100|[from] Sandstorm
|-ability|p1a: Blaziken|Speed Boost|boost
|-boost|p1a: Blaziken|spe|1
|upkeep
|turn|2
|inactive|PaquitoElBollito has 30 seconds left.
|inactive|t3hsleepyshuckle has 30 seconds left.
|inactive|PaquitoElBollito has 20 seconds left.
|inactive|t3hsleepyshuckle has 20 seconds left.
|inactive|PaquitoElBollito has 15 seconds left.
|inactive|t3hsleepyshuckle has 15 seconds left.
|inactive|PaquitoElBollito has 10 seconds left.
|inactive|PaquitoElBollito has 5 seconds left.
|inactive|t3hsleepyshuckle has 10 seconds left.
|
|t:|1782414613
|switch|p2b: Charizard|Charizard, L50, F|100/100
|detailschange|p1a: Blaziken|Blaziken-Mega, L50, F
|-mega|p1a: Blaziken|Blaziken|Blazikenite
|move|p2a: Excadrill|Iron Head|p1b: Hydreigon
|-damage|p1b: Hydreigon|0 fnt
|faint|p1b: Hydreigon
|move|p1a: Blaziken|Flare Blitz|p2a: Excadrill
|-supereffective|p2a: Excadrill|1
|-enditem|p2a: Excadrill|Focus Sash
|-damage|p2a: Excadrill|1/100
|-damage|p1a: Blaziken|55/100|[from] Recoil
|
|-weather|Sandstorm|[upkeep]
|-damage|p1a: Blaziken|49/100|[from] Sandstorm
|-damage|p2b: Charizard|94/100|[from] Sandstorm
|-ability|p1a: Blaziken|Speed Boost|boost
|-boost|p1a: Blaziken|spe|1
|upkeep
|
|t:|1782414626
|switch|p1b: Basculegion|Basculegion, L50, M|100/100
|turn|3
|inactive|t3hsleepyshuckle has 30 seconds left.
|inactive|t3hsleepyshuckle has 20 seconds left.
|
|t:|1782414663
|detailschange|p2b: Charizard|Charizard-Mega-Y, L50, F
|-mega|p2b: Charizard|Charizard|Charizardite Y
|-weather|SunnyDay|[from] ability: Drought|[of] p2b: Charizard
|move|p2a: Excadrill|Protect|p2a: Excadrill
|-singleturn|p2a: Excadrill|Protect
|move|p1b: Basculegion|Aqua Jet|p2a: Excadrill
|-activate|p2a: Excadrill|move: Protect
|move|p1a: Blaziken|Rock Slide|p2b: Charizard|[spread] p2b
|-activate|p2a: Excadrill|move: Protect
|-supereffective|p2b: Charizard|2
|-damage|p2b: Charizard|0 fnt
|faint|p2b: Charizard
|
|-weather|SunnyDay|[upkeep]
|-ability|p1a: Blaziken|Speed Boost|boost
|-boost|p1a: Blaziken|spe|1
|upkeep
|
|t:|1782414676
|switch|p2b: Venusaur|Venusaur, L50, F|100/100
|turn|4
|inactive|PaquitoElBollito has 30 seconds left.
|inactive|PaquitoElBollito has 20 seconds left.
|inactive|PaquitoElBollito has 15 seconds left.
|inactive|PaquitoElBollito has 10 seconds left.
|
|t:|1782414728
|switch|p2a: Tyranitar|Tyranitar, L50, M|100/100
|-weather|Sandstorm|[from] ability: Sand Stream|[of] p2a: Tyranitar
|move|p1b: Basculegion|Aqua Jet|p2a: Tyranitar
|-supereffective|p2a: Tyranitar|1
|-crit|p2a: Tyranitar
|-damage|p2a: Tyranitar|0 fnt
|faint|p2a: Tyranitar
|-damage|p1b: Basculegion|90/100|[from] item: Life Orb
|move|p1a: Blaziken|Flare Blitz|p2b: Venusaur
|-supereffective|p2b: Venusaur|1
|-damage|p2b: Venusaur|0 fnt
|faint|p2b: Venusaur
|-damage|p1a: Blaziken|16/100|[from] Recoil
|
|-weather|Sandstorm|[upkeep]
|-damage|p1a: Blaziken|10/100|[from] Sandstorm
|-damage|p1b: Basculegion|84/100|[from] Sandstorm
|-ability|p1a: Blaziken|Speed Boost|boost
|-boost|p1a: Blaziken|spe|1
|upkeep
|-message|t3hsleepyshuckle forfeited.
|
|win|PaquitoElBollito
