|j|☆SelvesterTheYAK
|j|☆kattathy
|html|SelvesterTheYAKkattathy    
|uhtml|bestof|Game 3 of a best-of-3
|t:|1756869129
|gametype|doubles
|player|p1|SelvesterTheYAK|170|1131
|player|p2|kattathy|elesa|1056
|gen|9
|tier|[Gen 9] VGC 2025 Reg H (Bo3)
|rated|
|rule|Species Clause: Limit one of each Pokémon
|rule|Item Clause: Limit 1 of each item
|clearpoke
|poke|p1|Tyranitar, L50, F|
|poke|p1|Arcanine-Hisui, L50, M|
|poke|p1|Kommo-o, L50, M|
|poke|p1|Gholdengo, L50|
|poke|p1|Rillaboom, L50, F|
|poke|p1|Electabuzz, L50, M|
|poke|p2|Sneasler, L50, M|
|poke|p2|Indeedee, L50, M|
|poke|p2|Volcarona, L50, M|
|poke|p2|Ursaluna-Bloodmoon, L50, M|
|poke|p2|Annihilape, L50, F|
|poke|p2|Tyranitar, L50, M|
|teampreview|4
|showteam|p1|Tyranitar||AssaultVest|SandStream|RockSlide,KnockOff,TeraBlast,LowKick|||F|||50|,,,,,Flying]Arcanine-Hisui||SitrusBerry|Intimidate|RockSlide,FlareBlitz,WillOWisp,Howl|||M|||50|,,,,,Water]Kommo-o||Leftovers|Overcoat|IronDefense,BodyPress,Protect,DragonClaw|||M|||50|,,,,,Steel]Gholdengo||LifeOrb|GoodasGold|MakeItRain,ShadowBall,NastyPlot,Protect||||||50|,,,,,Steel]Rillaboom||MiracleSeed|GrassySurge|FakeOut,GrassyGlide,WoodHammer,Protect|||F|||50|,,,,,Grass]Electabuzz||Eviolite|VitalSpirit|Taunt,Protect,Electroweb,FollowMe|||M|||50|,,,,,Ghost
|showteam|p2|Sneasler||PsychicSeed|Unburden|ThroatChop,DireClaw,CloseCombat,Protect|||M|||50|,,,,,Dark]Indeedee||ChoiceScarf|PsychicSurge|ExpandingForce,TeraBlast,Trick,Protect|||M|||50|,,,,,Psychic]Volcarona||SitrusBerry|FlameBody|Overheat,StruggleBug,RagePowder,Tailwind|||M|||50|,,,,,Grass]Ursaluna-Bloodmoon||LifeOrb|MindsEye|BloodMoon,HyperVoice,EarthPower,Protect|||M|||50|,,,,,Normal]Annihilape||SafetyGoggles|Defiant|CloseCombat,RageFist,Taunt,FinalGambit|||F|||50|,,,,,Fairy]Tyranitar||AssaultVest|SandStream|RockSlide,KnockOff,TeraBlast,LowKick|||M|||50|,,,,,Flying
|
|t:|1756869163
|teamsize|p1|4
|teamsize|p2|4
|start
|switch|p1a: Arcanine|Arcanine-Hisui, L50, M|100/100
|switch|p1b: Rillaboom|Rillaboom, L50, F|100/100
|switch|p2a: Annihilape|Annihilape, L50, F|100/100
|switch|p2b: Volcarona|Volcarona, L50, M|100/100
|-ability|p1a: Arcanine|Intimidate|boost
|-unboost|p2a: Annihilape|atk|1
|-ability|p2a: Annihilape|Defiant|boost
|-boost|p2a: Annihilape|atk|2
|-unboost|p2b: Volcarona|atk|1
|-fieldstart|move: Grassy Terrain|[from] ability: Grassy Surge|[of] p1b: Rillaboom
|turn|1
|
|t:|1756869189
|move|p2b: Volcarona|Tailwind|p2b: Volcarona
|-sidestart|p2: kattathy|move: Tailwind
|move|p2a: Annihilape|Close Combat|p1a: Arcanine
|-supereffective|p1a: Arcanine
|-damage|p1a: Arcanine|0 fnt
|-unboost|p2a: Annihilape|def|1
|-unboost|p2a: Annihilape|spd|1
|faint|p1a: Arcanine
|move|p1b: Rillaboom|Wood Hammer|p2a: Annihilape
|-damage|p2a: Annihilape|0 fnt
|faint|p2a: Annihilape
|-damage|p1b: Rillaboom|66/100|[from] Recoil
|
|-heal|p1b: Rillaboom|72/100|[from] Grassy Terrain
|upkeep
|
|t:|1756869205
|switch|p2a: Indeedee|Indeedee, L50, M|100/100
|switch|p1a: Tyranitar|Tyranitar, L50, F|100/100
|-fieldstart|move: Psychic Terrain|[from] ability: Psychic Surge|[of] p2a: Indeedee
|-weather|Sandstorm|[from] ability: Sand Stream|[of] p1a: Tyranitar
|turn|2
|
|t:|1756869224
|move|p2a: Indeedee|Protect|p2a: Indeedee
|-singleturn|p2a: Indeedee|Protect
|move|p1b: Rillaboom|Protect|p1b: Rillaboom
|-singleturn|p1b: Rillaboom|Protect
|move|p2b: Volcarona|Overheat|p1b: Rillaboom
|-activate|p1b: Rillaboom|move: Protect
|move|p1a: Tyranitar|Rock Slide|p2a: Indeedee|[spread] p2b
|-activate|p2a: Indeedee|move: Protect
|-supereffective|p2b: Volcarona
|-damage|p2b: Volcarona|0 fnt
|faint|p2b: Volcarona
|
|-weather|Sandstorm|[upkeep]
|-damage|p2a: Indeedee|95/100|[from] Sandstorm
|-damage|p1b: Rillaboom|66/100|[from] Sandstorm
|upkeep
|
|t:|1756869229
|switch|p2b: Ursaluna|Ursaluna-Bloodmoon, L50, M|100/100
|turn|3
|
|t:|1756869265
|switch|p1b: Gholdengo|Gholdengo, L50|100/100
|-terastallize|p2b: Ursaluna|Normal
|move|p2a: Indeedee|Protect||[still]
|-fail|p2a: Indeedee
|move|p2b: Ursaluna|Hyper Voice|p1b: Gholdengo|[spread] p1a,p1b
|-resisted|p1a: Tyranitar
|-resisted|p1b: Gholdengo
|-crit|p1b: Gholdengo
|-damage|p1a: Tyranitar|87/100
|-damage|p1b: Gholdengo|37/100
|-damage|p2b: Ursaluna|91/100|[from] item: Life Orb
|move|p1a: Tyranitar|Knock Off|p2a: Indeedee
|-supereffective|p2a: Indeedee
|-damage|p2a: Indeedee|0 fnt
|-enditem|p2a: Indeedee|Choice Scarf|[from] move: Knock Off|[of] p1a: Tyranitar
|faint|p2a: Indeedee
|
|-weather|Sandstorm|[upkeep]
|-damage|p2b: Ursaluna|85/100|[from] Sandstorm
|upkeep
|turn|4
|
|t:|1756869288
|move|p1b: Gholdengo|Protect|p1b: Gholdengo
|-singleturn|p1b: Gholdengo|Protect
|move|p2b: Ursaluna|Blood Moon|p1a: Tyranitar
|-resisted|p1a: Tyranitar
|-damage|p1a: Tyranitar|57/100
|-damage|p2b: Ursaluna|76/100|[from] item: Life Orb
|move|p1a: Tyranitar|Low Kick|p2b: Ursaluna
|-supereffective|p2b: Ursaluna
|-damage|p2b: Ursaluna|0 fnt
|faint|p2b: Ursaluna
|
|win|SelvesterTheYAK
|raw|SelvesterTheYAK's rating: 1131 → 1151(+20 for winning)
|raw|kattathy's rating: 1056 → 1042(-14 for losing)
|c|☆SelvesterTheYAK|gg
|l|☆kattathy
|player|p2|
|c|☆SelvesterTheYAK|that was tugh
