|j|ÔśćEeeth019
|j|ÔśćYutsami
|html|Eeeth019Yutsami    
|uhtml|bestof|Game 3 of a best-of-3
|t:|1782326622
|gametype|doubles
|player|p1|Eeeth019|1|1040
|player|p2|Yutsami|n|1068
|gen|9
|tier|[Gen 9 Champions] VGC 2026 Reg M-B (Bo3)
|rated|
|rule|Species Clause: Limit one of each Pok├ęmon
|rule|Item Clause: Limit 1 of each item
|clearpoke
|poke|p1|Sinistcha, L50|
|poke|p1|Gardevoir, L50, F, shiny|
|poke|p1|Snorlax, L50, M, shiny|
|poke|p1|Farigiraf, L50, M|
|poke|p1|Incineroar, L50, M|
|poke|p1|Aegislash, L50, F, shiny|
|poke|p2|Whimsicott, L50, F|
|poke|p2|Staraptor, L50, M|
|poke|p2|Garchomp, L50, M|
|poke|p2|Gholdengo, L50|
|poke|p2|Basculegion, L50, M|
|poke|p2|Typhlosion-Hisui, L50, F|
|teampreview|4
|showteam|p1|Sinistcha||KasibBerry|Hospitality|MatchaGotcha,RagePowder,LifeDew,TrickRoom|Bold|||||50|]Gardevoir||Gardevoirite|Telepathy|HyperVoice,HealPulse,TrickRoom,Protect|Quiet||F|||50|]Snorlax||LumBerry|ThickFat|BellyDrum,Protect,BodySlam,Earthquake|Brave||M|||50|]Farigiraf||ColburBerry|ArmorTail|Psychic,Protect,HelpingHand,TrickRoom|Quiet||M|||50|]Incineroar||SitrusBerry|Intimidate|FlareBlitz,ThroatChop,PartingShot,FakeOut|Careful||M|||50|]Aegislash||FocusSash|StanceChange|Poltergeist,CloseCombat,IronHead,KingsShield|Adamant||F|||50|
|showteam|p2|Whimsicott||FocusSash|Prankster|Moonblast,Tickle,FakeTears,Tailwind|Timid||F|||50|]Staraptor||Staraptite|Intimidate|BraveBird,CloseCombat,Roost,Protect|Jolly||M|||50|]Garchomp||RoseliBerry|RoughSkin|DragonClaw,StompingTantrum,RockSlide,PoisonJab|Jolly||M|||50|]Gholdengo||LifeOrb|GoodasGold|MakeItRain,ShadowBall,PowerGem,Protect|Modest|||||50|]Basculegion||MysticWater|Adaptability|WaveCrash,LastRespects,AquaJet,Protect|Adamant||M|||50|]Typhlosion-Hisui||ChoiceScarf|Frisk|ShadowBall,Eruption,HeatWave,BurnUp|Modest||F|||50|
|inactive|Battle timer is ON: inactive players will automatically lose when time's up. (requested by Yutsami)
|
|t:|1782326652
|teamsize|p1|4
|teamsize|p2|4
|start
|switch|p1a: Incineroar|Incineroar, L50, M|100/100
|switch|p1b: Gardevoir|Gardevoir, L50, F, shiny|100/100
|switch|p2a: Gholdengo|Gholdengo, L50|100/100
|switch|p2b: Typhlosion|Typhlosion-Hisui, L50, F|100/100
|-item|p1a: Incineroar|Sitrus Berry|[from] ability: Frisk|[of] p2b: Typhlosion
|-item|p1b: Gardevoir|Gardevoirite|[from] ability: Frisk|[of] p2b: Typhlosion
|-ability|p1a: Incineroar|Intimidate|boost
|-unboost|p2a: Gholdengo|atk|1
|-unboost|p2b: Typhlosion|atk|1
|turn|1
|inactive|Eeeth019 has 30 seconds left.
|inactive|Yutsami has 30 seconds left.
|inactive|Yutsami has 20 seconds left.
|inactive|Yutsami has 15 seconds left.
|inactive|Yutsami has 10 seconds left.
|
|t:|1782326701
|move|p1b: Gardevoir|Protect|p1b: Gardevoir
|-singleturn|p1b: Gardevoir|Protect
|move|p2b: Typhlosion|Shadow Ball|p1b: Gardevoir
|-activate|p1b: Gardevoir|move: Protect
|move|p2a: Gholdengo|Power Gem|p1a: Incineroar
|-supereffective|p1a: Incineroar|1
|-damage|p1a: Incineroar|35/100
|-enditem|p1a: Incineroar|Sitrus Berry|[eat]
|-heal|p1a: Incineroar|60/100|[from] item: Sitrus Berry
|-damage|p2a: Gholdengo|90/100|[from] item: Life Orb
|move|p1a: Incineroar|Flare Blitz|p2a: Gholdengo
|-supereffective|p2a: Gholdengo|1
|-damage|p2a: Gholdengo|0 fnt
|faint|p2a: Gholdengo
|-damage|p1a: Incineroar|36/100|[from] Recoil
|
|upkeep
|inactive|Yutsami has 30 seconds left.
|inactive|Yutsami has 20 seconds left.
|
|t:|1782326737
|switch|p2a: Basculegion|Basculegion, L50, M|100/100
|turn|2
|inactive|Eeeth019 has 30 seconds left.
|inactive|Yutsami has 30 seconds left.
|inactive|Eeeth019 has 20 seconds left.
|
|t:|1782326774
|detailschange|p1b: Gardevoir|Gardevoir-Mega, L50, F, shiny
|-mega|p1b: Gardevoir|Gardevoir|Gardevoirite
|move|p2b: Typhlosion|Shadow Ball|p1b: Gardevoir
|-supereffective|p1b: Gardevoir|1
|-damage|p1b: Gardevoir|34/100
|move|p2a: Basculegion|Last Respects|p1b: Gardevoir
|-supereffective|p1b: Gardevoir|1
|-damage|p1b: Gardevoir|0 fnt
|faint|p1b: Gardevoir
|move|p1a: Incineroar|Parting Shot|p2b: Typhlosion
|-unboost|p2b: Typhlosion|atk|1
|-unboost|p2b: Typhlosion|spa|1
|
|t:|1782326784
|switch|p1a: Zaddy|Snorlax, L50, M, shiny|100/100|[from] Parting Shot
|
|upkeep
|
|t:|1782326795
|switch|p1b: Sinistcha|Sinistcha, L50|100/100
|turn|3
|
|t:|1782326814
|switch|p1a: Incineroar|Incineroar, L50, M|36/100
|-ability|p1a: Incineroar|Intimidate|boost
|-unboost|p2a: Basculegion|atk|1
|-unboost|p2b: Typhlosion|atk|1
|move|p2b: Typhlosion|Shadow Ball|p1b: Sinistcha
|-supereffective|p1b: Sinistcha|1
|-enditem|p1b: Sinistcha|Kasib Berry|[eat]
|-enditem|p1b: Sinistcha|Kasib Berry|[weaken]
|-damage|p1b: Sinistcha|69/100
|move|p2a: Basculegion|Last Respects|p1b: Sinistcha
|-supereffective|p1b: Sinistcha|1
|-damage|p1b: Sinistcha|0 fnt
|faint|p1b: Sinistcha
|
|upkeep
|
|t:|1782326826
|switch|p1b: Zaddy|Snorlax, L50, M, shiny|100/100
|turn|4
|c|ÔśćYutsami|!dt Lum Berry
|c|ÔśćYutsami|/raw  Lum Berry Holder cures itself if it has a non-volatile status or is confused. Single use. 
|c|ÔśćYutsami|/raw Gen: 3┬á|ÔüčÔÇŐFling Base Power: 10┬á|ÔüčÔÇŐFling Effect: Activates the Berry's effect on the target.┬á|ÔüčÔÇŐNatural Gift Type: Flying┬á|ÔüčÔÇŐNatural Gift Base Power: 80

|inactive|Yutsami has 30 seconds left.
|
|t:|1782326854
|switch|p2a: Staraptor|Staraptor, L50, M|100/100
|-ability|p2a: Staraptor|Intimidate|boost
|-unboost|p1a: Incineroar|atk|1
|-unboost|p1b: Zaddy|atk|1
|move|p2b: Typhlosion|Shadow Ball|p1a: Incineroar
|-resisted|p1a: Incineroar|1
|-damage|p1a: Incineroar|24/100
|move|p1a: Incineroar|Throat Chop|p2a: Staraptor
|-damage|p2a: Staraptor|67/100
|-start|p2a: Staraptor|Throat Chop|[silent]
|move|p1b: Zaddy|Earthquake|p2a: Staraptor|[spread] p1a,p2b
|-immune|p2a: Staraptor
|-supereffective|p1a: Incineroar|1
|-supereffective|p2b: Typhlosion|1
|-damage|p1a: Incineroar|0 fnt
|-damage|p2b: Typhlosion|50/100g
|faint|p1a: Incineroar
|
|upkeep
|turn|5
|inactive|Eeeth019 has 30 seconds left.
|-message|Eeeth019 forfeited.
|raw|Eeeth019's rating: 1040 Ôćĺ 1025(-15 for losing)
|raw|Yutsami's rating: 1068 Ôćĺ 1095(+27 for winning)
|
|win|Yutsami
