|j|☆abconetwothree
|j|☆Tia.exe
|html|abconetwothreeTia.exe    
|uhtml|bestof|Game 3 of a best-of-3
|t:|1782458003
|gametype|doubles
|player|p1|abconetwothree|102|
|player|p2|Tia.exe|102|
|gen|9
|tier|[Gen 9 Champions] VGC 2026 Reg M-B (Bo3)
|rule|Species Clause: Limit one of each Pokémon
|rule|Item Clause: Limit 1 of each item
|clearpoke
|poke|p1|Floette-Eternal, L50, F|
|poke|p1|Sneasler, L50, F|
|poke|p1|Aerodactyl, L50, M|
|poke|p1|Rotom-Mow, L50|
|poke|p1|Maushold, L50|
|poke|p1|Arcanine, L50, F|
|poke|p2|Archaludon, L50, M|
|poke|p2|Froslass, L50, F|
|poke|p2|Kingambit, L50, M|
|poke|p2|Palafin, L50, M|
|poke|p2|Politoed, L50, M|
|poke|p2|Farigiraf, L50, F|
|teampreview|4
|showteam|p1|Floette-Eternal||Floettite|FlowerVeil|DazzlingGleam,Moonblast,CalmMind,Protect|Timid||F|||50|]Sneasler||WhiteHerb|Unburden|FakeOut,CloseCombat,DireClaw,Protect|Jolly||F|||50|]Aerodactyl||FocusSash|Unnerve|Tailwind,RockSlide,SunnyDay,Protect|Jolly||M|||50|]Rotom-Mow||LightClay|Levitate|LeafStorm,LightScreen,VoltSwitch,Reflect|Timid|||||50|]Maushold||SitrusBerry|FriendGuard|FollowMe,SuperFang,Taunt,HelpingHand|Jolly|||||50|]Arcanine||LifeOrb|Intimidate|FlareBlitz,PsychicFangs,ExtremeSpeed,Protect|Jolly||F|||50|
|showteam|p2|Archaludon||Leftovers|Stamina|ElectroShot,DracoMeteor,FlashCannon,Protect|Modest||M|||50|]Froslass||Froslassite|CursedBody|Blizzard,AuroraVeil,ShadowBall,Protect|Timid||F|||50|]Kingambit||FocusSash|Defiant|KowtowCleave,SuckerPunch,IronHead,Protect|Adamant||M|||50|]Palafin||LifeOrb|ZerotoHero|WaveCrash,JetPunch,FlipTurn,Protect|Adamant||M|||50|]Politoed||DampRock|Drizzle|HelpingHand,IcyWind,Encore,WeatherBall|Sassy||M|||50|]Farigiraf||MentalHerb|ArmorTail|HyperVoice,TwinBeam,TrickRoom,Protect|Sassy||F|||50|
|
|t:|1782458048
|teamsize|p1|4
|teamsize|p2|4
|start
|switch|p1a: pollen girl|Floette-Eternal, L50, F|100/100
|switch|p1b: rat|Sneasler, L50, F|100/100
|switch|p2a: Palafin|Palafin, L50, M|100/100
|switch|p2b: Politoed|Politoed, L50, M|100/100
|-weather|RainDance|[from] ability: Drizzle|[of] p2b: Politoed
|turn|1
|
|t:|1782458076
|detailschange|p2a: Palafin|Palafin-Hero, L50, M
|switch|p2a: Farigiraf|Farigiraf, L50, F|100/100
|detailschange|p1a: pollen girl|Floette-Mega, L50, F
|-mega|p1a: pollen girl|Floette|Floettite
|-ability|p1a: pollen girl|Fairy Aura
|move|p1b: rat|Dire Claw|p2b: Politoed
|-damage|p2b: Politoed|52/100
|-status|p2b: Politoed|slp
|move|p1a: pollen girl|Calm Mind|p1a: pollen girl
|-boost|p1a: pollen girl|spa|1
|-boost|p1a: pollen girl|spd|1
|cant|p2b: Politoed|slp
|
|-weather|RainDance|[upkeep]
|upkeep
|turn|2
|c|☆abconetwothree|LOL
|
|t:|1782458136
|move|p2a: Farigiraf|Protect|p2a: Farigiraf
|-singleturn|p2a: Farigiraf|Protect
|move|p1b: rat|Dire Claw|p2a: Farigiraf
|-activate|p2a: Farigiraf|move: Protect
|move|p1a: pollen girl|Calm Mind|p1a: pollen girl
|-boost|p1a: pollen girl|spa|1
|-boost|p1a: pollen girl|spd|1
|cant|p2b: Politoed|slp
|
|-weather|RainDance|[upkeep]
|upkeep
|turn|3
|c|☆abconetwothree|ok
|c|☆abconetwothree|not too bad
|c|☆abconetwothree|i went for the split
|
|t:|1782458183
|move|p1b: rat|Dire Claw|p2a: Farigiraf
|-damage|p2a: Farigiraf|57/100
|move|p1a: pollen girl|Dazzling Gleam|p2b: Politoed|[spread] p2a,p2b
|-damage|p2a: Farigiraf|0 fnt
|-damage|p2b: Politoed|0 fnt
|faint|p2a: Farigiraf
|faint|p2b: Politoed
|
|-weather|RainDance|[upkeep]
|upkeep
|
|t:|1782458190
|switch|p2b: Archaludon|Archaludon, L50, M|100/100
|switch|p2a: Palafin|Palafin-Hero, L50, M|100/100
|-activate|p2a: Palafin|ability: Zero to Hero
|turn|4
|c|☆Tia.exe|idk what to tell you my guy
|c|☆Tia.exe|you hit the right 1/3 twice in a row, twice in a row
|c|☆abconetwothree|can u js help me bring this luck to the real battle
|c|☆abconetwothree|ty ur the best
|
|t:|1782458238
|switch|p1b: loving family|Maushold, L50|100/100
|move|p1a: pollen girl|Protect|p1a: pollen girl
|-singleturn|p1a: pollen girl|Protect
|move|p2a: Palafin|Jet Punch|p1a: pollen girl
|-activate|p1a: pollen girl|move: Protect
|move|p2b: Archaludon|Electro Shot||[still]
|-prepare|p2b: Archaludon|Electro Shot
|-boost|p2b: Archaludon|spa|1
|-anim|p2b: Archaludon|Electro Shot|p1b: loving family
|-damage|p1b: loving family|3/100
|-enditem|p1b: loving family|Sitrus Berry|[eat]
|-heal|p1b: loving family|28/100|[from] item: Sitrus Berry
|
|-weather|RainDance|[upkeep]
|upkeep
|turn|5
|c|☆abconetwothree|omg 3hp
|
|t:|1782458279
|move|p2b: Archaludon|Protect|p2b: Archaludon
|-singleturn|p2b: Archaludon|Protect
|move|p1b: loving family|Follow Me|p1b: loving family
|-singleturn|p1b: loving family|move: Follow Me
|move|p2a: Palafin|Jet Punch|p1b: loving family
|-damage|p1b: loving family|0 fnt
|faint|p1b: loving family
|-damage|p2a: Palafin|90/100|[from] item: Life Orb
|move|p1a: pollen girl|Moonblast|p2a: Palafin
|-crit|p2a: Palafin
|-damage|p2a: Palafin|0 fnt
|faint|p2a: Palafin
|
|-weather|RainDance|[upkeep]
|upkeep
|
|t:|1782458292
|switch|p1b: rat|Sneasler, L50, F|100/100
|turn|6
|
|t:|1782458298
|move|p1b: rat|Close Combat|p2b: Archaludon
|-supereffective|p2b: Archaludon|1
|-damage|p2b: Archaludon|14/100
|-unboost|p1b: rat|def|1
|-unboost|p1b: rat|spd|1
|-ability|p2b: Archaludon|Stamina|boost
|-boost|p2b: Archaludon|def|1
|-enditem|p1b: rat|White Herb
|-clearnegativeboost|p1b: rat|[silent]
|move|p1a: pollen girl|Moonblast|p2b: Archaludon
|-damage|p2b: Archaludon|0 fnt
|faint|p2b: Archaludon
|
|win|abconetwothree
