|j|☆beckybug
|j|☆RajSpeedTieDesai
|html|beckybugRajSpeedTieDesai    
|uhtml|bestof|Game 1 of a best-of-3
|t:|1784758199
|gametype|doubles
|player|p1|beckybug|briar|1373
|player|p2|RajSpeedTieDesai|galacticgrunt|1423
|gen|9
|tier|[Gen 9 Champions] VGC 2026 Reg M-B (Bo3)
|rated|
|rule|Species Clause: Limit one of each Pokémon
|rule|Item Clause: Limit 1 of each item
|clearpoke
|poke|p1|Charizard, L50, F|
|poke|p1|Venusaur, L50, F|
|poke|p1|Pelipper, L50, M|
|poke|p1|Archaludon, L50, M|
|poke|p1|Grimmsnarl, L50, M|
|poke|p1|Basculegion, L50, M|
|poke|p2|Incineroar, L50, M|
|poke|p2|Kingambit, L50, M|
|poke|p2|Sinistcha, L50|
|poke|p2|Sneasler, L50, F|
|poke|p2|Gardevoir, L50, F|
|poke|p2|Blastoise, L50, M|
|teampreview|4
|showteam|p1|Charizard||CharizarditeY|Blaze|WeatherBall,HeatWave,SolarBeam,Protect|Modest||F|||50|]Venusaur||FocusSash|Chlorophyll|SludgeBomb,EarthPower,SleepPowder,Protect|Modest||F|||50|]Pelipper||SitrusBerry|Drizzle|WeatherBall,Hurricane,Tailwind,Protect|Modest||M|||50|]Archaludon||Leftovers|Stamina|FlashCannon,DragonPulse,ElectroShot,Protect|Calm||M|||50|]Grimmsnarl||LightClay|Prankster|SpiritBreak,PartingShot,Reflect,LightScreen|Sassy||M|||50|]Basculegion||ChoiceScarf|Adaptability|WaveCrash,LastRespects,AquaJet,FlipTurn|Jolly||M|||50|
|showteam|p2|Incineroar||SitrusBerry|Intimidate|FlareBlitz,DarkestLariat,FakeOut,PartingShot|Careful||M|||50|]Kingambit||BlackGlasses|Defiant|KowtowCleave,SuckerPunch,SwordsDance,Protect|Adamant||M|||50|]Sinistcha||OccaBerry|Hospitality|MatchaGotcha,RagePowder,TrickRoom,Protect|Bold|||||50|]Sneasler||FocusSash|PoisonTouch|CloseCombat,PoisonJab,FakeOut,QuickGuard|Jolly||F|||50|]Gardevoir||Gardevoirite|Telepathy|HyperVoice,Psyshock,CalmMind,Protect|Modest||F|||50|]Blastoise||Blastoisinite|RainDish|DarkPulse,WaterSpout,ShellSmash,Protect|Modest||M|||50|
|inactive|Battle timer is ON: inactive players will automatically lose when time's up. (requested by RajSpeedTieDesai)
|inactive|beckybug has 60 seconds left.
|inactive|RajSpeedTieDesai has 60 seconds left.
|
|t:|1784758238
|teamsize|p1|4
|teamsize|p2|4
|start
|switch|p1a: Charizard|Charizard, L50, F|100/100
|switch|p1b: Venusaur|Venusaur, L50, F|100/100
|switch|p2a: Gardevoir|Gardevoir, L50, F|100/100
|switch|p2b: Incineroar|Incineroar, L50, M|100/100
|-ability|p2b: Incineroar|Intimidate|boost
|-unboost|p1a: Charizard|atk|1
|-unboost|p1b: Venusaur|atk|1
|turn|1
|
|t:|1784758256
|switch|p1b: Archaludon|Archaludon, L50, M|100/100
|detailschange|p1a: Charizard|Charizard-Mega-Y, L50, F
|-mega|p1a: Charizard|Charizard|Charizardite Y
|-weather|SunnyDay|[from] ability: Drought|[of] p1a: Charizard
|detailschange|p2a: Gardevoir|Gardevoir-Mega, L50, F
|-mega|p2a: Gardevoir|Gardevoir|Gardevoirite
|move|p2b: Incineroar|Fake Out|p1b: Archaludon
|-resisted|p1b: Archaludon|1
|-damage|p1b: Archaludon|96/100
|-ability|p1b: Archaludon|Stamina|boost
|-boost|p1b: Archaludon|def|1
|move|p1a: Charizard|Heat Wave|p2b: Incineroar|[spread] p2a,p2b
|-resisted|p2b: Incineroar|1
|-damage|p2a: Gardevoir|46/100
|-damage|p2b: Incineroar|74/100
|move|p2a: Gardevoir|Calm Mind|p2a: Gardevoir
|-boost|p2a: Gardevoir|spa|1
|-boost|p2a: Gardevoir|spd|1
|
|-weather|SunnyDay|[upkeep]
|-heal|p1b: Archaludon|100/100|[from] item: Leftovers
|upkeep
|turn|2
|inactive|beckybug has 30 seconds left.
|
|t:|1784758290
|move|p2a: Gardevoir|Protect|p2a: Gardevoir
|-singleturn|p2a: Gardevoir|Protect
|move|p1a: Charizard|Heat Wave|p2b: Incineroar|[spread] p2b
|-activate|p2a: Gardevoir|move: Protect
|-resisted|p2b: Incineroar|1
|-damage|p2b: Incineroar|52/100
|move|p1b: Archaludon|Dragon Pulse|p2b: Incineroar
|-damage|p2b: Incineroar|22/100
|-enditem|p2b: Incineroar|Sitrus Berry|[eat]
|-heal|p2b: Incineroar|47/100|[from] item: Sitrus Berry
|move|p2b: Incineroar|Parting Shot|p1a: Charizard
|-unboost|p1a: Charizard|atk|1
|-unboost|p1a: Charizard|spa|1
|
|t:|1784758294
|switch|p2b: Sinistcha|Sinistcha, L50|100/100|[from] Parting Shot
|-heal|p2a: Gardevoir|70/100|[from] ability: Hospitality|[of] p2b: Sinistcha
|
|-weather|SunnyDay|[upkeep]
|upkeep
|turn|3
|inactive|beckybug has 30 seconds left.
|
|t:|1784758320
|switch|p1a: Pelipper|Pelipper, L50, M|100/100
|-weather|RainDance|[from] ability: Drizzle|[of] p1a: Pelipper
|move|p2b: Sinistcha|Rage Powder|p2b: Sinistcha
|-singleturn|p2b: Sinistcha|move: Rage Powder
|move|p2a: Gardevoir|Hyper Voice|p1a: Pelipper|[spread] p1a,p1b
|-damage|p1a: Pelipper|15/100
|-damage|p1b: Archaludon|30/100
|-ability|p1b: Archaludon|Stamina|boost
|-boost|p1b: Archaludon|def|1
|-enditem|p1a: Pelipper|Sitrus Berry|[eat]
|-heal|p1a: Pelipper|40/100|[from] item: Sitrus Berry
|move|p1b: Archaludon|Electro Shot||[still]
|-prepare|p1b: Archaludon|Electro Shot
|-boost|p1b: Archaludon|spa|1
|-anim|p1b: Archaludon|Electro Shot|p2b: Sinistcha
|-resisted|p2b: Sinistcha|1
|-damage|p2b: Sinistcha|71/100
|
|-weather|RainDance|[upkeep]
|-heal|p1b: Archaludon|37/100|[from] item: Leftovers
|upkeep
|turn|4
|
|t:|1784758338
|switch|p2b: Incineroar|Incineroar, L50, M|47/100
|-ability|p2b: Incineroar|Intimidate|boost
|-unboost|p1a: Pelipper|atk|1
|-unboost|p1b: Archaludon|atk|1
|move|p1b: Archaludon|Protect|p1b: Archaludon
|-singleturn|p1b: Archaludon|Protect
|move|p2a: Gardevoir|Hyper Voice|p1a: Pelipper|[spread] p1a
|-activate|p1b: Archaludon|move: Protect
|-damage|p1a: Pelipper|0 fnt
|faint|p1a: Pelipper
|
|-weather|RainDance|[upkeep]
|-heal|p1b: Archaludon|43/100|[from] item: Leftovers
|upkeep
|inactive|beckybug has 30 seconds left.
|
|t:|1784758364
|switch|p1a: Venusaur|Venusaur, L50, F|100/100
|turn|5
|
|t:|1784758374
|move|p1a: Venusaur|Protect|p1a: Venusaur
|-singleturn|p1a: Venusaur|Protect
|move|p2b: Incineroar|Fake Out|p1a: Venusaur
|-activate|p1a: Venusaur|move: Protect
|move|p2a: Gardevoir|Hyper Voice|p1a: Venusaur|[spread] p1b
|-activate|p1a: Venusaur|move: Protect
|-damage|p1b: Archaludon|0 fnt
|faint|p1b: Archaludon
|
|-weather|RainDance|[upkeep]
|upkeep
|
|t:|1784758389
|switch|p1b: Charizard|Charizard-Mega-Y, L50, F|100/100
|-weather|SunnyDay|[from] ability: Drought|[of] p1b: Charizard
|turn|6
|
|t:|1784758398
|move|p1a: Venusaur|Sleep Powder|p2a: Gardevoir
|-status|p2a: Gardevoir|slp|[from] move: Sleep Powder
|move|p1b: Charizard|Weather Ball|p2b: Incineroar
|-resisted|p2b: Incineroar|1
|-crit|p2b: Incineroar
|-damage|p2b: Incineroar|0 fnt
|faint|p2b: Incineroar
|cant|p2a: Gardevoir|slp
|
|-weather|SunnyDay|[upkeep]
|upkeep
|
|t:|1784758403
|switch|p2b: Sinistcha|Sinistcha, L50|71/100
|-heal|p2a: Gardevoir|95/100 slp|[from] ability: Hospitality|[of] p2b: Sinistcha
|turn|7
|
|t:|1784758418
|move|p2b: Sinistcha|Protect|p2b: Sinistcha
|-singleturn|p2b: Sinistcha|Protect
|move|p1a: Venusaur|Sludge Bomb|p2a: Gardevoir
|-supereffective|p2a: Gardevoir|1
|-damage|p2a: Gardevoir|46/100 slp
|move|p1b: Charizard|Heat Wave|p2a: Gardevoir|[spread] p2a
|-activate|p2b: Sinistcha|move: Protect
|-damage|p2a: Gardevoir|11/100 slp
|-curestatus|p2a: Gardevoir|slp|[msg]
|move|p2a: Gardevoir|Psyshock|p1a: Venusaur
|-supereffective|p1a: Venusaur|1
|-enditem|p1a: Venusaur|Focus Sash
|-damage|p1a: Venusaur|1/100
|
|-weather|SunnyDay|[upkeep]
|upkeep
|turn|8
|
|t:|1784758443
|move|p2a: Gardevoir|Protect|p2a: Gardevoir
|-singleturn|p2a: Gardevoir|Protect
|move|p1a: Venusaur|Earth Power|p2b: Sinistcha
|-resisted|p2b: Sinistcha|1
|-damage|p2b: Sinistcha|57/100
|move|p1b: Charizard|Heat Wave|p2b: Sinistcha|[spread] p2b
|-activate|p2a: Gardevoir|move: Protect
|-supereffective|p2b: Sinistcha|1
|-enditem|p2b: Sinistcha|Occa Berry|[eat]
|-enditem|p2b: Sinistcha|Occa Berry|[weaken]
|-damage|p2b: Sinistcha|0 fnt
|faint|p2b: Sinistcha
|
|-weather|SunnyDay|[upkeep]
|upkeep
|
|t:|1784758447
|switch|p2b: Sneasler|Sneasler, L50, F|100/100
|turn|9
|
|t:|1784758461
|move|p1a: Venusaur|Protect|p1a: Venusaur
|-singleturn|p1a: Venusaur|Protect
|move|p2b: Sneasler|Fake Out|p1b: Charizard
|-damage|p1b: Charizard|84/100
|cant|p1b: Charizard|flinch
|move|p2a: Gardevoir|Calm Mind|p2a: Gardevoir
|-boost|p2a: Gardevoir|spa|1
|-boost|p2a: Gardevoir|spd|1
|
|-weather|SunnyDay|[upkeep]
|upkeep
|turn|10
|
|t:|1784758481
|move|p2a: Gardevoir|Protect|p2a: Gardevoir
|-singleturn|p2a: Gardevoir|Protect
|move|p1a: Venusaur|Sleep Powder|p2b: Sneasler
|-status|p2b: Sneasler|slp|[from] move: Sleep Powder
|cant|p2b: Sneasler|slp
|move|p1b: Charizard|Weather Ball|p2b: Sneasler
|-crit|p2b: Sneasler
|-enditem|p2b: Sneasler|Focus Sash
|-damage|p2b: Sneasler|1/100 slp
|
|-weather|none
|upkeep
|turn|11
|
|t:|1784758495
|move|p2a: Gardevoir|Protect||[still]
|-fail|p2a: Gardevoir
|-curestatus|p2b: Sneasler|slp|[msg]
|move|p2b: Sneasler|Poison Jab|p1b: Charizard
|-damage|p1b: Charizard|41/100
|-status|p1b: Charizard|psn
|move|p1b: Charizard|Heat Wave|p2a: Gardevoir|[spread] p2a,p2b
|-damage|p2a: Gardevoir|0 fnt
|-damage|p2b: Sneasler|0 fnt
|faint|p2a: Gardevoir
|faint|p2b: Sneasler
|
|win|beckybug
||RajSpeedTieDesai is ready for game 2.
|inactive|beckybug has 29 seconds to confirm battle start!
||beckybug is ready for game 2.
|uhtml|next|Next: Game 2 of 3
|l|☆RajSpeedTieDesai
|player|p2|
