|j|☆Luks1220
|j|☆theghostgymleader
|html|Luks1220theghostgymleader    
|uhtml|bestof|Game 1 of a best-of-3
|t:|1783792193
|gametype|doubles
|player|p1|Luks1220|volkner|
|player|p2|theghostgymleader|brycenman|
|gen|9
|tier|[Gen 9 Champions] VGC 2026 Reg M-B (Bo3)
|rule|Species Clause: Limit one of each Pokémon
|rule|Item Clause: Limit 1 of each item
|clearpoke
|poke|p1|Falinks, L50|
|poke|p1|Sinistcha, L50|
|poke|p1|Incineroar, L50, M|
|poke|p1|Rotom-Wash, L50|
|poke|p1|Dragalge, L50, M|
|poke|p1|Glimmora, L50, F|
|poke|p2|Gengar, L50, M, shiny|
|poke|p2|Froslass, L50, F, shiny|
|poke|p2|Decidueye, L50, M, shiny|
|poke|p2|Skeledirge, L50, F, shiny|
|poke|p2|Basculegion, L50, M, shiny|
|poke|p2|Sableye, L50, F|
|teampreview|4
|showteam|p1|Falinks||Falinksite|Defiant|NoRetreat,CloseCombat,IronHead,Protect|Adamant|||||50|]Sinistcha||KasibBerry|Hospitality|MatchaGotcha,Protect,RagePowder,StrengthSap|Bold|||||50|]Incineroar||ChopleBerry|Intimidate|FakeOut,PartingShot,DarkestLariat,FlareBlitz|Impish||M|||50|]Rotom-Wash||SitrusBerry|Levitate|Thunderbolt,WillOWisp,HydroPump,LightScreen|Bold|||||50|]Dragalge||Dragalgite|Adaptability|SludgeBomb,FlipTurn,Protect,DracoMeteor|Serious||M|||50|]Glimmora||FocusSash|ToxicDebris|SpikyShield,EarthPower,PowerGem,SludgeBomb|Timid||F|||50|
|showteam|p2|Gengar||Gengarite|CursedBody|SludgeBomb,Thunderbolt,Protect,DazzlingGleam|Modest||M|||50|]Froslass||Froslassite|CursedBody|Blizzard,DestinyBond,ShadowBall,AuroraVeil|Timid||F|||50|]Decidueye||FocusSash|LongReach|Tailwind,LeafBlade,SuckerPunch,BraveBird|Adamant||M|||50|]Skeledirge||Leftovers|Unaware|TorchSong,WillOWisp,Hex,SlackOff|Bold||F|||50|]Basculegion||ChoiceScarf|Adaptability|AquaJet,LastRespects,WaveCrash,FlipTurn|Jolly||M|||50|]Sableye||RoseliBerry|Prankster|Quash,Disable,Encore,WillOWisp|Calm||F|||50|
|
|t:|1783792265
|teamsize|p1|4
|teamsize|p2|4
|start
|switch|p1a: Ja-st kidding!|Dragalge, L50, M|100/100
|switch|p1b: Jarona!|Incineroar, L50, M|100/100
|switch|p2a: Legion|Basculegion, L50, M, shiny|100/100
|switch|p2b: Yuki-onna|Froslass, L50, F, shiny|100/100
|-ability|p1b: Jarona!|Intimidate|boost
|-unboost|p2a: Legion|atk|1
|-unboost|p2b: Yuki-onna|atk|1
|turn|1
|
|t:|1783792288
|detailschange|p2b: Yuki-onna|Froslass-Mega, L50, F, shiny
|-mega|p2b: Yuki-onna|Froslass|Froslassite
|-weather|Snowscape|[from] ability: Snow Warning|[of] p2b: Yuki-onna
|move|p2a: Legion|Wave Crash|p1b: Jarona!
|-supereffective|p1b: Jarona!|1
|-damage|p1b: Jarona!|8/100
|-damage|p2a: Legion|71/100|[from] Recoil
|move|p2b: Yuki-onna|Blizzard|p1b: Jarona!|[spread] p1a,p1b
|-supereffective|p1a: Ja-st kidding!|1
|-resisted|p1b: Jarona!|1
|-damage|p1a: Ja-st kidding!|26/100
|-damage|p1b: Jarona!|0 fnt
|faint|p1b: Jarona!
|move|p1a: Ja-st kidding!|Draco Meteor|p2a: Legion
|-damage|p2a: Legion|0 fnt
|-unboost|p1a: Ja-st kidding!|spa|2
|faint|p2a: Legion
|
|-weather|Snowscape|[upkeep]
|upkeep
|
|t:|1783792311
|switch|p2a: NightMarcher|Decidueye, L50, M, shiny|100/100
|switch|p1b: Ja-orange!|Rotom-Wash, L50|100/100
|turn|2
|
|t:|1783792326
|switch|p1a: It's me Flowery!|Sinistcha, L50|100/100
|move|p2b: Yuki-onna|Blizzard|p1b: Ja-orange!|[spread] p1a,p1b
|-supereffective|p1a: It's me Flowery!|1
|-resisted|p1b: Ja-orange!|1
|-damage|p1a: It's me Flowery!|1/100
|-damage|p1b: Ja-orange!|77/100
|-status|p1a: It's me Flowery!|frz
|move|p2a: NightMarcher|Leaf Blade|p1b: Ja-orange!
|-supereffective|p1b: Ja-orange!|1
|-crit|p1b: Ja-orange!
|-damage|p1b: Ja-orange!|0 fnt
|faint|p1b: Ja-orange!
|
|-weather|Snowscape|[upkeep]
|upkeep
|
|t:|1783792339
|switch|p1b: Ja-st kidding!|Dragalge, L50, M|26/100
|turn|3
|
|t:|1783792353
|detailschange|p1b: Ja-st kidding!|Dragalge-Mega, L50, M
|-mega|p1b: Ja-st kidding!|Dragalge|Dragalgite
|move|p2b: Yuki-onna|Blizzard|p1b: Ja-st kidding!|[spread] p1a,p1b
|-supereffective|p1a: It's me Flowery!|1
|-supereffective|p1b: Ja-st kidding!|1
|-damage|p1a: It's me Flowery!|0 fnt
|-damage|p1b: Ja-st kidding!|0 fnt
|faint|p1a: It's me Flowery!
|faint|p1b: Ja-st kidding!
|
|win|theghostgymleader
||Luks1220 is ready for game 2.
|inactive|theghostgymleader has 30 seconds to confirm battle start!
|c|☆Luks1220|god damn
|l|☆theghostgymleader
|player|p2|
|inactive|theghostgymleader has 20 seconds to confirm battle start!
|j|☆theghostgymleader
|player|p2|theghostgymleader|brycenman|
|inactive|theghostgymleader has 10 seconds to confirm battle start!
||theghostgymleader is ready for game 2.
|uhtml|next|Next: Game 2 of 3
|l|☆theghostgymleader
|player|p2|
