|j|☆fastmanido
|j|☆dubbies
|html|fastmanidodubbies    
|uhtml|bestof|Game 3 of a best-of-3
|t:|1756655076
|gametype|doubles
|player|p1|fastmanido|lucas|1040
|player|p2|dubbies|hoopster|1054
|gen|9
|tier|[Gen 9] VGC 2025 Reg H (Bo3)
|rated|
|rule|Species Clause: Limit one of each Pokémon
|rule|Item Clause: Limit 1 of each item
|clearpoke
|poke|p1|Typhlosion-Hisui, L50, F|
|poke|p1|Whimsicott, L50, M|
|poke|p1|Dragapult, L50, F|
|poke|p1|Torkoal, L50, F|
|poke|p1|Lilligant-Hisui, L50, F|
|poke|p1|Electabuzz, L50, M|
|poke|p2|Gholdengo, L50|
|poke|p2|Grimmsnarl, L50, M|
|poke|p2|Maushold, L50|
|poke|p2|Dragonite, L50, F|
|poke|p2|Pelipper, L50, F|
|poke|p2|Archaludon, L50, F|
|teampreview|4
|showteam|p1|Typhlosion-Hisui||ChoiceSpecs|Frisk|FocusBlast,ShadowBall,HeatWave,Eruption|||F|||50|,,,,,Fire]Whimsicott||CovertCloak|Prankster|Tailwind,SunnyDay,Moonblast,TrickRoom|||M|||50|,,,,,Rock]Dragapult||ChoiceBand|ClearBody|DragonDarts,PhantomForce,Uturn,SuckerPunch|||F|||50|,,,,,Dragon]Torkoal||LifeOrb|Drought|Protect,WeatherBall,HeatWave,Eruption|||F|||50|,,,,,Fire]Lilligant-Hisui||FocusSash|Chlorophyll|SleepPowder,AfterYou,LeafBlade,CloseCombat|||F|||50|,,,,,Dark]Electabuzz||Eviolite|Static|Protect,FollowMe,Feint,VoltSwitch|||M|||50|,,,,,Dragon
|showteam|p2|Gholdengo||LifeOrb|GoodasGold|MakeItRain,ShadowBall,NastyPlot,Protect||||||50|,,,,,Water]Grimmsnarl||LightClay|Prankster|FoulPlay,LightScreen,Reflect,ThunderWave|||M|||50|,,,,,Ghost]Maushold||SafetyGoggles|FriendGuard|Protect,SuperFang,FollowMe,BeatUp||||||50|,,,,,Ghost]Dragonite||LoadedDice|Multiscale|Protect,ScaleShot,ExtremeSpeed,Tailwind|||F|||50|,,,,,Steel]Pelipper||FocusSash|Drizzle|Protect,MuddyWater,Hurricane,Tailwind|||F|||50|,,,,,Ground]Archaludon||AssaultVest|Stamina|DracoMeteor,ElectroShot,BodyPress,Snarl|||F|||50|,,,,,Bug
|inactive|Battle timer is ON: inactive players will automatically lose when time's up. (requested by dubbies)
|
|t:|1756655104
|teamsize|p1|4
|teamsize|p2|4
|start
|switch|p1a: Lilligant|Lilligant-Hisui, L50, F|100/100
|switch|p1b: Torkoal|Torkoal, L50, F|100/100
|switch|p2a: Grimmsnarl|Grimmsnarl, L50, M, shiny|100/100
|switch|p2b: Dragonite|Dragonite, L50, F, shiny|100/100
|-weather|SunnyDay|[from] ability: Drought|[of] p1b: Torkoal
|turn|1
|
|t:|1756655128
|-terastallize|p1b: Torkoal|Fire
|move|p2a: Grimmsnarl|Thunder Wave|p1a: Lilligant
|-status|p1a: Lilligant|par
|move|p1a: Lilligant|After You|p1b: Torkoal
|-activate|p1b: Torkoal|move: After You
|move|p1b: Torkoal|Eruption|p2a: Grimmsnarl|[spread] p2a,p2b
|-resisted|p2b: Dragonite
|-damage|p2a: Grimmsnarl|0 fnt
|-damage|p2b: Dragonite|69/100
|faint|p2a: Grimmsnarl
|-damage|p1b: Torkoal|91/100|[from] item: Life Orb
|move|p2b: Dragonite|Scale Shot|p1a: Lilligant
|-damage|p1a: Lilligant|78/100 par
|-damage|p1a: Lilligant|57/100 par
|-damage|p1a: Lilligant|36/100 par
|-damage|p1a: Lilligant|15/100 par
|-damage|p1a: Lilligant|0 fnt
|faint|p1a: Lilligant
|-hitcount|p1: Lilligant|5
|-unboost|p2b: Dragonite|def|1
|-boost|p2b: Dragonite|spe|1
|
|-weather|SunnyDay|[upkeep]
|upkeep
|inactive|fastmanido has 30 seconds left.
|
|t:|1756655153
|switch|p1a: Dragapult|Dragapult, L50, F|100/100
|switch|p2a: Pelipper|Pelipper, L50, F, shiny|100/100
|-weather|RainDance|[from] ability: Drizzle|[of] p2a: Pelipper
|turn|2
|
|t:|1756655165
|move|p2b: Dragonite|Scale Shot|p1a: Dragapult
|-supereffective|p1a: Dragapult
|-damage|p1a: Dragapult|64/100
|-supereffective|p1a: Dragapult
|-damage|p1a: Dragapult|30/100
|-supereffective|p1a: Dragapult
|-damage|p1a: Dragapult|0 fnt
|faint|p1a: Dragapult
|-hitcount|p1: Dragapult|3
|-unboost|p2b: Dragonite|def|1
|-boost|p2b: Dragonite|spe|1
|move|p2a: Pelipper|Muddy Water|p1b: Torkoal
|-supereffective|p1b: Torkoal
|-damage|p1b: Torkoal|0 fnt
|faint|p1b: Torkoal
|
|-weather|RainDance|[upkeep]
|upkeep
|inactive|fastmanido has 30 seconds left.
|inactive|fastmanido has 20 seconds left.
|inactive|fastmanido has 15 seconds left.
|inactive|fastmanido has 10 seconds left.
|inactive|fastmanido has 5 seconds left.
|-message|fastmanido forfeited.
|
|win|dubbies
|raw|fastmanido's rating: 1040 → 1025(-15 for losing)
|raw|dubbies's rating: 1054 → 1085(+31 for winning)
|l|☆fastmanido
|player|p1|
