|j|☆grendel zolga
|j|☆cookie669
|html|grendel zolgacookie669    
|uhtml|bestof|Game 3 of a best-of-3
|t:|1756819536
|gametype|doubles
|player|p1|grendel zolga|clay|1178
|player|p2|cookie669|1|1052
|gen|9
|tier|[Gen 9] VGC 2025 Reg H (Bo3)
|rated|
|rule|Species Clause: Limit one of each Pokémon
|rule|Item Clause: Limit 1 of each item
|clearpoke
|poke|p1|Gyarados, L50, M|
|poke|p1|Indeedee, L50, M|
|poke|p1|Sneasler, L50, F|
|poke|p1|Tyranitar, L50, M|
|poke|p1|Ursaluna-Bloodmoon, L50, M|
|poke|p1|Volcarona, L50, F|
|poke|p2|Sneasler, L50, F|
|poke|p2|Gholdengo, L50|
|poke|p2|Rillaboom, L50, M|
|poke|p2|Dragonite, L50, M|
|poke|p2|Ninetales-Alola, L50, F|
|poke|p2|Arcanine-Hisui, L50, M|
|teampreview|4
|showteam|p1|Gyarados||SafetyGoggles|Intimidate|Taunt,ThunderWave,Waterfall,Protect|||M|||50|,,,,,Steel]Indeedee||ChoiceScarf|PsychicSurge|ExpandingForce,TeraBlast,Trick,Protect|||M|||50|,,,,,Psychic]Sneasler||PsychicSeed|Unburden|CloseCombat,DireClaw,ThroatChop,Protect|||F|||50|,,,,,Dark]Tyranitar||AssaultVest|SandStream|LowKick,TeraBlast,KnockOff,RockSlide|||M|||50|,,,,,Flying]Ursaluna-Bloodmoon||LifeOrb|MindsEye|HyperVoice,BloodMoon,EarthPower,Protect|||M|||50|,,,,,Normal]Volcarona||SitrusBerry|FlameBody|Overheat,StruggleBug,RagePowder,Tailwind|||F|||50|,,,,,Grass
|showteam|p2|Sneasler||WhiteHerb|Unburden|CloseCombat,DireClaw,Coaching,Protect|||F|||50|,,,,,Ghost]Gholdengo||GrassySeed|GoodasGold|NastyPlot,MakeItRain,ShadowBall,Protect||||||50|,,,,,Water]Rillaboom||AssaultVest|GrassySurge|FakeOut,GrassyGlide,DrumBeating,HighHorsepower|||M|||50|,,,,,Fire]Dragonite||LoadedDice|Multiscale|ScaleShot,StompingTantrum,Tailwind,Protect|||M|||50|,,,,,Ground]Ninetales-Alola||FocusSash|SnowWarning|Blizzard,IcyWind,Encore,AuroraVeil|||F|||50|,,,,,Ghost]Arcanine-Hisui||ClearAmulet|Intimidate|RockSlide,FlareBlitz,ExtremeSpeed,Protect|||M|||50|,,,,,Water
|inactive|Battle timer is ON: inactive players will automatically lose when time's up. (requested by cookie669)
|inactive|cookie669 has 60 seconds left.
|
|t:|1756819577
|teamsize|p1|4
|teamsize|p2|4
|start
|switch|p1a: Sirocco|Tyranitar, L50, M|100/100
|switch|p1b: Pestilence|Sneasler, L50, F|100/100
|switch|p2a: Gholdengo|Gholdengo, L50, shiny|100/100
|switch|p2b: Rillaboom|Rillaboom, L50, M, shiny|100/100
|-fieldstart|move: Grassy Terrain|[from] ability: Grassy Surge|[of] p2b: Rillaboom
|-enditem|p2a: Gholdengo|Grassy Seed
|-boost|p2a: Gholdengo|def|1|[from] item: Grassy Seed
|-weather|Sandstorm|[from] ability: Sand Stream|[of] p1a: Sirocco
|turn|1
|inactive|grendel zolga has 30 seconds left.
|inactive|cookie669 has 30 seconds left.
|inactive|cookie669 has 20 seconds left.
|
|t:|1756819614
|switch|p1a: Pythia|Indeedee, L50, M|100/100
|-fieldstart|move: Psychic Terrain|[from] ability: Psychic Surge|[of] p1a: Pythia
|-enditem|p1b: Pestilence|Psychic Seed
|-boost|p1b: Pestilence|spd|1|[from] item: Psychic Seed
|-terastallize|p2a: Gholdengo|Water
|move|p2b: Rillaboom|Fake Out|p1b: Pestilence
|-activate|p1b: Pestilence|move: Psychic Terrain
|move|p1b: Pestilence|Dire Claw|p2b: Rillaboom
|-supereffective|p2b: Rillaboom
|-damage|p2b: Rillaboom|7/100
|-status|p2b: Rillaboom|slp
|move|p2a: Gholdengo|Nasty Plot|p2a: Gholdengo
|-boost|p2a: Gholdengo|spa|2
|
|-weather|Sandstorm|[upkeep]
|-damage|p1b: Pestilence|95/100|[from] Sandstorm
|-damage|p1a: Pythia|95/100|[from] Sandstorm
|-damage|p2b: Rillaboom|2/100 slp|[from] Sandstorm
|-damage|p2a: Gholdengo|94/100|[from] Sandstorm
|upkeep
|turn|2
|inactive|cookie669 has 30 seconds left.
|inactive|cookie669 has 20 seconds left.
|inactive|cookie669 has 15 seconds left.
|inactive|cookie669 has 10 seconds left.
|
|t:|1756819662
|switch|p2b: Dragonite|Dragonite, L50, M, shiny|100/100
|move|p2a: Gholdengo|Protect|p2a: Gholdengo
|-singleturn|p2a: Gholdengo|Protect
|move|p1b: Pestilence|Close Combat|p2a: Gholdengo
|-activate|p2a: Gholdengo|move: Protect
|move|p1a: Pythia|Expanding Force|p2a: Gholdengo|[spread] p2b
|-activate|p2a: Gholdengo|move: Protect
|-damage|p2b: Dragonite|72/100
|
|-weather|Sandstorm|[upkeep]
|-damage|p1b: Pestilence|89/100|[from] Sandstorm
|-damage|p1a: Pythia|89/100|[from] Sandstorm
|-damage|p2a: Gholdengo|88/100|[from] Sandstorm
|-damage|p2b: Dragonite|66/100|[from] Sandstorm
|upkeep
|turn|3
|inactive|grendel zolga has 30 seconds left.
|
|t:|1756819696
|-terastallize|p1a: Pythia|Psychic
|move|p1b: Pestilence|Close Combat|p2a: Gholdengo
|-damage|p2a: Gholdengo|43/100
|-unboost|p1b: Pestilence|def|1
|-unboost|p1b: Pestilence|spd|1
|move|p1a: Pythia|Expanding Force|p2a: Gholdengo|[spread] p2a,p2b
|-damage|p2a: Gholdengo|0 fnt
|-damage|p2b: Dragonite|0 fnt
|faint|p2a: Gholdengo
|faint|p2b: Dragonite
|
|-weather|Sandstorm|[upkeep]
|-damage|p1b: Pestilence|83/100|[from] Sandstorm
|-damage|p1a: Pythia|83/100|[from] Sandstorm
|upkeep
|-message|cookie669 forfeited.
|
|win|grendel zolga
|raw|grendel zolga's rating: 1178 → 1194(+16 for winning)
|raw|cookie669's rating: 1052 → 1040(-12 for losing)
|l|☆cookie669
|player|p2|
