|j|☆Togore Gaming
|j|☆matrod
|html|Togore Gamingmatrod    
|uhtml|bestof|Game 3 of a best-of-3
|t:|1756237331
|gametype|doubles
|player|p1|Togore Gaming|richboy-gen4|1193
|player|p2|matrod|steven|1291
|gen|9
|tier|[Gen 9] VGC 2025 Reg H (Bo3)
|rated|
|rule|Species Clause: Limit one of each Pokémon
|rule|Item Clause: Limit 1 of each item
|clearpoke
|poke|p1|Indeedee, L50, M|
|poke|p1|Sneasler, L50, M|
|poke|p1|Drifblim, L50, F|
|poke|p1|Ursaluna-Bloodmoon, L50, M|
|poke|p1|Electabuzz, L50, M|
|poke|p1|Corviknight, L50, M|
|poke|p2|Incineroar, L50, F|
|poke|p2|Amoonguss, L50, F|
|poke|p2|Pelipper, L50, F|
|poke|p2|Archaludon, L50, M|
|poke|p2|Gholdengo, L50|
|poke|p2|Palafin, L50, F|
|teampreview|4
|showteam|p1|Indeedee||FocusSash|PsychicSurge|ExpandingForce,TeraBlast,Imprison,TrickRoom|||M|||50|,,,,,Ground]Sneasler||WhiteHerb|Unburden|DireClaw,CloseCombat,ThroatChop,Protect|||M|||50|,,,,,Dark]Drifblim||PsychicSeed|Unburden|Acrobatics,WillOWisp,Tailwind,Haze|||F|||50|,,,,,Grass]Ursaluna-Bloodmoon||LifeOrb|MindsEye|BloodMoon,HyperVoice,EarthPower,Protect|||M|||50|,,,,,Normal]Electabuzz||Eviolite|VitalSpirit|Electroweb,FollowMe,Taunt,Protect|||M|||50|,,,,,Dragon]Corviknight||SitrusBerry|MirrorArmor|BraveBird,BodyPress,BulkUp,Roost|||M|||50|,,,,,Fire
|showteam|p2|Incineroar||SafetyGoggles|Intimidate|KnockOff,FakeOut,FlareBlitz,Uturn|||F|||50|,,,,,Water]Amoonguss||SitrusBerry|Regenerator|Spore,Protect,RagePowder,PollenPuff|||F|||50|,,,,,Psychic]Pelipper||FocusSash|Drizzle|MuddyWater,Hurricane,Tailwind,Protect|||F|||50|,,,,,Ground]Archaludon||AssaultVest|Stamina|ElectroShot,DracoMeteor,FlashCannon,BodyPress|||M|||50|,,,,,Bug]Gholdengo||LifeOrb|GoodasGold|MakeItRain,ShadowBall,NastyPlot,Protect||||||50|,,,,,Water]Palafin||MysticWater|ZerotoHero|WaveCrash,JetPunch,Haze,Protect|||F|||50|,,,,,Water
|inactive|Battle timer is ON: inactive players will automatically lose when time's up. (requested by Togore Gaming)
|j| Neekzzz
|inactive|matrod has 60 seconds left.
|
|t:|1756237384
|teamsize|p1|4
|teamsize|p2|4
|start
|switch|p1a: Electabuzz|Electabuzz, L50, M|100/100
|switch|p1b: Ursaluna|Ursaluna-Bloodmoon, L50, M|100/100
|switch|p2a: Gholdengo|Gholdengo, L50|100/100
|switch|p2b: Pelipper|Pelipper, L50, F|100/100
|-weather|RainDance|[from] ability: Drizzle|[of] p2b: Pelipper
|turn|1
|
|t:|1756237400
|switch|p2b: Incineroar|Incineroar, L50, F|100/100
|-ability|p2b: Incineroar|Intimidate|boost
|-unboost|p1a: Electabuzz|atk|1
|-unboost|p1b: Ursaluna|atk|1
|move|p1b: Ursaluna|Protect|p1b: Ursaluna
|-singleturn|p1b: Ursaluna|Protect
|move|p1a: Electabuzz|Taunt|p2b: Incineroar
|-start|p2b: Incineroar|move: Taunt
|move|p2a: Gholdengo|Nasty Plot|p2a: Gholdengo
|-boost|p2a: Gholdengo|spa|2
|
|-weather|RainDance|[upkeep]
|upkeep
|turn|2
|
|t:|1756237425
|switch|p1b: Indeedee|Indeedee, L50, M|100/100
|-fieldstart|move: Psychic Terrain|[from] ability: Psychic Surge|[of] p1b: Indeedee
|move|p1a: Electabuzz|Electroweb|p2b: Incineroar|[spread] p2a,p2b
|-damage|p2a: Gholdengo|87/100
|-damage|p2b: Incineroar|88/100
|-unboost|p2a: Gholdengo|spe|1
|-unboost|p2b: Incineroar|spe|1
|move|p2a: Gholdengo|Make It Rain|p1a: Electabuzz|[spread] p1a,p1b
|-resisted|p1a: Electabuzz
|-crit|p1a: Electabuzz
|-damage|p1a: Electabuzz|27/100
|-enditem|p1b: Indeedee|Focus Sash
|-damage|p1b: Indeedee|1/100
|-unboost|p2a: Gholdengo|spa|1
|-damage|p2a: Gholdengo|77/100|[from] item: Life Orb
|move|p2b: Incineroar|U-turn|p1b: Indeedee
|-supereffective|p1b: Indeedee
|-damage|p1b: Indeedee|0 fnt
|faint|p1b: Indeedee
|
|t:|1756237447
|switch|p2b: Pelipper|Pelipper, L50, F|100/100|[from] U-turn
|
|-weather|RainDance|[upkeep]
|upkeep
|
|t:|1756237451
|switch|p1b: Ursaluna|Ursaluna-Bloodmoon, L50, M|100/100
|turn|3
|
|t:|1756237461
|-terastallize|p2a: Gholdengo|Water
|move|p2b: Pelipper|Protect|p2b: Pelipper
|-singleturn|p2b: Pelipper|Protect
|move|p1a: Electabuzz|Follow Me|p1a: Electabuzz
|-singleturn|p1a: Electabuzz|move: Follow Me
|move|p1b: Ursaluna|Earth Power|p2a: Gholdengo
|-damage|p2a: Gholdengo|12/100
|-damage|p1b: Ursaluna|91/100|[from] item: Life Orb
|move|p2a: Gholdengo|Shadow Ball|p1a: Electabuzz
|-damage|p1a: Electabuzz|0 fnt
|faint|p1a: Electabuzz
|-damage|p2a: Gholdengo|3/100|[from] item: Life Orb
|
|-weather|RainDance|[upkeep]
|upkeep
|
|t:|1756237470
|switch|p1a: Sneasler|Sneasler, L50, M|100/100
|turn|4
|
|t:|1756237493
|move|p1a: Sneasler|Dire Claw|p2b: Pelipper
|-damage|p2b: Pelipper|45/100
|move|p2b: Pelipper|Tailwind|p2b: Pelipper
|-sidestart|p2: matrod|move: Tailwind
|move|p2a: Gholdengo|Make It Rain|p1b: Ursaluna|[spread] p1a,p1b
|-damage|p1a: Sneasler|0 fnt
|-damage|p1b: Ursaluna|0 fnt
|-unboost|p2a: Gholdengo|spa|1
|faint|p1a: Sneasler
|faint|p1b: Ursaluna
|-damage|p2a: Gholdengo|0 fnt|[from] item: Life Orb
|faint|p2a: Gholdengo
|
|win|matrod
|raw|Togore Gaming's rating: 1193 → 1175(-18 for losing)
|raw|matrod's rating: 1291 → 1309(+18 for winning)
|c|☆matrod|phew
|c|☆Togore Gaming|ggs
|c|☆matrod|had me pretty scared ngl
|c| Neekzzz|gholdengo is such a problem.
|c|☆matrod|Ggs ggs
|c| Neekzzz|lol
|c|☆matrod|lool its hard for ursa to deal with it
|c|☆Togore Gaming|gholdengo is so scary aha
|c| Neekzzz|its basically
|c| Neekzzz|calyrex-s in regulation l
|c|☆Togore Gaming|i always double guess myself when i attack it always protects lol
|c|☆Togore Gaming|i just gotta lock in trust
|c|☆Togore Gaming|thanks for the set
|c| Neekzzz|gg
|l| Neekzzz
|c|☆matrod|I actually used to run ursa on my other team but it just gets countered too easily by redirection for me to run it yk
|c|☆matrod|Gg likewise
|l|☆matrod
|player|p2|
