|j|☆John8660
|j|☆lolgz
|html|John8660lolgz    
|uhtml|bestof|Game 2 of a best-of-3
|t:|1784579374
|gametype|doubles
|player|p1|John8660|169|1000
|player|p2|lolgz|dawn|1116
|gen|9
|tier|[Gen 9 Champions] VGC 2026 Reg M-B (Bo3)
|rated|
|rule|Species Clause: Limit one of each Pokémon
|rule|Item Clause: Limit 1 of each item
|clearpoke
|poke|p1|Froslass, L50, F|
|poke|p1|Vivillon-Fancy, L50, M|
|poke|p1|Maushold-Four, L50|
|poke|p1|Annihilape, L50, F, shiny|
|poke|p1|Garchomp, L50, M|
|poke|p1|Incineroar, L50, F, shiny|
|poke|p2|Blastoise, L50, F|
|poke|p2|Vivillon, L50, M|
|poke|p2|Farigiraf, L50, F|
|poke|p2|Gallade, L50, M|
|poke|p2|Mawile, L50, M|
|poke|p2|Torkoal, L50, M|
|teampreview|4
|showteam|p1|Froslass||Froslassite|CursedBody|Blizzard,ShadowBall,Thunderbolt,Protect|Timid||F|||50|]Vivillon-Fancy||FocusSash|CompoundEyes|Hurricane,Tailwind,SleepPowder,Protect|Timid||M|||50|]Maushold-Four||ChopleBerry|FriendGuard|SuperFang,BeatUp,FollowMe,Protect|Timid|||||50|]Annihilape||ChoiceScarf|Defiant|RageFist,CloseCombat,DrainPunch,Protect|Jolly||F|||50|]Garchomp||RoseliBerry|RoughSkin|Earthquake,DragonClaw,SwordsDance,Protect|Serious||M|||50|]Incineroar||SitrusBerry|Intimidate|FlareBlitz,DarkestLariat,FakeOut,PartingShot|Adamant||F|||50|
|showteam|p2|Blastoise||Blastoisinite|Torrent|WaterSpout,DarkPulse,FakeOut,ShellSmash|Modest||F|||50|]Vivillon||ChoiceScarf|CompoundEyes|SleepPowder,RagePowder,Tailwind,Hurricane|Timid||M|||50|]Farigiraf||SitrusBerry|ArmorTail|TrickRoom,Psychic,HelpingHand,Protect|Relaxed||F|||50|]Gallade||IronBall|Sharpness|SacredSword,PsychoCut,LeafBlade,TrickRoom|Brave||M|||50|]Mawile||Mawilite|HyperCutter|SuckerPunch,PlayRough,RockSlide,Protect|Brave||M|||50|]Torkoal||Charcoal|Drought|WeatherBall,Eruption,EarthPower,Protect|Quiet||M|||50|
|inactive|Battle timer is ON: inactive players will automatically lose when time's up. (requested by lolgz)
|
|t:|1784579388
|teamsize|p1|4
|teamsize|p2|4
|start
|switch|p1a: Rosemary|Vivillon-Fancy, L50, M|100/100
|switch|p1b: Incineroar|Incineroar, L50, F, shiny|100/100
|switch|p2a: Vivillon|Vivillon, L50, M|100/100
|switch|p2b: Blastoise|Blastoise, L50, F|100/100
|-ability|p1b: Incineroar|Intimidate|boost
|-unboost|p2a: Vivillon|atk|1
|-unboost|p2b: Blastoise|atk|1
|turn|1
|
|t:|1784579408
|detailschange|p2b: Blastoise|Blastoise-Mega, L50, F
|-mega|p2b: Blastoise|Blastoise|Blastoisinite
|move|p2b: Blastoise|Fake Out|p1b: Incineroar
|-damage|p1b: Incineroar|94/100
|move|p2a: Vivillon|Sleep Powder|p1a: Rosemary
|-status|p1a: Rosemary|slp|[from] move: Sleep Powder
|cant|p1a: Rosemary|slp
|cant|p1b: Incineroar|flinch
|
|upkeep
|turn|2
|inactive|John8660 has 30 seconds left.
|
|t:|1784579433
|move|p2a: Vivillon|Sleep Powder|p1b: Incineroar
|-status|p1b: Incineroar|slp|[from] move: Sleep Powder
|cant|p1a: Rosemary|slp
|move|p2b: Blastoise|Water Spout|p1a: Rosemary|[spread] p1a,p1b
|-supereffective|p1b: Incineroar|1
|-enditem|p1a: Rosemary|Focus Sash
|-damage|p1a: Rosemary|1/100 slp
|-damage|p1b: Incineroar|0 fnt
|faint|p1b: Incineroar
|
|upkeep
|
|t:|1784579450
|switch|p1b: broom|Froslass, L50, F|100/100
|turn|3
|
|t:|1784579468
|detailschange|p1b: broom|Froslass-Mega, L50, F
|-mega|p1b: broom|Froslass|Froslassite
|-weather|Snowscape|[from] ability: Snow Warning|[of] p1b: broom
|move|p2a: Vivillon|Sleep Powder|p1b: broom
|-status|p1b: broom|slp|[from] move: Sleep Powder
|cant|p1b: broom|slp
|-curestatus|p1a: Rosemary|slp|[msg]
|move|p1a: Rosemary|Sleep Powder|p2a: Vivillon
|-status|p2a: Vivillon|slp|[from] move: Sleep Powder
|move|p2b: Blastoise|Shell Smash|p2b: Blastoise
|-unboost|p2b: Blastoise|def|1
|-unboost|p2b: Blastoise|spd|1
|-boost|p2b: Blastoise|atk|2
|-boost|p2b: Blastoise|spa|2
|-boost|p2b: Blastoise|spe|2
|
|-weather|Snowscape|[upkeep]
|upkeep
|turn|4
|inactive|John8660 has 30 seconds left.
|
|t:|1784579499
|switch|p2a: Farigiraf|Farigiraf, L50, F|100/100
|move|p2b: Blastoise|Water Spout|p1b: broom|[spread] p1a,p1b
|-damage|p1a: Rosemary|0 fnt
|-damage|p1b: broom|0 fnt
|faint|p1a: Rosemary
|faint|p1b: broom
|
|-weather|Snowscape|[upkeep]
|upkeep
|-message|John8660 forfeited.
|raw|John8660's rating: 1000 → 1000(+0 for losing)
|raw|lolgz's rating: 1116 → 1133(+17 for winning)
|
|win|lolgz
