|j|☆desposibus
|j|☆Prepucio Santos
|html|desposibusPrepucio Santos    
|uhtml|bestof|Game 1 of a best-of-3
|t:|1784651926
|gametype|doubles
|player|p1|desposibus|102|1211
|player|p2|Prepucio Santos|striker|1328
|gen|9
|tier|[Gen 9 Champions] VGC 2026 Reg M-B (Bo3)
|rated|
|rule|Species Clause: Limit one of each Pokémon
|rule|Item Clause: Limit 1 of each item
|clearpoke
|poke|p1|Delphox, L50, M|
|poke|p1|Incineroar, L50, M|
|poke|p1|Maushold-Four, L50|
|poke|p1|Sinistcha, L50|
|poke|p1|Sneasler, L50, M|
|poke|p1|Blastoise, L50, F|
|poke|p2|Tyranitar, L50, M|
|poke|p2|Excadrill, L50, M|
|poke|p2|Gholdengo, L50|
|poke|p2|Sinistcha, L50|
|poke|p2|Staraptor, L50, F|
|poke|p2|Milotic, L50, F|
|teampreview|4
|showteam|p1|Delphox||Delphoxite|Blaze|HeatWave,Psychic,NastyPlot,Protect|Timid||M|||50|]Incineroar||SitrusBerry|Intimidate|FakeOut,PartingShot,FlareBlitz,ThroatChop|Impish||M|||50|]Maushold-Four||ChopleBerry|FriendGuard|Feint,HelpingHand,Protect,FollowMe|Impish|||||50|]Sinistcha||KasibBerry|Hospitality|Protect,MatchaGotcha,LifeDew,RagePowder|Bold|||||50|]Sneasler||FocusSash|PoisonTouch|CloseCombat,DireClaw,QuickGuard,FakeOut|Adamant||M|||50|]Blastoise||Blastoisinite|RainDish|Protect,WaterSpout,DarkPulse,ShellSmash|Modest||F|||50|
|showteam|p2|Tyranitar||Tyranitarite|SandStream|RockSlide,KnockOff,LowKick,Protect|Adamant||M|||50|]Excadrill||FocusSash|SandRush|IronHead,HighHorsepower,RockSlide,Protect|Adamant||M|||50|]Gholdengo||LifeOrb|GoodasGold|ShadowBall,MakeItRain,NastyPlot,Protect|Modest|||||50|]Sinistcha||ColburBerry|Hospitality|MatchaGotcha,RagePowder,TrickRoom,Protect|Bold|||||50|]Staraptor||Staraptite|Intimidate|BraveBird,CloseCombat,Tailwind,Protect|Jolly||F|||50|]Milotic||Leftovers|Competitive|MuddyWater,Hypnosis,Coil,Recover|Calm||F|||50|
|inactive|Battle timer is ON: inactive players will automatically lose when time's up. (requested by Prepucio Santos)
|c|☆Prepucio Santos|me hago caca dale rapido porfa
|inactive|desposibus has 60 seconds left.
|
|t:|1784651992
|teamsize|p1|4
|teamsize|p2|4
|start
|switch|p1a: Blastoise|Blastoise, L50, F|100/100
|switch|p1b: Incineroar|Incineroar, L50, M|100/100
|switch|p2a: Milotic|Milotic, L50, F|100/100
|switch|p2b: Excadrill|Excadrill, L50, M|100/100
|-ability|p1b: Incineroar|Intimidate|boost
|-unboost|p2a: Milotic|atk|1
|-ability|p2a: Milotic|Competitive|boost
|-boost|p2a: Milotic|spa|2
|-unboost|p2b: Excadrill|atk|1
|turn|1
|
|t:|1784652009
|detailschange|p1a: Blastoise|Blastoise-Mega, L50, F
|-mega|p1a: Blastoise|Blastoise|Blastoisinite
|move|p1b: Incineroar|Fake Out|p2a: Milotic
|-damage|p2a: Milotic|91/100
|move|p2b: Excadrill|High Horsepower|p1a: Blastoise
|-damage|p1a: Blastoise|65/100
|move|p1a: Blastoise|Shell Smash|p1a: Blastoise
|-unboost|p1a: Blastoise|def|1
|-unboost|p1a: Blastoise|spd|1
|-boost|p1a: Blastoise|atk|2
|-boost|p1a: Blastoise|spa|2
|-boost|p1a: Blastoise|spe|2
|cant|p2a: Milotic|flinch
|
|-heal|p2a: Milotic|97/100|[from] item: Leftovers
|upkeep
|turn|2
|inactive|desposibus has 30 seconds left.
|inactive|desposibus has 20 seconds left.
|inactive|desposibus has 15 seconds left.
|inactive|desposibus has 10 seconds left.
|
|t:|1784652056
|move|p1a: Blastoise|Dark Pulse|p2a: Milotic
|-damage|p2a: Milotic|37/100
|move|p2b: Excadrill|High Horsepower|p1a: Blastoise
|-damage|p1a: Blastoise|8/100
|move|p2a: Milotic|Muddy Water|p1a: Blastoise|[spread] p1a,p1b
|-resisted|p1a: Blastoise|1
|-supereffective|p1b: Incineroar|1
|-damage|p1a: Blastoise|0 fnt
|-damage|p1b: Incineroar|19/100
|-enditem|p1b: Incineroar|Sitrus Berry|[eat]
|-heal|p1b: Incineroar|44/100|[from] item: Sitrus Berry
|faint|p1a: Blastoise
|move|p1b: Incineroar|Parting Shot|p2b: Excadrill
|-unboost|p2b: Excadrill|atk|1
|-unboost|p2b: Excadrill|spa|1
|
|t:|1784652066
|switch|p1b: Sneasler|Sneasler, L50, M|100/100|[from] Parting Shot
|
|-heal|p2a: Milotic|43/100|[from] item: Leftovers
|upkeep
|
|t:|1784652069
|switch|p1a: Sinistcha|Sinistcha, L50|100/100
|turn|3
|-message|desposibus forfeited.
|
|win|Prepucio Santos
|l|☆desposibus
|player|p1|
||Prepucio Santos is ready for game 2.
||desposibus is ready for game 2.
|uhtml|next|Next: Game 2 of 3
