|j|☆yintaro!
|j|☆ToastedArt
|html|yintaro!ToastedArt    
|uhtml|bestof|Game 3 of a best-of-3
|t:|1784389984
|gametype|doubles
|player|p1|yintaro!|alder|1169
|player|p2|ToastedArt|iris|1063
|gen|9
|tier|[Gen 9 Champions] VGC 2026 Reg M-B (Bo3)
|rated|
|rule|Species Clause: Limit one of each Pokémon
|rule|Item Clause: Limit 1 of each item
|clearpoke
|poke|p1|Gengar, L50, F|
|poke|p1|Incineroar, L50, M|
|poke|p1|Tsareena, L50, F|
|poke|p1|Politoed, L50, M|
|poke|p1|Swampert, L50, F|
|poke|p1|Dragonite, L50, F|
|poke|p2|Sinistcha, L50, shiny|
|poke|p2|Hydreigon, L50, M, shiny|
|poke|p2|Sneasler, L50, M|
|poke|p2|Talonflame, L50, M, shiny|
|poke|p2|Gholdengo, L50|
|poke|p2|Falinks, L50, shiny|
|teampreview|4
|showteam|p1|Gengar||Gengarite|CursedBody|SludgeBomb,PerishSong,Substitute,Protect|Timid||F|||50|]Incineroar||ShucaBerry|Intimidate|FakeOut,PartingShot,ThroatChop,Protect|Careful||M|||50|]Tsareena||MiracleSeed|QueenlyMajesty|TropKick,HighJumpKick,Taunt,Protect|Adamant||F|||50|]Politoed||SitrusBerry|Drizzle|MuddyWater,IceBeam,PerishSong,Protect|Bold||M|||50|]Swampert||Swampertite|Torrent|WaveCrash,HighHorsepower,WideGuard,Protect|Adamant||F|||50|]Dragonite||WiseGlasses|Multiscale|Hurricane,DracoMeteor,ExtremeSpeed,Protect|Mild||F|||50|
|showteam|p2|Sinistcha||OccaBerry|Hospitality|MatchaGotcha,RagePowder,LifeDew,Protect|Bold|||||50|]Hydreigon||LifeOrb|Levitate|Snarl,DarkPulse,EarthPower,DracoMeteor|Modest||M|||50|]Sneasler||FocusSash|PoisonTouch|FakeOut,PoisonJab,CloseCombat,QuickGuard|Jolly||M|||50|]Talonflame||SharpBeak|GaleWings|Tailwind,FlareBlitz,BraveBird,QuickGuard|Jolly||M|||50|]Gholdengo||SpellTag|GoodasGold|ShadowBall,MakeItRain,NastyPlot,Protect|Timid|||||50|]Falinks||Falinksite|Defiant|NoRetreat,SwordsDance,CloseCombat,Protect|Adamant|||||50|
|inactive|Battle timer is ON: inactive players will automatically lose when time's up. (requested by ToastedArt)
|inactive|yintaro! has 60 seconds left.
|inactive|ToastedArt has 60 seconds left.
|
|t:|1784390024
|teamsize|p1|4
|teamsize|p2|4
|start
|switch|p1a: Swampert|Swampert, L50, F|100/100
|switch|p1b: Dragonite|Dragonite, L50, F|100/100
|switch|p2a: Falinks|Falinks, L50, shiny|100/100
|switch|p2b: Sinistcha|Sinistcha, L50, shiny|100/100
|turn|1
|
|t:|1784390047
|switch|p1a: Politoed|Politoed, L50, M|100/100
|-weather|RainDance|[from] ability: Drizzle|[of] p1a: Politoed
|detailschange|p2a: Falinks|Falinks-Mega, L50, shiny
|-mega|p2a: Falinks|Falinks|Falinksite
|move|p2b: Sinistcha|Rage Powder|p2b: Sinistcha
|-singleturn|p2b: Sinistcha|move: Rage Powder
|move|p2a: Falinks|Swords Dance|p2a: Falinks
|-boost|p2a: Falinks|atk|2
|move|p1b: Dragonite|Hurricane|p2b: Sinistcha
|-supereffective|p2b: Sinistcha|1
|-damage|p2b: Sinistcha|0 fnt
|faint|p2b: Sinistcha
|
|-weather|RainDance|[upkeep]
|upkeep
|
|t:|1784390060
|switch|p2b: Talonflame|Talonflame, L50, M, shiny|100/100
|turn|2
|inactive|ToastedArt has 30 seconds left.
|inactive|ToastedArt has 20 seconds left.
|
|t:|1784390100
|move|p2b: Talonflame|Tailwind|p2b: Talonflame
|-sidestart|p2: ToastedArt|move: Tailwind
|move|p2a: Falinks|Swords Dance|p2a: Falinks
|-boost|p2a: Falinks|atk|2
|move|p1b: Dragonite|Hurricane|p2a: Falinks
|-supereffective|p2a: Falinks|1
|-damage|p2a: Falinks|0 fnt
|faint|p2a: Falinks
|move|p1a: Politoed|Muddy Water|p2b: Talonflame
|-supereffective|p2b: Talonflame|1
|-damage|p2b: Talonflame|0 fnt
|faint|p2b: Talonflame
|
|-weather|RainDance|[upkeep]
|upkeep
|-message|ToastedArt forfeited.
|
|win|yintaro!
|raw|yintaro!'s rating: 1169 → 1187(+18 for winning)
|raw|ToastedArt's rating: 1063 → 1049(-14 for losing)
