|j|☆Chknadobovgc
|j|☆LookBackInBanger
|html|ChknadobovgcLookBackInBanger    
|uhtml|bestof|Game 1 of a best-of-3
|t:|1756554074
|gametype|doubles
|player|p1|Chknadobovgc|2|1034
|player|p2|LookBackInBanger|mina|1117
|gen|9
|tier|[Gen 9] VGC 2025 Reg H (Bo3)
|rated|
|rule|Species Clause: Limit one of each Pokémon
|rule|Item Clause: Limit 1 of each item
|clearpoke
|poke|p1|Pelipper, L50, F|
|poke|p1|Archaludon, L50, M|
|poke|p1|Basculegion, L50, M|
|poke|p1|Dragonite, L50, F|
|poke|p1|Maushold, L50|
|poke|p1|Gholdengo, L50|
|poke|p2|Dragonite, L50, F|
|poke|p2|Electabuzz, L50, M|
|poke|p2|Indeedee, L50, M|
|poke|p2|Sneasler, L50, F|
|poke|p2|Talonflame, L50, M|
|poke|p2|Ursaluna-Bloodmoon, L50, M|
|teampreview|4
|showteam|p1|Pelipper||FocusSash|Drizzle|WeatherBall,Hurricane,Tailwind,WideGuard|||F|||50|,,,,,Ghost]Archaludon||AssaultVest|Stamina|ElectroShot,DracoMeteor,FlashCannon,BodyPress|||M|||50|,,,,,Bug]Basculegion||LifeOrb|SwiftSwim|WaveCrash,LastRespects,FlipTurn,AquaJet|||M|||50|,,,,,Water]Dragonite||LoadedDice|Multiscale|ScaleShot,Tailwind,Haze,Protect|||F|||50|,,,,,Fairy]Maushold||SafetyGoggles|FriendGuard|BeatUp,Taunt,FollowMe,Protect||||||50|,,,,,Ghost]Gholdengo||ChoiceScarf|GoodasGold|MakeItRain,ShadowBall,Trick,Protect||||||50|,,,,,Steel
|showteam|p2|Dragonite||LoadedDice|Multiscale|ScaleShot,StompingTantrum,Haze,Protect|||F|||50|,,,,,Fairy]Electabuzz||Eviolite|VitalSpirit|Electroweb,FollowMe,Taunt,Protect|||M|||50|,,,,,Dragon]Indeedee||FocusSash|PsychicSurge|ExpandingForce,HelpingHand,TrickRoom,Imprison|||M|||50|,,,,,Psychic]Sneasler||PsychicSeed|Unburden|DireClaw,CloseCombat,ThroatChop,Protect|||F|||50|,,,,,Stellar]Talonflame||CovertCloak|GaleWings|FlareBlitz,DualWingbeat,WillOWisp,Tailwind|||M|||50|,,,,,Stellar]Ursaluna-Bloodmoon||LifeOrb|MindsEye|BloodMoon,HyperVoice,EarthPower,Protect|||M|||50|,,,,,Normal
|l|☆Chknadobovgc
|player|p1|
|j|☆Chknadobovgc
|player|p1|Chknadobovgc|2|
|inactive|Battle timer is ON: inactive players will automatically lose when time's up. (requested by Chknadobovgc)
|
|t:|1756554157
|teamsize|p1|4
|teamsize|p2|4
|start
|switch|p1a: Basculegion|Basculegion, L50, M|100/100
|switch|p1b: Pelipper|Pelipper, L50, F, shiny|100/100
|switch|p2a: Electabuzz|Electabuzz, L50, M|100/100
|switch|p2b: Ursaluna|Ursaluna-Bloodmoon, L50, M|100/100
|-weather|RainDance|[from] ability: Drizzle|[of] p1b: Pelipper
|turn|1
|inactive|LookBackInBanger has 30 seconds left.
|
|t:|1756554182
|move|p2b: Ursaluna|Protect|p2b: Ursaluna
|-singleturn|p2b: Ursaluna|Protect
|move|p1a: Basculegion|Flip Turn|p2a: Electabuzz
|-damage|p2a: Electabuzz|38/100
|-damage|p1a: Basculegion|91/100|[from] item: Life Orb
|
|t:|1756554191
|switch|p1a: Dragonite|Dragonite, L50, F|100/100|[from] Flip Turn
|move|p2a: Electabuzz|Taunt|p1b: Pelipper
|-start|p1b: Pelipper|move: Taunt
|cant|p1b: Pelipper|move: Taunt|Tailwind
|
|-weather|RainDance|[upkeep]
|upkeep
|turn|2
|inactive|LookBackInBanger has 30 seconds left.
|inactive|LookBackInBanger has 20 seconds left.
|inactive|LookBackInBanger has 15 seconds left.
|inactive|LookBackInBanger has 10 seconds left.
|inactive|LookBackInBanger has 5 seconds left.
|
|t:|1756554245
|move|p2a: Electabuzz|Electroweb|p1b: Pelipper|[spread] p1a,p1b
|-supereffective|p1b: Pelipper
|-damage|p1a: Dragonite|93/100
|-damage|p1b: Pelipper|5/100
|-unboost|p1a: Dragonite|spe|1
|-unboost|p1b: Pelipper|spe|1
|move|p2b: Ursaluna|Hyper Voice|p1b: Pelipper|[spread] p1a,p1b
|-crit|p1b: Pelipper
|-damage|p1a: Dragonite|42/100
|-damage|p1b: Pelipper|0 fnt
|faint|p1b: Pelipper
|-damage|p2b: Ursaluna|91/100|[from] item: Life Orb
|move|p1a: Dragonite|Scale Shot|p2a: Electabuzz
|-damage|p2a: Electabuzz|24/100
|-damage|p2a: Electabuzz|9/100
|-damage|p2a: Electabuzz|0 fnt
|faint|p2a: Electabuzz
|-hitcount|p2: Electabuzz|3
|-unboost|p1a: Dragonite|def|1
|-boost|p1a: Dragonite|spe|1
|
|-weather|RainDance|[upkeep]
|upkeep
|inactive|LookBackInBanger has 30 seconds left.
|inactive|LookBackInBanger has 20 seconds left.
|inactive|LookBackInBanger has 15 seconds left.
|l|☆Chknadobovgc
|inactive|Chknadobovgc disconnected and has a minute to reconnect!
|player|p1|
|
|t:|1756554287
|switch|p2a: Sneasler|Sneasler, L50, F|100/100
|switch|p1b: Gholdengo|Gholdengo, L50, shiny|100/100
|turn|3
|j|☆Chknadobovgc
|inactive|Chknadobovgc reconnected and has 45 seconds left.
|player|p1|Chknadobovgc|2|
|inactive|LookBackInBanger has 30 seconds left.
|inactive|LookBackInBanger has 20 seconds left.
|inactive|LookBackInBanger has 15 seconds left.
|inactive|LookBackInBanger has 10 seconds left.
|inactive|LookBackInBanger has 5 seconds left.
|
|t:|1756554338
|-terastallize|p1b: Gholdengo|Steel
|move|p1a: Dragonite|Protect|p1a: Dragonite
|-singleturn|p1a: Dragonite|Protect
|move|p1b: Gholdengo|Make It Rain|p2b: Ursaluna|[spread] p2a,p2b
|-damage|p2a: Sneasler|3/100
|-damage|p2b: Ursaluna|4/100
|-unboost|p1b: Gholdengo|spa|1
|move|p2a: Sneasler|Dire Claw|p1a: Dragonite
|-activate|p1a: Dragonite|move: Protect
|move|p2b: Ursaluna|Earth Power|p1b: Gholdengo
|-supereffective|p1b: Gholdengo
|-damage|p1b: Gholdengo|0 fnt
|faint|p1b: Gholdengo
|-damage|p2b: Ursaluna|0 fnt|[from] item: Life Orb
|faint|p2b: Ursaluna
|
|-weather|RainDance|[upkeep]
|upkeep
|
|t:|1756554359
|switch|p1b: Basculegion|Basculegion, L50, M|91/100
|switch|p2b: Indeedee|Indeedee, L50, M|100/100
|-fieldstart|move: Psychic Terrain|[from] ability: Psychic Surge|[of] p2b: Indeedee
|-enditem|p2a: Sneasler|Psychic Seed
|-boost|p2a: Sneasler|spd|1|[from] item: Psychic Seed
|turn|4
|inactive|LookBackInBanger has 30 seconds left.
|
|t:|1756554384
|-terastallize|p2a: Sneasler|Stellar
|move|p2a: Sneasler|Throat Chop|p1b: Basculegion
|-supereffective|p1b: Basculegion
|-damage|p1b: Basculegion|6/100
|-start|p1b: Basculegion|Throat Chop|[silent]
|move|p1b: Basculegion|Last Respects|p2a: Sneasler
|-damage|p2a: Sneasler|0 fnt
|faint|p2a: Sneasler
|-damage|p1b: Basculegion|0 fnt|[from] item: Life Orb
|faint|p1b: Basculegion
|move|p2b: Indeedee|Expanding Force|p1a: Dragonite
|-damage|p1a: Dragonite|0 fnt
|faint|p1a: Dragonite
|
|win|LookBackInBanger
|inactive|Chknadobovgc has 30 seconds to confirm battle start!
|inactive|LookBackInBanger has 30 seconds to confirm battle start!
||LookBackInBanger is ready for game 2.
|inactive|Chknadobovgc has 20 seconds to confirm battle start!
||Chknadobovgc is ready for game 2.
|uhtml|next|Next: Game 2 of 3
|l|☆Chknadobovgc
|player|p1|
