|j|☆bobovile
|j|☆T-Soro
|html|bobovileT-Soro    
|uhtml|bestof|Game 2 of a best-of-3
|t:|1756741776
|gametype|doubles
|player|p1|bobovile|ruinmaniac|1141
|player|p2|T-Soro|buck|1179
|gen|9
|tier|[Gen 9] VGC 2025 Reg H (Bo3)
|rated|
|rule|Species Clause: Limit one of each Pokémon
|rule|Item Clause: Limit 1 of each item
|clearpoke
|poke|p1|Tyranitar, L50, M|
|poke|p1|Excadrill, L50, M|
|poke|p1|Gastrodon-East, L50, F|
|poke|p1|Talonflame, L50, F|
|poke|p1|Gallade, L50, M|
|poke|p1|Tsareena, L50, F|
|poke|p2|Sneasler, L50, M|
|poke|p2|Kingambit, L50, M|
|poke|p2|Rillaboom, L50, F|
|poke|p2|Dragonite, L50, M|
|poke|p2|Volcarona, L50, M|
|poke|p2|Electabuzz, L50, F|
|teampreview|4
|showteam|p1|Tyranitar||AssaultVest|SandStream|TeraBlast,RockSlide,KnockOff,LowKick|||M|||50|,,,,,Flying]Excadrill||LifeOrb|SandRush|Protect,HighHorsepower,IronHead,Earthquake|||M|||50|,,,,,Flying]Gastrodon-East||SitrusBerry|StormDrain|IceBeam,Protect,MuddyWater,EarthPower|||F|||50|,,,,,Fire]Talonflame||SafetyGoggles|GaleWings|Tailwind,Taunt,FlareBlitz,DualWingbeat|||F|||50|,,,,,Ghost]Gallade||ClearAmulet|Sharpness|Protect,SacredSword,PsychoCut,TrickRoom|||M|||50|,,,,,Steel]Tsareena||WideLens|QueenlyMajesty|PowerWhip,TripleAxel,Protect,Taunt|||F|||50|,,,,,Fire
|showteam|p2|Sneasler||FocusSash|Unburden|DireClaw,CloseCombat,Coaching,FakeOut|||M|||50|,,,,,Stellar]Kingambit||SafetyGoggles|Defiant|KowtowCleave,SwordsDance,SuckerPunch,Protect|||M|||50|,,,,,Dark]Rillaboom||AssaultVest|GrassySurge|FakeOut,WoodHammer,GrassyGlide,HighHorsepower|||F|||50|,,,,,Fire]Dragonite||LoadedDice|Multiscale|ScaleShot,ExtremeSpeed,Haze,Protect|||M|||50|,,,,,Fairy]Volcarona||Leftovers|FlameBody|HeatWave,TeraBlast,QuiverDance,Protect|||M|||50|,,,,,Fairy]Electabuzz||Eviolite|VitalSpirit|Electroweb,FollowMe,Taunt,Protect|||F|||50|,,,,,Ghost
|
|t:|1756741797
|teamsize|p1|4
|teamsize|p2|4
|start
|switch|p1a: Talonflame|Talonflame, L50, F|100/100
|switch|p1b: Excadrill|Excadrill, L50, M|100/100
|switch|p2a: Sneasler|Sneasler, L50, M|100/100
|switch|p2b: Rillaboom|Rillaboom, L50, F|100/100
|-fieldstart|move: Grassy Terrain|[from] ability: Grassy Surge|[of] p2b: Rillaboom
|turn|1
|
|t:|1756741813
|switch|p1b: Tsareena|Tsareena, L50, F|100/100
|move|p2b: Rillaboom|Fake Out||[still]
|cant|p1b: Tsareena|ability: Queenly Majesty|Fake Out|[of] p2b: Rillaboom
|move|p1a: Talonflame|Dual Wingbeat|p2a: Sneasler
|-supereffective|p2a: Sneasler
|-damage|p2a: Sneasler|45/100
|-supereffective|p2a: Sneasler
|-damage|p2a: Sneasler|0 fnt
|faint|p2a: Sneasler
|-hitcount|p2: Sneasler|2
|
|upkeep
|
|t:|1756741817
|switch|p2a: Volcarona|Volcarona, L50, M|100/100
|turn|2
|
|t:|1756741831
|switch|p2b: Dragonite|Dragonite, L50, M|100/100
|-terastallize|p2a: Volcarona|Fairy
|move|p1b: Tsareena|Protect|p1b: Tsareena
|-singleturn|p1b: Tsareena|Protect
|move|p1a: Talonflame|Taunt|p2a: Volcarona
|-start|p2a: Volcarona|move: Taunt
|cant|p2a: Volcarona|move: Taunt|Quiver Dance
|
|upkeep
|turn|3
|
|t:|1756741863
|-terastallize|p1b: Tsareena|Fire
|move|p1a: Talonflame|Tailwind|p1a: Talonflame
|-sidestart|p1: bobovile|move: Tailwind
|move|p1b: Tsareena|Triple Axel|p2b: Dragonite
|-supereffective|p2b: Dragonite
|-damage|p2b: Dragonite|85/100
|-supereffective|p2b: Dragonite
|-damage|p2b: Dragonite|25/100
|-supereffective|p2b: Dragonite
|-damage|p2b: Dragonite|0 fnt
|faint|p2b: Dragonite
|-hitcount|p2: Dragonite|3
|move|p2a: Volcarona|Heat Wave|p1a: Talonflame|[spread] p1a,p1b
|-resisted|p1a: Talonflame
|-resisted|p1b: Tsareena
|-damage|p1a: Talonflame|75/100
|-damage|p1b: Tsareena|84/100
|
|-heal|p1b: Tsareena|90/100|[from] Grassy Terrain
|upkeep
|l|☆T-Soro
|player|p2|
|j|☆T-Soro
|player|p2|T-Soro|buck|
|-message|T-Soro forfeited.
|raw|bobovile's rating: 1141 → 1169(+28 for winning)
|raw|T-Soro's rating: 1179 → 1151(-28 for losing)
|
|win|bobovile
|l|☆T-Soro
|player|p2|
