|j|☆markknight05
|j|☆Prepucio Santos
|html|markknight05Prepucio Santos    
|uhtml|bestof|Game 2 of a best-of-3
|t:|1784303900
|gametype|doubles
|player|p1|markknight05|2|1146
|player|p2|Prepucio Santos|striker|1206
|gen|9
|tier|[Gen 9 Champions] VGC 2026 Reg M-B (Bo3)
|rated|
|rule|Species Clause: Limit one of each Pokémon
|rule|Item Clause: Limit 1 of each item
|clearpoke
|poke|p1|Garchomp, L50, F|
|poke|p1|Orthworm, L50, M|
|poke|p1|Raichu, L50, M|
|poke|p1|Blastoise, L50, F|
|poke|p1|Sinistcha, L50|
|poke|p1|Incineroar, L50, M|
|poke|p2|Incineroar, L50, F|
|poke|p2|Maushold, L50|
|poke|p2|Sinistcha, L50|
|poke|p2|Sneasler, L50, F|
|poke|p2|Blastoise, L50, M|
|poke|p2|Delphox, L50, M|
|teampreview|4
|showteam|p1|Garchomp||LifeOrb|RoughSkin|DragonClaw,Earthquake,StompingTantrum,Protect|Jolly||F|||50|]Orthworm||Leftovers|EarthEater|ShedTail,BodyPress,HelpingHand,Protect|Calm||M|||50|]Raichu||RaichuniteY|LightningRod|ZapCannon,FocusBlast,FakeOut,Protect|Timid||M|||50|]Blastoise||Blastoisinite|RainDish|DarkPulse,WaterSpout,ShellSmash,Protect|Modest||F|||50|]Sinistcha||KasibBerry|Hospitality|MatchaGotcha,RagePowder,TrickRoom,Protect|Calm|||||50|]Incineroar||SitrusBerry|Intimidate|FakeOut,FlareBlitz,PartingShot,ThroatChop|Adamant||M|||50|
|showteam|p2|Incineroar||SitrusBerry|Intimidate|FakeOut,FlareBlitz,ThroatChop,PartingShot|Impish||F|||50|]Maushold||ChopleBerry|FriendGuard|SuperFang,Feint,FollowMe,Protect|Impish|||||50|]Sinistcha||KasibBerry|Hospitality|MatchaGotcha,LifeDew,RagePowder,Protect|Bold|||||50|]Sneasler||FocusSash|PoisonTouch|FakeOut,CloseCombat,DireClaw,QuickGuard|Jolly||F|||50|]Blastoise||Blastoisinite|RainDish|WaterSpout,DarkPulse,ShellSmash,Protect|Modest||M|||50|]Delphox||Delphoxite|Blaze|HeatWave,Psyshock,NastyPlot,Protect|Timid||M|||50|
|inactive|Battle timer is ON: inactive players will automatically lose when time's up. (requested by markknight05)
|
|t:|1784303953
|teamsize|p1|4
|teamsize|p2|4
|start
|switch|p1a: Orthworm|Orthworm, L50, M|100/100
|switch|p1b: Sinistcha|Sinistcha, L50|100/100
|switch|p2a: Sneasler|Sneasler, L50, F|100/100
|switch|p2b: Blastoise|Blastoise, L50, M|100/100
|turn|1
|
|t:|1784303975
|detailschange|p2b: Blastoise|Blastoise-Mega, L50, M
|-mega|p2b: Blastoise|Blastoise|Blastoisinite
|move|p1a: Orthworm|Helping Hand|p1b: Sinistcha
|-singleturn|p1b: Sinistcha|Helping Hand|[of] p1a: Orthworm
|move|p2a: Sneasler|Dire Claw|p1b: Sinistcha
|-damage|p1b: Sinistcha|63/100
|-status|p1b: Sinistcha|psn|[from] ability: Poison Touch|[of] p2a: Sneasler
|move|p2b: Blastoise|Dark Pulse|p1b: Sinistcha
|-supereffective|p1b: Sinistcha|1
|-damage|p1b: Sinistcha|0 fnt
|faint|p1b: Sinistcha
|
|upkeep
|
|t:|1784303988
|switch|p1b: Raichu|Raichu, L50, M|100/100
|turn|2
|
|t:|1784303998
|switch|p2b: Sinistcha|Sinistcha, L50|100/100
|detailschange|p1b: Raichu|Raichu-Mega-Y, L50, M
|-mega|p1b: Raichu|Raichu|Raichunite Y
|move|p1b: Raichu|Zap Cannon|p2b: Sinistcha
|-resisted|p2b: Sinistcha|1
|-damage|p2b: Sinistcha|70/100
|-status|p2b: Sinistcha|par
|move|p2a: Sneasler|Close Combat|p1b: Raichu
|-damage|p1b: Raichu|0 fnt
|-unboost|p2a: Sneasler|def|1
|-unboost|p2a: Sneasler|spd|1
|faint|p1b: Raichu
|move|p1a: Orthworm|Shed Tail|p1a: Orthworm
|-start|p1a: Orthworm|Substitute|[from] move: Shed Tail
|-damage|p1a: Orthworm|49/100
|
|t:|1784304012
|switch|p1a: Garchomp|Garchomp, L50, F|100/100|[from] Shed Tail
|
|upkeep
|
|t:|1784304016
|switch|p1b: Orthworm|Orthworm, L50, M|49/100
|turn|3
|
|t:|1784304027
|move|p1b: Orthworm|Helping Hand|p1a: Garchomp
|-singleturn|p1a: Garchomp|Helping Hand|[of] p1b: Orthworm
|move|p2a: Sneasler|Close Combat|p1b: Orthworm
|-supereffective|p1b: Orthworm|1
|-damage|p1b: Orthworm|0 fnt
|-unboost|p2a: Sneasler|def|1
|-unboost|p2a: Sneasler|spd|1
|faint|p1b: Orthworm
|move|p1a: Garchomp|Earthquake|p2b: Sinistcha|[spread] p2a,p2b
|-supereffective|p2a: Sneasler|1
|-resisted|p2b: Sinistcha|1
|-enditem|p2a: Sneasler|Focus Sash
|-damage|p2a: Sneasler|1/100
|-damage|p2b: Sinistcha|41/100 par
|-damage|p1a: Garchomp|90/100|[from] item: Life Orb
|move|p2b: Sinistcha|Matcha Gotcha|p1a: Garchomp
|-end|p1a: Garchomp|Substitute
|-heal|p2b: Sinistcha|53/100 par|[from] drain|[of] p1a: Garchomp
|
|upkeep
|turn|4
|
|t:|1784304046
|move|p2a: Sneasler|Close Combat|p1a: Garchomp
|-damage|p1a: Garchomp|30/100
|-unboost|p2a: Sneasler|def|1
|-unboost|p2a: Sneasler|spd|1
|-damage|p2a: Sneasler|0 fnt|[from] ability: Rough Skin|[of] p1a: Garchomp
|faint|p2a: Sneasler
|move|p1a: Garchomp|Earthquake|p2b: Sinistcha
|-resisted|p2b: Sinistcha|1
|-damage|p2b: Sinistcha|27/100 par
|-damage|p1a: Garchomp|20/100y|[from] item: Life Orb
|move|p2b: Sinistcha|Matcha Gotcha|p1a: Garchomp
|-damage|p1a: Garchomp|0 fnt
|-heal|p2b: Sinistcha|39/100 par|[from] drain|[of] p1a: Garchomp
|faint|p1a: Garchomp
|
|win|Prepucio Santos
