|j|☆Sanjo4 2.0
|j|☆uglybeast
|html|Sanjo4 2.0uglybeast    
|uhtml|bestof|Game 2 of a best-of-3
|t:|1755463901
|gametype|doubles
|player|p1|Sanjo4 2.0|cyclist-gen4|1190
|player|p2|uglybeast|lucas-gen4pt|1287
|gen|9
|tier|[Gen 9] VGC 2025 Reg H (Bo3)
|rated|
|rule|Species Clause: Limit one of each Pokémon
|rule|Item Clause: Limit 1 of each item
|clearpoke
|poke|p1|Typhlosion-Hisui, L50, F|
|poke|p1|Whimsicott, L50, M|
|poke|p1|Tauros-Paldea-Aqua, L50, M|
|poke|p1|Ursaluna-Bloodmoon, L50, M|
|poke|p1|Kingambit, L50, M|
|poke|p1|Maushold-Four, L50|
|poke|p2|Volcarona, L50, F|
|poke|p2|Samurott-Hisui, L50, M|
|poke|p2|Gholdengo, L50|
|poke|p2|Sneasler, L50, F|
|poke|p2|Ursaluna-Bloodmoon, L50, M|
|poke|p2|Indeedee, L50, M|
|teampreview|4
|showteam|p1|Typhlosion-Hisui||ChoiceSpecs|Blaze|Eruption,HeatWave,ShadowBall,Overheat|||F|||50|,,,,,Fire]Whimsicott||CovertCloak|Prankster|Tailwind,SunnyDay,Encore,Moonblast|||M|||50|,,,,,Water]Tauros-Paldea-Aqua||MirrorHerb|Intimidate|Protect,AquaJet,RagingBull,CloseCombat|||M|||50|,,,,,Grass]Ursaluna-Bloodmoon||LifeOrb|MindsEye|Protect,BloodMoon,HyperVoice,EarthPower|||M|||50|,,,,,Normal]Kingambit||AssaultVest|Defiant|KowtowCleave,SuckerPunch,IronHead,LowKick|||M|||50|,,,,,Fairy]Maushold-Four||WideLens|FriendGuard|PopulationBomb,Taunt,FollowMe,Protect||||||50|,,,,,Normal
|showteam|p2|Volcarona||SitrusBerry|FlameBody|FieryDance,StruggleBug,Tailwind,RagePowder|||F|||50|,,,,,Dragon]Samurott-Hisui||AssaultVest|Sharpness|AquaCutter,SacredSword,SuckerPunch,FlipTurn|||M|||50|,,,,,Poison]Gholdengo||Leftovers|GoodasGold|MakeItRain,ShadowBall,NastyPlot,Protect||||||50|,,,,,Water]Sneasler||PsychicSeed|Unburden|DireClaw,CloseCombat,ThroatChop,Protect|||F|||50|,,,,,Dark]Ursaluna-Bloodmoon||LifeOrb|MindsEye|BloodMoon,HyperVoice,EarthPower,Protect|||M|||50|,,,,,Normal]Indeedee||FocusSash|PsychicSurge|ExpandingForce,TeraBlast,Imprison,TrickRoom|||M|||50|,,,,,Fighting
|inactive|Battle timer is ON: inactive players will automatically lose when time's up. (requested by Sanjo4 2.0)
|
|t:|1755463973
|teamsize|p1|4
|teamsize|p2|4
|start
|switch|p1a: Whimsicott|Whimsicott, L50, M|100/100
|switch|p1b: Ursaluna|Ursaluna-Bloodmoon, L50, M|100/100
|switch|p2a: Job Application|Indeedee, L50, M, shiny|100/100
|switch|p2b: Diva|Sneasler, L50, F, shiny|100/100
|-fieldstart|move: Psychic Terrain|[from] ability: Psychic Surge|[of] p2a: Job Application
|-enditem|p2b: Diva|Psychic Seed
|-boost|p2b: Diva|spd|1|[from] item: Psychic Seed
|turn|1
|inactive|uglybeast has 30 seconds left.
|
|t:|1755464007
|move|p1b: Ursaluna|Protect|p1b: Ursaluna
|-singleturn|p1b: Ursaluna|Protect
|move|p1a: Whimsicott|Tailwind|p1a: Whimsicott
|-sidestart|p1: Sanjo4 2.0|move: Tailwind
|move|p2b: Diva|Close Combat|p1b: Ursaluna
|-activate|p1b: Ursaluna|move: Protect
|move|p2a: Job Application|Expanding Force|p1a: Whimsicott|[spread] p1a
|-activate|p1b: Ursaluna|move: Protect
|-damage|p1a: Whimsicott|22/100
|
|upkeep
|turn|2
|inactive|Sanjo4 2.0 has 30 seconds left.
|inactive|uglybeast has 30 seconds left.
|inactive|Sanjo4 2.0 has 20 seconds left.
|inactive|uglybeast has 20 seconds left.
|
|t:|1755464046
|switch|p1b: Typhlosion|Typhlosion-Hisui, L50, F|100/100
|move|p2b: Diva|Close Combat|p1b: Typhlosion
|-immune|p1b: Typhlosion
|move|p1a: Whimsicott|Moonblast|p2a: Job Application
|-damage|p2a: Job Application|56/100
|-unboost|p2a: Job Application|spa|1
|move|p2a: Job Application|Expanding Force|p1b: Typhlosion|[spread] p1a,p1b
|-damage|p1a: Whimsicott|0 fnt
|-damage|p1b: Typhlosion|49/100
|faint|p1a: Whimsicott
|
|upkeep
|inactive|Sanjo4 2.0 has 30 seconds left.
|
|t:|1755464073
|switch|p1a: Maushold|Maushold-Four, L50|100/100
|turn|3
|inactive|uglybeast has 30 seconds left.
|
|t:|1755464107
|-terastallize|p1b: Typhlosion|Fire
|move|p2b: Diva|Protect|p2b: Diva
|-singleturn|p2b: Diva|Protect
|move|p1a: Maushold|Follow Me|p1a: Maushold
|-singleturn|p1a: Maushold|move: Follow Me
|move|p1b: Typhlosion|Heat Wave|p2b: Diva|[spread] p2a
|-activate|p2b: Diva|move: Protect
|-damage|p2a: Job Application|0 fnt
|faint|p2a: Job Application
|
|upkeep
|
|t:|1755464115
|switch|p2a: Gillette|Samurott-Hisui, L50, M, shiny|100/100
|turn|4
|
|t:|1755464135
|move|p1a: Maushold|Protect|p1a: Maushold
|-singleturn|p1a: Maushold|Protect
|move|p2b: Diva|Close Combat|p1a: Maushold
|-activate|p1a: Maushold|move: Protect
|move|p1b: Typhlosion|Heat Wave|p2b: Diva|[spread] p2a,p2b
|-resisted|p2a: Gillette
|-damage|p2a: Gillette|70/100
|-damage|p2b: Diva|38/100
|move|p2a: Gillette|Aqua Cutter|p1b: Typhlosion
|-supereffective|p1b: Typhlosion
|-damage|p1b: Typhlosion|0 fnt
|faint|p1b: Typhlosion
|
|-sideend|p1: Sanjo4 2.0|move: Tailwind
|upkeep
|
|t:|1755464144
|switch|p1b: Ursaluna|Ursaluna-Bloodmoon, L50, M|100/100
|turn|5
|
|t:|1755464166
|move|p1a: Maushold|Protect||[still]
|-fail|p1a: Maushold
|move|p2b: Diva|Close Combat|p1a: Maushold
|-supereffective|p1a: Maushold
|-damage|p1a: Maushold|0 fnt
|-unboost|p2b: Diva|def|1
|-unboost|p2b: Diva|spd|1
|faint|p1a: Maushold
|move|p2a: Gillette|Aqua Cutter|p1b: Ursaluna
|-supereffective|p1b: Ursaluna
|-crit|p1b: Ursaluna
|-damage|p1b: Ursaluna|0 fnt
|faint|p1b: Ursaluna
|
|win|uglybeast
|raw|Sanjo4 2.0's rating: 1190 → 1172(-18 for losing)
|raw|uglybeast's rating: 1287 → 1305(+18 for winning)
