|j|☆ChickenZX
|j|☆izmatti
|html|ChickenZXizmatti    
|uhtml|bestof|Game 2 of a best-of-3
|t:|1757831353
|gametype|doubles
|player|p1|ChickenZX|fisherman-gen4|
|player|p2|izmatti|266|
|gen|9
|tier|[Gen 9] VGC 2025 Reg H (Bo3)
|rule|Species Clause: Limit one of each Pokémon
|rule|Item Clause: Limit 1 of each item
|clearpoke
|poke|p1|Lilligant-Hisui, L50, F|
|poke|p1|Torkoal, L50, M|
|poke|p1|Ursaluna-Bloodmoon, L50, M|
|poke|p1|Dragonite, L50, M|
|poke|p1|Rillaboom, L50, M|
|poke|p1|Kingambit, L50, M|
|poke|p2|Corviknight, L50, M|
|poke|p2|Tyranitar, L50, M|
|poke|p2|Excadrill, L50, F|
|poke|p2|Annihilape, L50, M|
|poke|p2|Indeedee-F, L50, F|
|poke|p2|Delphox, L50, M|
|teampreview|4
|showteam|p1|Lilligant-Hisui||FocusSash|Chlorophyll|CloseCombat,TripleAxel,SolarBlade,AfterYou|||F|||50|,,,,,Ghost]Torkoal||Charcoal|Drought|Eruption,WeatherBall,HelpingHand,Protect|||M|||50|,,,,,Fire]Ursaluna-Bloodmoon||LifeOrb|MindsEye|BloodMoon,HyperVoice,EarthPower,Protect|||M|||50|,,,,,Normal]Dragonite||LoadedDice|Multiscale|ScaleShot,Protect,Tailwind,Haze|||M|||50|,,,,,Fairy]Rillaboom||AssaultVest|GrassySurge|WoodHammer,GrassyGlide,HighHorsepower,FakeOut|||M|||50|,,,,,Fire]Kingambit||SafetyGoggles|Defiant|KowtowCleave,SuckerPunch,SwordsDance,Protect|||M|||50|,,,,,Dark
|showteam|p2|Corviknight||PsychicSeed|MirrorArmor|BraveBird,PowerTrip,BulkUp,Roost|||M|||50|,,,,,Dragon]Tyranitar||AssaultVest|SandStream|TeraBlast,RockSlide,LowKick,KnockOff|||M|||50|,,,,,Flying]Excadrill||FocusSash|SandRush|SwordsDance,IronHead,Earthquake,Protect|||F|||50|,,,,,Ground]Annihilape||SafetyGoggles|Defiant|CloseCombat,Protect,FinalGambit,RageFist|||M|||50|,,,,,Grass]Indeedee-F||RockyHelmet|PsychicSurge|FollowMe,HelpingHand,TrickRoom,AlluringVoice|||F|||50|,,,,,Flying]Delphox||LifeOrb|Blaze|ExpandingForce,HeatWave,Protect,TeraBlast|||M|||50|,,,,,Fighting
|inactive|Battle timer is ON: inactive players will automatically lose when time's up. (requested by ChickenZX)
|inactive|izmatti has 60 seconds left.
|inactive|izmatti has 30 seconds left.
|
|t:|1757831416
|teamsize|p1|4
|teamsize|p2|4
|start
|switch|p1a: Ursaluna|Ursaluna-Bloodmoon, L50, M|100/100
|switch|p1b: Dragonite|Dragonite, L50, M|100/100
|switch|p2a: Annihilape|Annihilape, L50, M|100/100
|switch|p2b: Delphox|Delphox, L50, M|100/100
|turn|1
|
|t:|1757831438
|move|p2b: Delphox|Protect|p2b: Delphox
|-singleturn|p2b: Delphox|Protect
|move|p2a: Annihilape|Final Gambit|p1b: Dragonite
|-damage|p1b: Dragonite|0 fnt
|faint|p2a: Annihilape
|faint|p1b: Dragonite
|move|p1a: Ursaluna|Earth Power|p2b: Delphox
|-activate|p2b: Delphox|move: Protect
|
|upkeep
|
|t:|1757831446
|switch|p2a: Indeedee|Indeedee-F, L50, F|100/100
|switch|p1b: Lilligant|Lilligant-Hisui, L50, F, shiny|100/100
|-fieldstart|move: Psychic Terrain|[from] ability: Psychic Surge|[of] p2a: Indeedee
|turn|2
|inactive|izmatti has 30 seconds left.
|
|t:|1757831472
|-terastallize|p2b: Delphox|Fighting
|move|p2a: Indeedee|Helping Hand|p2b: Delphox
|-singleturn|p2b: Delphox|Helping Hand|[of] p2a: Indeedee
|move|p1b: Lilligant|After You|p1a: Ursaluna
|-activate|p1a: Ursaluna|move: After You
|move|p1a: Ursaluna|Earth Power|p2b: Delphox
|-damage|p2b: Delphox|22/100
|-damage|p1a: Ursaluna|90/100|[from] item: Life Orb
|move|p2b: Delphox|Expanding Force|p1b: Lilligant|[spread] p1a,p1b
|-supereffective|p1b: Lilligant
|-damage|p1a: Ursaluna|0 fnt
|-enditem|p1b: Lilligant|Focus Sash
|-damage|p1b: Lilligant|1/100
|faint|p1a: Ursaluna
|-damage|p2b: Delphox|12/100|[from] item: Life Orb
|
|upkeep
|
|t:|1757831478
|switch|p1a: Torkoal|Torkoal, L50, M|100/100
|-weather|SunnyDay|[from] ability: Drought|[of] p1a: Torkoal
|turn|3
|
|t:|1757831495
|move|p2b: Delphox|Protect|p2b: Delphox
|-singleturn|p2b: Delphox|Protect
|move|p1b: Lilligant|Solar Blade||[still]
|-prepare|p1b: Lilligant|Solar Blade
|-anim|p1b: Lilligant|Solar Blade|p2b: Delphox
|-activate|p2b: Delphox|move: Protect
|move|p2a: Indeedee|Alluring Voice|p1b: Lilligant
|-supereffective|p1b: Lilligant
|-damage|p1b: Lilligant|0 fnt
|faint|p1b: Lilligant
|move|p1a: Torkoal|Weather Ball|p2b: Delphox
|-activate|p2b: Delphox|move: Protect
|
|-weather|SunnyDay|[upkeep]
|upkeep
|turn|4
|
|t:|1757831508
|move|p2a: Indeedee|Helping Hand|p2b: Delphox
|-singleturn|p2b: Delphox|Helping Hand|[of] p2a: Indeedee
|move|p2b: Delphox|Expanding Force|p1a: Torkoal
|-damage|p1a: Torkoal|0 fnt
|faint|p1a: Torkoal
|-damage|p2b: Delphox|2/100|[from] item: Life Orb
|
|win|izmatti
||ChickenZX is ready for game 3.
||izmatti is ready for game 3.
|uhtml|next|Next: Game 3 of 3
|l|☆izmatti
|player|p2|
