|j|☆geardox
|j|☆MinasDevilCrobats
|html|geardoxMinasDevilCrobats    
|uhtml|bestof|Game 1 of a best-of-3
|t:|1756570725
|gametype|doubles
|player|p1|geardox|cyclist|1101
|player|p2|MinasDevilCrobats|darach-caitlin|1182
|gen|9
|tier|[Gen 9] VGC 2025 Reg H (Bo3)
|rated|
|rule|Species Clause: Limit one of each Pokémon
|rule|Item Clause: Limit 1 of each item
|clearpoke
|poke|p1|Sneasler, L50, M|
|poke|p1|Garchomp, L50, M|
|poke|p1|Corviknight, L50, F|
|poke|p1|Archaludon, L50, M|
|poke|p1|Amoonguss, L50, F|
|poke|p1|Incineroar, L50, F|
|poke|p2|Indeedee, L50, M|
|poke|p2|Sneasler, L50, F|
|poke|p2|Ursaluna-Bloodmoon, L50, M|
|poke|p2|Pelipper, L50, M|
|poke|p2|Archaludon, L50, M|
|poke|p2|Basculegion, L50, M|
|teampreview|4
|showteam|p1|Sneasler||FocusSash|Unburden|DireClaw,CloseCombat,ThroatChop,Coaching|||M|||50|,,,,,Ghost]Garchomp||LifeOrb|RoughSkin|Protect,Earthquake,DragonClaw,StompingTantrum|||M|||50|,,,,,Ground]Corviknight||SitrusBerry|MirrorArmor|BraveBird,Tailwind,Roost,IronHead|||F|||50|,,,,,Fire]Archaludon||PowerHerb|Stamina|Protect,DracoMeteor,FlashCannon,ElectroShot|||M|||50|,,,,,Dragon]Amoonguss||RockyHelmet|Regenerator|ClearSmog,RagePowder,Spore,PollenPuff|||F|||50|,,,,,Water]Incineroar||AssaultVest|Intimidate|KnockOff,FlareBlitz,FakeOut,Uturn|||F|||50|,,,,,Ghost
|showteam|p2|Indeedee||ChoiceScarf|PsychicSurge|ExpandingForce,DazzlingGleam,Trick,Protect|||M|||50|,,,,,Psychic]Sneasler||PsychicSeed|Unburden|CloseCombat,DireClaw,ThroatChop,Protect|||F|||50|,,,,,Dark]Ursaluna-Bloodmoon||LifeOrb|MindsEye|BloodMoon,HyperVoice,EarthPower,Protect|||M|||50|,,,,,Normal]Pelipper||FocusSash|Drizzle|Hurricane,WeatherBall,Tailwind,Protect|||M|||50|,,,,,Ghost]Archaludon||AssaultVest|Stamina|ElectroShot,BodyPress,FlashCannon,DracoMeteor|||M|||50|,,,,,Grass]Basculegion||ChoiceBand|SwiftSwim|WaveCrash,LastRespects,FlipTurn,AquaJet|||M|||50|,,,,,Ghost
|inactive|Battle timer is ON: inactive players will automatically lose when time's up. (requested by geardox)
|inactive|geardox has 60 seconds left.
|inactive|MinasDevilCrobats has 60 seconds left.
|
|t:|1756570765
|teamsize|p1|4
|teamsize|p2|4
|start
|switch|p1a: Incineroar|Incineroar, L50, F|100/100
|switch|p1b: Riku|Sneasler, L50, M|100/100
|switch|p2a: Indeedee|Indeedee, L50, M|100/100
|switch|p2b: Sneasler|Sneasler, L50, F|100/100
|-fieldstart|move: Psychic Terrain|[from] ability: Psychic Surge|[of] p2a: Indeedee
|-enditem|p2b: Sneasler|Psychic Seed
|-boost|p2b: Sneasler|spd|1|[from] item: Psychic Seed
|-ability|p1a: Incineroar|Intimidate|boost
|-unboost|p2a: Indeedee|atk|1
|-unboost|p2b: Sneasler|atk|1
|turn|1
|inactive|geardox has 30 seconds left.
|inactive|geardox has 20 seconds left.
|
|t:|1756570800
|move|p2b: Sneasler|Throat Chop|p1b: Riku
|-resisted|p1b: Riku
|-damage|p1b: Riku|84/100
|-start|p1b: Riku|Throat Chop|[silent]
|move|p2a: Indeedee|Expanding Force|p1a: Incineroar|[spread] p1b
|-immune|p1a: Incineroar
|-supereffective|p1b: Riku
|-damage|p1b: Riku|0 fnt
|faint|p1b: Riku
|move|p1a: Incineroar|U-turn|p2a: Indeedee
|-supereffective|p2a: Indeedee
|-damage|p2a: Indeedee|17/100
|
|t:|1756570810
|switch|p1a: Stinky Pete|Garchomp, L50, M|100/100|[from] U-turn
|
|upkeep
|
|t:|1756570813
|switch|p1b: Chica|Corviknight, L50, F|100/100
|turn|2
|
|t:|1756570819
|switch|p2b: Pelipper|Pelipper, L50, M|100/100
|-weather|RainDance|[from] ability: Drizzle|[of] p2b: Pelipper
|-terastallize|p1a: Stinky Pete|Ground
|move|p2a: Indeedee|Expanding Force|p1b: Chica|[spread] p1a,p1b
|-resisted|p1b: Chica
|-damage|p1a: Stinky Pete|40/100
|-damage|p1b: Chica|79/100
|move|p1a: Stinky Pete|Earthquake|p2a: Indeedee|[spread] p2a
|-immune|p1b: Chica
|-immune|p2b: Pelipper
|-damage|p2a: Indeedee|0 fnt
|faint|p2a: Indeedee
|-damage|p1a: Stinky Pete|30/100|[from] item: Life Orb
|move|p1b: Chica|Tailwind|p1b: Chica
|-sidestart|p1: geardox|move: Tailwind
|
|-weather|RainDance|[upkeep]
|upkeep
|
|t:|1756570834
|switch|p2a: Sneasler|Sneasler, L50, F|100/100
|turn|3
|
|t:|1756570845
|move|p2a: Sneasler|Protect|p2a: Sneasler
|-singleturn|p2a: Sneasler|Protect
|move|p1a: Stinky Pete|Stomping Tantrum|p2a: Sneasler
|-activate|p2a: Sneasler|move: Protect
|move|p1b: Chica|Brave Bird|p2b: Pelipper
|-damage|p2b: Pelipper|47/100
|-damage|p1b: Chica|68/100|[from] Recoil
|move|p2b: Pelipper|Tailwind|p2b: Pelipper
|-sidestart|p2: MinasDevilCrobats|move: Tailwind
|
|-weather|RainDance|[upkeep]
|upkeep
|turn|4
|
|t:|1756570858
|move|p1a: Stinky Pete|Protect|p1a: Stinky Pete
|-singleturn|p1a: Stinky Pete|Protect
|move|p2a: Sneasler|Close Combat|p1a: Stinky Pete
|-activate|p1a: Stinky Pete|move: Protect
|move|p2b: Pelipper|Weather Ball|p1b: Chica
|-damage|p1b: Chica|16/100
|-enditem|p1b: Chica|Sitrus Berry|[eat]
|-heal|p1b: Chica|41/100|[from] item: Sitrus Berry
|move|p1b: Chica|Brave Bird|p2a: Sneasler
|-supereffective|p2a: Sneasler
|-damage|p2a: Sneasler|0 fnt
|faint|p2a: Sneasler
|-damage|p1b: Chica|16/100|[from] Recoil
|
|-weather|RainDance|[upkeep]
|upkeep
|
|t:|1756570869
|switch|p2a: Archaludon|Archaludon, L50, M|100/100
|turn|5
|
|t:|1756570879
|-terastallize|p2a: Archaludon|Grass
|move|p1a: Stinky Pete|Stomping Tantrum|p2a: Archaludon
|-resisted|p2a: Archaludon
|-damage|p2a: Archaludon|74/100
|-ability|p2a: Archaludon|Stamina|boost
|-boost|p2a: Archaludon|def|1
|-damage|p1a: Stinky Pete|20/100|[from] item: Life Orb
|move|p2b: Pelipper|Weather Ball|p1a: Stinky Pete
|-supereffective|p1a: Stinky Pete
|-damage|p1a: Stinky Pete|0 fnt
|faint|p1a: Stinky Pete
|move|p2a: Archaludon|Electro Shot||[still]
|-prepare|p2a: Archaludon|Electro Shot
|-boost|p2a: Archaludon|spa|1
|-anim|p2a: Archaludon|Electro Shot|p1b: Chica
|-supereffective|p1b: Chica
|-damage|p1b: Chica|0 fnt
|faint|p1b: Chica
|
|-weather|RainDance|[upkeep]
|-sideend|p1: geardox|move: Tailwind
|-fieldend|move: Psychic Terrain
|upkeep
|
|t:|1756570897
|switch|p1b: Incineroar|Incineroar, L50, F|100/100
|-ability|p1b: Incineroar|Intimidate|boost
|-unboost|p2a: Archaludon|atk|1
|-unboost|p2b: Pelipper|atk|1
|turn|6
|
|t:|1756570911
|move|p2b: Pelipper|Weather Ball|p1b: Incineroar
|-supereffective|p1b: Incineroar
|-damage|p1b: Incineroar|15/100
|move|p2a: Archaludon|Body Press|p1b: Incineroar
|-supereffective|p1b: Incineroar
|-damage|p1b: Incineroar|0 fnt
|faint|p1b: Incineroar
|
|win|MinasDevilCrobats
||geardox is ready for game 2.
||MinasDevilCrobats is ready for game 2.
|uhtml|next|Next: Game 2 of 3
