|j|☆wingblade33
|j|☆axolotlwooper
|html|wingblade33axolotlwooper    
|uhtml|bestof|Game 3 of a best-of-3
|t:|1784319940
|gametype|doubles
|player|p1|wingblade33|2|1193
|player|p2|axolotlwooper|linebacker|1213
|gen|9
|tier|[Gen 9 Champions] VGC 2026 Reg M-B (Bo3)
|rated|
|rule|Species Clause: Limit one of each Pokémon
|rule|Item Clause: Limit 1 of each item
|clearpoke
|poke|p1|Tyranitar, L50, F|
|poke|p1|Incineroar, L50, M|
|poke|p1|Sinistcha, L50|
|poke|p1|Gholdengo, L50|
|poke|p1|Excadrill, L50, M|
|poke|p1|Staraptor, L50, M|
|poke|p2|Gardevoir, L50, M, shiny|
|poke|p2|Maushold, L50|
|poke|p2|Kingambit, L50, F, shiny|
|poke|p2|Talonflame, L50, F, shiny|
|poke|p2|Basculegion, L50, M|
|poke|p2|Kommo-o, L50, M|
|teampreview|4
|showteam|p1|Tyranitar||Tyranitarite|SandStream|KnockOff,DragonDance,RockSlide,Protect|Adamant||F|||50|]Incineroar||SitrusBerry|Intimidate|FakeOut,PartingShot,DarkestLariat,FlareBlitz|Careful||M|||50|]Sinistcha||KasibBerry|Hospitality|MatchaGotcha,Protect,RagePowder,TrickRoom|Calm|||||50|]Gholdengo||LifeOrb|GoodasGold|MakeItRain,ShadowBall,NastyPlot,Protect|Modest|||||50|]Excadrill||FocusSash|SandRush|HighHorsepower,IronHead,RockSlide,Protect|Adamant||M|||50|]Staraptor||Staraptite|Intimidate|CloseCombat,BraveBird,Roost,Protect|Jolly||M|||50|
|showteam|p2|Gardevoir||Gardevoirite|Trace|HyperVoice,Psychic,Thunderbolt,Protect|Modest||M|||50|]Maushold||FocusSash|FriendGuard|SuperFang,Feint,FollowMe,Protect|Jolly|||||50|]Kingambit||ExpertBelt|Defiant|KowtowCleave,LowKick,SuckerPunch,IronHead|Adamant||F|||50|]Talonflame||SharpBeak|GaleWings|DualWingbeat,FlareBlitz,Tailwind,Protect|Jolly||F|||50|]Basculegion||ChoiceScarf|Adaptability|WaveCrash,AquaJet,FlipTurn,LastRespects|Jolly||M|||50|]Kommo-o||LifeOrb|Soundproof|ClangingScales,DracoMeteor,AuraSphere,Protect|Modest||M|||50|
|inactive|Battle timer is ON: inactive players will automatically lose when time's up. (requested by axolotlwooper)
|inactive|wingblade33 has 60 seconds left.
|inactive|axolotlwooper has 60 seconds left.
|
|t:|1784319990
|teamsize|p1|4
|teamsize|p2|4
|start
|switch|p1a: Staraptor|Staraptor, L50, M|100/100
|switch|p1b: Gholdengo|Gholdengo, L50|100/100
|switch|p2a: Maushold|Maushold, L50|100/100
|switch|p2b: Gardevoir|Gardevoir, L50, M, shiny|100/100
|-ability|p1a: Staraptor|Intimidate|boost
|-unboost|p2a: Maushold|atk|1
|-unboost|p2b: Gardevoir|atk|1
|-ability|p2b: Gardevoir|Intimidate|Trace|[from] ability: Trace|[of] p1a: Staraptor
|-ability|p2b: Gardevoir|Intimidate|boost
|-unboost|p1a: Staraptor|atk|1
|-unboost|p1b: Gholdengo|atk|1
|turn|1
|inactive|axolotlwooper has 30 seconds left.
|
|t:|1784320019
|detailschange|p1a: Staraptor|Staraptor-Mega, L50, M
|-mega|p1a: Staraptor|Staraptor|Staraptite
|detailschange|p2b: Gardevoir|Gardevoir-Mega, L50, M, shiny
|-mega|p2b: Gardevoir|Gardevoir|Gardevoirite
|move|p2a: Maushold|Super Fang|p1a: Staraptor
|-damage|p1a: Staraptor|50/100y
|move|p1a: Staraptor|Close Combat|p2a: Maushold
|-supereffective|p2a: Maushold|1
|-enditem|p2a: Maushold|Focus Sash
|-damage|p2a: Maushold|1/100
|-boost|p1a: Staraptor|def|1
|-boost|p1a: Staraptor|spd|1
|move|p2b: Gardevoir|Hyper Voice|p1b: Gholdengo|[spread] p1a,p1b
|-supereffective|p1a: Staraptor|1
|-resisted|p1b: Gholdengo|1
|-damage|p1a: Staraptor|0 fnt
|-damage|p1b: Gholdengo|73/100
|faint|p1a: Staraptor
|move|p1b: Gholdengo|Make It Rain|p2a: Maushold|[spread] p2a,p2b
|-supereffective|p2b: Gardevoir|1
|-damage|p2a: Maushold|0 fnt
|-damage|p2b: Gardevoir|6/100
|-unboost|p1b: Gholdengo|spa|2
|faint|p2a: Maushold
|-damage|p1b: Gholdengo|63/100|[from] item: Life Orb
|
|upkeep
|inactive|axolotlwooper has 30 seconds left.
|
|t:|1784320044
|switch|p2a: Basculegion|Basculegion, L50, M|100/100
|switch|p1a: Excadrill|Excadrill, L50, M|100/100
|turn|2
|
|t:|1784320068
|switch|p1b: Tyranitar|Tyranitar, L50, F|100/100
|-weather|Sandstorm|[from] ability: Sand Stream|[of] p1b: Tyranitar
|move|p2b: Gardevoir|Protect|p2b: Gardevoir
|-singleturn|p2b: Gardevoir|Protect
|move|p1a: Excadrill|Rock Slide|p2b: Gardevoir|[spread] p2a
|-activate|p2b: Gardevoir|move: Protect
|-damage|p2a: Basculegion|73/100
|cant|p2a: Basculegion|flinch
|
|-weather|Sandstorm|[upkeep]
|-damage|p2a: Basculegion|67/100|[from] Sandstorm
|-damage|p2b: Gardevoir|0 fnt|[from] Sandstorm
|faint|p2b: Gardevoir
|upkeep
|
|t:|1784320082
|switch|p2b: Kommo-o|Kommo-o, L50, M|100/100
|turn|3
|inactive|wingblade33 has 30 seconds left.
|inactive|wingblade33 has 20 seconds left.
|inactive|wingblade33 has 15 seconds left.
|
|t:|1784320123
|move|p1a: Excadrill|High Horsepower|p2a: Basculegion
|-damage|p2a: Basculegion|0 fnt
|faint|p2a: Basculegion
|move|p2b: Kommo-o|Aura Sphere|p1b: Tyranitar
|-supereffective|p1b: Tyranitar|2
|-damage|p1b: Tyranitar|0 fnt
|faint|p1b: Tyranitar
|-damage|p2b: Kommo-o|90/100|[from] item: Life Orb
|
|-weather|Sandstorm|[upkeep]
|-damage|p2b: Kommo-o|84/100|[from] Sandstorm
|upkeep
|
|t:|1784320133
|switch|p1b: Gholdengo|Gholdengo, L50|63/100
|turn|4
|
|t:|1784320151
|move|p1a: Excadrill|High Horsepower|p2b: Kommo-o
|-damage|p2b: Kommo-o|33/100
|move|p2b: Kommo-o|Aura Sphere|p1a: Excadrill
|-supereffective|p1a: Excadrill|1
|-enditem|p1a: Excadrill|Focus Sash
|-damage|p1a: Excadrill|1/100
|-damage|p2b: Kommo-o|23/100|[from] item: Life Orb
|move|p1b: Gholdengo|Shadow Ball|p2b: Kommo-o
|-damage|p2b: Kommo-o|0 fnt
|faint|p2b: Kommo-o
|-damage|p1b: Gholdengo|53/100|[from] item: Life Orb
|
|win|wingblade33
|raw|wingblade33's rating: 1193 → 1219(+26 for winning)
|raw|axolotlwooper's rating: 1213 → 1187(-26 for losing)
