|j|Ōśåaxcoquette
|j|Ōśågenkiwashere
|html|axcoquettegenkiwashere    
|uhtml|bestof|Game 1 of a best-of-3
|t:|1783886257
|gametype|doubles
|player|p1|axcoquette|maid|1139
|player|p2|genkiwashere|169|1047
|gen|9
|tier|[Gen 9 Champions] VGC 2026 Reg M-B (Bo3)
|rated|
|rule|Species Clause: Limit one of each Pok├®mon
|rule|Item Clause: Limit 1 of each item
|clearpoke
|poke|p1|Delphox, L50, M|
|poke|p1|Sneasler, L50, M|
|poke|p1|Sinistcha, L50|
|poke|p1|Incineroar, L50, M|
|poke|p1|Kingambit, L50, F|
|poke|p1|Floette-Eternal, L50, F|
|poke|p2|Gardevoir, L50, M|
|poke|p2|Sylveon, L50, F|
|poke|p2|Primarina, L50, M|
|poke|p2|Rotom-Mow, L50|
|poke|p2|Tauros-Paldea-Blaze, L50, M|
|poke|p2|Dragonite, L50, M|
|teampreview|4
|showteam|p1|Delphox||Delphoxite|Blaze|NastyPlot,HeatWave,Psychic|Timid||M|||50|]Sneasler||FocusSash|PoisonTouch|FakeOut,PoisonJab,CloseCombat,Protect|Jolly||M|||50|]Sinistcha||KasibBerry|Hospitality|Protect,RagePowder,MatchaGotcha,LifeDew|Bold|||||50|]Incineroar||SitrusBerry|Intimidate|FakeOut,FlareBlitz,HelpingHand,PartingShot|Careful||M|||50|]Kingambit||BlackGlasses|Defiant|KowtowCleave,SwordsDance,SuckerPunch,Protect|Adamant||F|||50|]Floette-Eternal||Floettite|FlowerVeil|Moonblast,DazzlingGleam,CalmMind,Protect|Modest||F|||50|
|showteam|p2|Gardevoir||Gardevoirite|Trace|Round,HyperVoice,Thunderbolt,AuraSphere|Timid||M|||50|]Sylveon||KebiaBerry|Pixilate|Round,Roar,HyperVoice,ShadowBall|Modest||F|||50|]Primarina||WacanBerry|LiquidVoice|Round,HyperVoice,IceBeam,WeatherBall|Modest||M|||50|]Rotom-Mow||Leftovers|Levitate|ShadowBall,Thunderbolt,LeafStorm,WillOWisp|Timid|||||50|]Tauros-Paldea-Blaze||ExpertBelt|Intimidate|DrillRun,CloseCombat,RagingBull,FlareBlitz|Jolly||M|||50|]Dragonite||Dragoninite|Multiscale|DracoMeteor,FocusBlast,Hurricane,HydroPump|Modest||M|||50|
|inactive|Battle timer is ON: inactive players will automatically lose when time's up. (requested by axcoquette)
|inactive|axcoquette has 60 seconds left.
|c|Ōśågenkiwashere|good luck have fun
|
|t:|1783886296
|teamsize|p1|4
|teamsize|p2|4
|start
|switch|p1a: Floette|Floette-Eternal, L50, F|100/100
|switch|p1b: Sneasler|Sneasler, L50, M|100/100
|switch|p2a: Gardevoir|Gardevoir, L50, M|100/100
|switch|p2b: Sylveon|Sylveon, L50, F|100/100
|-ability|p2a: Gardevoir|Flower Veil|Trace|[from] ability: Trace|[of] p1a: Floette
|turn|1
|c|Ōśåaxcoquette|u2!
|inactive|axcoquette has 30 seconds left.
|c|Ōśågenkiwashere|thanks
|
|t:|1783886323
|detailschange|p2a: Gardevoir|Gardevoir-Mega, L50, M
|-mega|p2a: Gardevoir|Gardevoir|Gardevoirite
|detailschange|p1a: Floette|Floette-Mega, L50, F
|-mega|p1a: Floette|Floette|Floettite
|-ability|p1a: Floette|Fairy Aura
|move|p1b: Sneasler|Poison Jab|p2a: Gardevoir
|-supereffective|p2a: Gardevoir|1
|-damage|p2a: Gardevoir|0 fnt
|faint|p2a: Gardevoir
|move|p1a: Floette|Calm Mind|p1a: Floette
|-boost|p1a: Floette|spa|1
|-boost|p1a: Floette|spd|1
|move|p2b: Sylveon|Round|p1a: Floette
|-damage|p1a: Floette|73/100
|
|upkeep
|
|t:|1783886336
|switch|p2a: Primarina|Primarina, L50, M|100/100
|turn|2
|
|t:|1783886348
|move|p1b: Sneasler|Poison Jab|p2a: Primarina
|-supereffective|p2a: Primarina|1
|-damage|p2a: Primarina|0 fnt
|faint|p2a: Primarina
|move|p1a: Floette|Dazzling Gleam|p2b: Sylveon
|-damage|p2b: Sylveon|41/100
|move|p2b: Sylveon|Hyper Voice|p1b: Sneasler|[spread] p1a,p1b
|-damage|p1a: Floette|45/100
|-damage|p1b: Sneasler|19/100
|
|upkeep
|
|t:|1783886356
|switch|p2a: Rotom|Rotom-Mow, L50|100/100
|turn|3
|
|t:|1783886369
|move|p1b: Sneasler|Poison Jab|p2b: Sylveon
|-supereffective|p2b: Sylveon|1
|-enditem|p2b: Sylveon|Kebia Berry|[eat]
|-enditem|p2b: Sylveon|Kebia Berry|[weaken]
|-damage|p2b: Sylveon|0 fnt
|faint|p2b: Sylveon
|move|p1a: Floette|Moonblast|p2a: Rotom
|-damage|p2a: Rotom|0 fnt
|faint|p2a: Rotom
|
|win|axcoquette
