|j|☆llufamistica
|j|☆DCartaxo
|html|llufamisticaDCartaxo    
|uhtml|bestof|Game 1 of a best-of-3
|t:|1756280648
|gametype|doubles
|player|p1|llufamistica|dragontamer|1065
|player|p2|DCartaxo|wattson|1164
|gen|9
|tier|[Gen 9] VGC 2025 Reg H (Bo3)
|rated|
|rule|Species Clause: Limit one of each Pokémon
|rule|Item Clause: Limit 1 of each item
|clearpoke
|poke|p1|Murkrow, L50, M|
|poke|p1|Garchomp, L50, M|
|poke|p1|Toxtricity, L50, M|
|poke|p1|Zoroark-Hisui, L50, F|
|poke|p1|Indeedee-F, L50, F|
|poke|p1|Annihilape, L50, F|
|poke|p2|Dragapult, L50, F|
|poke|p2|Gallade, L50, M|
|poke|p2|Indeedee, L50, M|
|poke|p2|Murkrow, L50, M|
|poke|p2|Sneasler, L50, M|
|poke|p2|Gothitelle, L50, F|
|teampreview|4
|showteam|p1|Murkrow||Eviolite|Prankster|Tailwind,BraveBird,Quash,Haze|||M|||50|,,,,,Ghost]Garchomp||LifeOrb|RoughSkin|Earthquake,IronHead,RockSlide,Protect|||M|||50|,,,,,Steel]Toxtricity||ChoiceSpecs|PunkRock|Boomburst,Overdrive,VoltSwitch,SludgeBomb|||M|||50|,,,,,Normal]Zoroark-Hisui||FocusSash|Illusion|ShadowBall,Protect,HyperVoice,NastyPlot|||F|||50|,,,,,Stellar]Indeedee-F||SafetyGoggles|Synchronize|FollowMe,HelpingHand,FakeOut,ShadowBall|||F|||50|,,,,,Ghost]Annihilape||ChoiceScarf|Defiant|FinalGambit,HelpingHand,ShadowClaw,CloseCombat|||F|||50|,,,,,Grass
|showteam|p2|Dragapult||ChoiceBand|ClearBody|DragonDarts,Outrage,PhantomForce,TeraBlast|||F|||50|,,,,,Dragon]Gallade||ClearAmulet|Sharpness|PsychoCut,SacredSword,Protect,AquaCutter|||M|||50|,,,,,Water]Indeedee||ChoiceScarf|PsychicSurge|ExpandingForce,Trick,ShadowBall,Psychic|||M|||50|,,,,,Psychic]Murkrow||CovertCloak|Prankster|Tailwind,Taunt,Haze,FoulPlay|||M|||50|,,,,,Ghost]Sneasler||PsychicSeed|Unburden|CloseCombat,DireClaw,Protect,ThroatChop|||M|||50|,,,,,Dark]Gothitelle||SitrusBerry|ShadowTag|HelpingHand,Psychic,Taunt,TrickRoom|||F|||50|,,,,,Dark
|inactive|Battle timer is ON: inactive players will automatically lose when time's up. (requested by llufamistica)
|inactive|llufamistica has 60 seconds left.
|inactive|llufamistica has 30 seconds left.
|inactive|llufamistica has 20 seconds left.
|inactive|llufamistica has 15 seconds left.
|inactive|llufamistica has 10 seconds left.
|
|t:|1756280736
|teamsize|p1|4
|teamsize|p2|4
|start
|switch|p1a: Murkrow|Murkrow, L50, M, shiny|100/100
|switch|p1b: Annihilape|Annihilape, L50, F, shiny|100/100
|switch|p2a: Murkrow|Murkrow, L50, M|100/100
|switch|p2b: Dragapult|Dragapult, L50, F|100/100
|turn|1
|inactive|llufamistica has 30 seconds left.
|inactive|DCartaxo has 30 seconds left.
|inactive|llufamistica has 20 seconds left.
|inactive|DCartaxo has 20 seconds left.
|inactive|llufamistica has 15 seconds left.
|inactive|DCartaxo has 15 seconds left.
|inactive|llufamistica has 10 seconds left.
|inactive|DCartaxo has 10 seconds left.
|inactive|llufamistica has 5 seconds left.
|
|t:|1756280790
|move|p2a: Murkrow|Tailwind|p2a: Murkrow
|-sidestart|p2: DCartaxo|move: Tailwind
|move|p1a: Murkrow|Tailwind|p1a: Murkrow
|-sidestart|p1: llufamistica|move: Tailwind
|move|p1b: Annihilape|Shadow Claw|p2b: Dragapult
|-supereffective|p2b: Dragapult
|-crit|p2b: Dragapult
|-damage|p2b: Dragapult|0 fnt
|faint|p2b: Dragapult
|
|upkeep
|
|t:|1756280797
|switch|p2b: Indeedee|Indeedee, L50, M|100/100
|-fieldstart|move: Psychic Terrain|[from] ability: Psychic Surge|[of] p2b: Indeedee
|turn|2
|c|☆DCartaxo|of course it would had to be a critical hit....
|c|☆DCartaxo|of courseeeeee.
|inactive|llufamistica has 30 seconds left.
|
|t:|1756280823
|-terastallize|p2b: Indeedee|Psychic
|-terastallize|p1b: Annihilape|Grass
|move|p2b: Indeedee|Expanding Force|p1a: Murkrow|[spread] p1b
|-immune|p1a: Murkrow
|-damage|p1b: Annihilape|41/100
|move|p1b: Annihilape|Shadow Claw|p2b: Indeedee
|-supereffective|p2b: Indeedee
|-crit|p2b: Indeedee
|-damage|p2b: Indeedee|0 fnt
|faint|p2b: Indeedee
|move|p2a: Murkrow|Foul Play|p1b: Annihilape
|-damage|p1b: Annihilape|0 fnt
|faint|p1b: Annihilape
|move|p1a: Murkrow|Brave Bird|p2a: Murkrow
|-damage|p2a: Murkrow|41/100
|-damage|p1a: Murkrow|83/100|[from] Recoil
|
|upkeep
|c|☆DCartaxo|another one?
|c|☆DCartaxo|ridiculous
|c|☆DCartaxo|no words
|inactive|DCartaxo has 30 seconds left.
|-message|DCartaxo forfeited.
|
|win|llufamistica
||DCartaxo is ready for game 2.
||llufamistica is ready for game 2.
|uhtml|next|Next: Game 2 of 3
|l|☆DCartaxo
|player|p2|
