|j|☆jirkunow
|j|☆viatles
|html|jirkunowviatles    
|uhtml|bestof|Game 2 of a best-of-3
|t:|1756193362
|gametype|doubles
|player|p1|jirkunow|1|1103
|player|p2|viatles|hiker|1033
|gen|9
|tier|[Gen 9] VGC 2025 Reg H (Bo3)
|rated|
|rule|Species Clause: Limit one of each Pokémon
|rule|Item Clause: Limit 1 of each item
|clearpoke
|poke|p1|Sneasler, L50, M|
|poke|p1|Gholdengo, L50|
|poke|p1|Rillaboom, L50, M|
|poke|p1|Incineroar, L50, F|
|poke|p1|Ursaluna, L50, F|
|poke|p1|Electabuzz, L50, M|
|poke|p2|Oricorio-Sensu, L50, F|
|poke|p2|Volcarona, L50, F|
|poke|p2|Sylveon, L50, M|
|poke|p2|Murkrow, L50, F|
|poke|p2|Dragapult, L50, M|
|poke|p2|Baxcalibur, L50, F|
|teampreview|4
|showteam|p1|Sneasler||FocusSash|Pressure|Protect,CloseCombat,Taunt,DireClaw|||M|||50|,,,,,Fighting]Gholdengo||LifeOrb|GoodasGold|MakeItRain,DazzlingGleam,ShadowBall,NastyPlot||||||50|,,,,,Fairy]Rillaboom||AssaultVest|GrassySurge|Uturn,GrassyGlide,FakeOut,DrumBeating|||M|||50|,,,,,Fire]Incineroar||SafetyGoggles|Intimidate|FakeOut,WillOWisp,PartingShot,KnockOff|||F|||50|,,,,,Ghost]Ursaluna||FlameOrb|Guts|DrainPunch,HeadlongRush,Facade,Protect|||F|||50|,,,,,Normal]Electabuzz||Eviolite|Static|Electroweb,FollowMe,Protect,HelpingHand|||M|||50|,,,,,Flying
|showteam|p2|Oricorio-Sensu||FocusSash|Dancer|QuiverDance,BatonPass,RevelationDance,Protect|||F|||50|,,,,,Fighting]Volcarona||SitrusBerry|FlameBody|QuiverDance,GigaDrain,FieryDance,Protect|||F|||50|,,,,,Grass]Sylveon||ChoiceScarf|Pixilate|HyperVoice,TeraBlast,StoredPower,SleepTalk|||M|||50|,,,,,Ground]Murkrow||Eviolite|Prankster|Tailwind,FoulPlay,Haze,FeatherDance|||F|||50|,,,,,Dark]Dragapult||CovertCloak|ClearBody|DragonCheer,DragonDarts,Protect,PhantomForce|||M|||50|,,,,,Stellar]Baxcalibur||LoadedDice|ThermalExchange|IcicleSpear,ScaleShot,GlaiveRush,Protect|||F|||50|,,,,,Grass
|inactive|Battle timer is ON: inactive players will automatically lose when time's up. (requested by viatles)
|
|t:|1756193381
|teamsize|p1|4
|teamsize|p2|4
|start
|switch|p1a: Sneasler|Sneasler, L50, M|100/100
|switch|p1b: Electabuzz|Electabuzz, L50, M|100/100
|switch|p2a: Volcarona|Volcarona, L50, F|100/100
|switch|p2b: Oricorio|Oricorio-Sensu, L50, F|100/100
|-ability|p1a: Sneasler|Pressure
|turn|1
|
|t:|1756193405
|move|p2b: Oricorio|Protect|p2b: Oricorio
|-singleturn|p2b: Oricorio|Protect
|move|p1a: Sneasler|Dire Claw|p2a: Volcarona
|-damage|p2a: Volcarona|56/100
|-status|p1a: Sneasler|brn|[from] ability: Flame Body|[of] p2a: Volcarona
|move|p2a: Volcarona|Quiver Dance|p2a: Volcarona
|-boost|p2a: Volcarona|spa|1
|-boost|p2a: Volcarona|spd|1
|-boost|p2a: Volcarona|spe|1
|-activate|p2b: Oricorio|ability: Dancer
|move|p2b: Oricorio|Quiver Dance|p2b: Oricorio|[from] ability: Dancer
|-boost|p2b: Oricorio|spa|1
|-boost|p2b: Oricorio|spd|1
|-boost|p2b: Oricorio|spe|1
|move|p1b: Electabuzz|Electroweb|p2a: Volcarona|[spread] p2a
|-activate|p2b: Oricorio|move: Protect
|-damage|p2a: Volcarona|48/100
|-unboost|p2a: Volcarona|spe|1
|-enditem|p2a: Volcarona|Sitrus Berry|[eat]
|-heal|p2a: Volcarona|72/100|[from] item: Sitrus Berry
|
|-damage|p1a: Sneasler|95/100 brn|[from] brn
|upkeep
|turn|2
|inactive|jirkunow has 30 seconds left.
|inactive|viatles has 30 seconds left.
|inactive|jirkunow has 20 seconds left.
|
|t:|1756193441
|move|p2b: Oricorio|Revelation Dance|p1b: Electabuzz
|-damage|p1b: Electabuzz|61/100
|move|p1a: Sneasler|Taunt|p2b: Oricorio
|-start|p2b: Oricorio|move: Taunt
|move|p2a: Volcarona|Fiery Dance|p1b: Electabuzz
|-damage|p1b: Electabuzz|17/100
|-activate|p2b: Oricorio|ability: Dancer
|move|p2b: Oricorio|Fiery Dance|p1b: Electabuzz|[from] ability: Dancer
|-damage|p1b: Electabuzz|0 fnt
|-boost|p2b: Oricorio|spa|1
|faint|p1b: Electabuzz
|
|-damage|p1a: Sneasler|89/100 brn|[from] brn
|upkeep
|
|t:|1756193459
|switch|p1b: Ursaluna|Ursaluna, L50, F|100/100
|turn|3
|
|t:|1756193482
|move|p2b: Oricorio|Revelation Dance|p1a: Sneasler
|-damage|p1a: Sneasler|0 fnt
|faint|p1a: Sneasler
|move|p2a: Volcarona|Fiery Dance|p1b: Ursaluna
|-damage|p1b: Ursaluna|44/100
|-activate|p2b: Oricorio|ability: Dancer
|move|p2b: Oricorio|Fiery Dance|p1b: Ursaluna|[from] ability: Dancer
|-damage|p1b: Ursaluna|2/100
|move|p1b: Ursaluna|Headlong Rush|p2a: Volcarona
|-damage|p2a: Volcarona|0 fnt
|-unboost|p1b: Ursaluna|def|1
|-unboost|p1b: Ursaluna|spd|1
|faint|p2a: Volcarona
|
|-status|p1b: Ursaluna|brn|[from] item: Flame Orb
|upkeep
|
|t:|1756193500
|switch|p1a: Incineroar|Incineroar, L50, F|100/100
|switch|p2a: Dragapult|Dragapult, L50, M|100/100
|-ability|p1a: Incineroar|Intimidate|boost
|-fail|p2a: Dragapult|unboost|[from] ability: Clear Body|[of] p2a: Dragapult
|-unboost|p2b: Oricorio|atk|1
|turn|4
|inactive|jirkunow has 30 seconds left.
|
|t:|1756193531
|-terastallize|p2b: Oricorio|Fighting
|move|p2b: Oricorio|Revelation Dance|p1a: Incineroar
|-supereffective|p1a: Incineroar
|-damage|p1a: Incineroar|0 fnt
|faint|p1a: Incineroar
|move|p2a: Dragapult|Dragon Cheer|p2b: Oricorio
|-start|p2b: Oricorio|move: Dragon Cheer
|move|p1b: Ursaluna|Headlong Rush|p2a: Dragapult
|-damage|p2a: Dragapult|0 fnt
|-unboost|p1b: Ursaluna|def|1
|-unboost|p1b: Ursaluna|spd|1
|faint|p2a: Dragapult
|
|-damage|p1b: Ursaluna|0 fnt|[from] brn
|faint|p1b: Ursaluna
|
|win|viatles
|raw|jirkunow's rating: 1103 → 1073(-30 for losing)
|raw|viatles's rating: 1033 → 1075(+42 for winning)
|c|☆viatles|ggs
