|j|☆Orichalcum25
|j|☆Dcironeagle
|html|Orichalcum25Dcironeagle    
|uhtml|bestof|Game 2 of a best-of-3
|t:|1757722754
|gametype|doubles
|player|p1|Orichalcum25|molayne|
|player|p2|Dcironeagle|cueball-gen1rb|
|gen|9
|tier|[Gen 9] VGC 2025 Reg H (Bo3)
|rule|Species Clause: Limit one of each Pokémon
|rule|Item Clause: Limit 1 of each item
|clearpoke
|poke|p1|Gholdengo, L50|
|poke|p1|Dragonite, L50, F|
|poke|p1|Sneasler, L50, M|
|poke|p1|Rillaboom, L50, F|
|poke|p1|Ursaluna, L50, M|
|poke|p1|Porygon2, L50|
|poke|p2|Archaludon, L50, M|
|poke|p2|Typhlosion-Hisui, L50, M|
|poke|p2|Primarina, L50, F|
|poke|p2|Meowscarada, L50, F|
|poke|p2|Ursaluna-Bloodmoon, L50, M|
|poke|p2|Murkrow, L50, F|
|teampreview|4
|showteam|p1|Gholdengo||LifeOrb|GoodasGold|MakeItRain,ShadowBall,NastyPlot,Protect||||||50|,,,,,Water]Dragonite||LoadedDice|Multiscale|ScaleShot,StompingTantrum,Tailwind,Protect|||F|||50|,,,,,Fairy]Sneasler||FocusSash|Unburden|DireClaw,CloseCombat,Coaching,Protect|||M|||50|,,,,,Ghost]Rillaboom||AssaultVest|GrassySurge|GrassyGlide,WoodHammer,FakeOut,HighHorsepower|||F|||50|,,,,,Fire]Ursaluna||FlameOrb|Guts|Facade,Protect,HeadlongRush,Earthquake|||M|||50|,,,,,Ghost]Porygon2||Eviolite|Download|TeraBlast,IceBeam,TrickRoom,Recover||||||50|,,,,,Fighting
|showteam|p2|Archaludon||PowerHerb|Sturdy|ElectroShot,FlashCannon,DracoMeteor,Protect|||M|||50|,,,,,Electric]Typhlosion-Hisui||ChoiceSpecs|Blaze|Eruption,ShadowBall,FirePledge,HeatWave|||M|||50|,,,,,Fire]Primarina||CovertCloak|LiquidVoice|HyperVoice,Moonblast,WaterPledge,Protect|||F|||50|,,,,,Poison]Meowscarada||FocusSash|Protean|KnockOff,GrassPledge,FlowerTrick,Protect|||F|||50|,,,,,Ghost]Ursaluna-Bloodmoon||LifeOrb|MindsEye|HyperVoice,BloodMoon,EarthPower,Protect|||M|||50|,,,,,Normal]Murkrow||Eviolite|Prankster|Tailwind,SunnyDay,RainDance,FoulPlay|||F|||50|,,,,,Ghost
|inactive|Battle timer is ON: inactive players will automatically lose when time's up. (requested by Dcironeagle)
|inactive|Dcironeagle has 60 seconds left.
|j| LinkLegends11
|
|t:|1757722794
|teamsize|p1|4
|teamsize|p2|4
|start
|switch|p1a: Gambling|Sneasler, L50, M|100/100
|switch|p1b: Schmoney|Gholdengo, L50|100/100
|switch|p2a: God's Plan|Ursaluna-Bloodmoon, L50, M|100/100
|switch|p2b: You're Welcome|Primarina, L50, F|100/100
|turn|1
|inactive|Orichalcum25 has 30 seconds left.
|inactive|Dcironeagle has 30 seconds left.
|inactive|Dcironeagle has 20 seconds left.
|inactive|Dcironeagle has 15 seconds left.
|inactive|Dcironeagle has 10 seconds left.
|inactive|Dcironeagle has 5 seconds left.
|
|t:|1757722844
|-terastallize|p2b: You're Welcome|Poison
|move|p1a: Gambling|Close Combat|p2a: God's Plan
|-supereffective|p2a: God's Plan
|-damage|p2a: God's Plan|6/100
|-unboost|p1a: Gambling|def|1
|-unboost|p1a: Gambling|spd|1
|move|p1b: Schmoney|Make It Rain|p2b: You're Welcome|[spread] p2a,p2b
|-damage|p2a: God's Plan|0 fnt
|-damage|p2b: You're Welcome|46/100
|-unboost|p1b: Schmoney|spa|1
|faint|p2a: God's Plan
|-damage|p1b: Schmoney|91/100|[from] item: Life Orb
|move|p2b: You're Welcome|Hyper Voice|p1b: Schmoney|[spread] p1a,p1b
|-damage|p1a: Gambling|29/100
|-damage|p1b: Schmoney|48/100
|
|upkeep
|
|t:|1757722855
|switch|p2a: Stayin' Alive|Meowscarada, L50, F|100/100
|turn|2
|inactive|Dcironeagle has 30 seconds left.
|inactive|Dcironeagle has 20 seconds left.
|inactive|Dcironeagle has 15 seconds left.
|inactive|Dcironeagle has 10 seconds left.
|
|t:|1757722904
|move|p2a: Stayin' Alive|Knock Off|p1a: Gambling
|-start|p2a: Stayin' Alive|typechange|Dark|[from] ability: Protean
|-resisted|p1a: Gambling
|-damage|p1a: Gambling|0 fnt
|-enditem|p1a: Gambling|Focus Sash|[from] move: Knock Off|[of] p2a: Stayin' Alive
|faint|p1a: Gambling
|move|p1b: Schmoney|Make It Rain|p2a: Stayin' Alive|[spread] p2a,p2b
|-damage|p2a: Stayin' Alive|34/100
|-damage|p2b: You're Welcome|13/100
|-unboost|p1b: Schmoney|spa|1
|-damage|p1b: Schmoney|38/100|[from] item: Life Orb
|move|p2b: You're Welcome|Hyper Voice|p1b: Schmoney
|-damage|p1b: Schmoney|0 fnt
|faint|p1b: Schmoney
|
|upkeep
|
|t:|1757722919
|switch|p1a: Cocaine Bear|Ursaluna, L50, M|100/100
|switch|p1b: Beep Boop|Porygon2, L50, shiny|100/100
|-ability|p1b: Beep Boop|Download|boost
|-boost|p1b: Beep Boop|atk|1
|turn|3
|j| timmytheglueeater
|inactive|Dcironeagle has 30 seconds left.
|
|t:|1757722951
|move|p1a: Cocaine Bear|Protect|p1a: Cocaine Bear
|-singleturn|p1a: Cocaine Bear|Protect
|move|p2a: Stayin' Alive|Grass Pledge|p2b: You're Welcome
|-waiting|p2a: Stayin' Alive|p2b: You're Welcome
|move|p2b: You're Welcome|Water Pledge|p2a: Stayin' Alive|[from] move: Grass Pledge
|-combine
|-damage|p2a: Stayin' Alive|0 fnt
|-sidestart|p2: Dcironeagle|Grass Pledge
|faint|p2a: Stayin' Alive
|move|p1b: Beep Boop|Trick Room|p1b: Beep Boop
|-fieldstart|move: Trick Room|[of] p1b: Beep Boop
|
|-status|p1a: Cocaine Bear|brn|[from] item: Flame Orb
|upkeep
|
|t:|1757722961
|switch|p2a: Thunderstruck|Archaludon, L50, M|100/100
|turn|4
|inactive|Orichalcum25 has 30 seconds left.
|inactive|Dcironeagle has 30 seconds left.
|inactive|Orichalcum25 has 20 seconds left.
|inactive|Dcironeagle has 20 seconds left.
|inactive|Dcironeagle has 15 seconds left.
|inactive|Dcironeagle has 10 seconds left.
|
|t:|1757723012
|-terastallize|p1b: Beep Boop|Fighting
|move|p2b: You're Welcome|Water Pledge|p1a: Cocaine Bear
|-supereffective|p1a: Cocaine Bear
|-damage|p1a: Cocaine Bear|18/100 brn
|move|p2a: Thunderstruck|Flash Cannon|p1a: Cocaine Bear
|-damage|p1a: Cocaine Bear|0 fnt
|faint|p1a: Cocaine Bear
|move|p1b: Beep Boop|Tera Blast|p2a: Thunderstruck|[anim] Tera Blast Fighting
|-supereffective|p2a: Thunderstruck
|-ability|p2a: Thunderstruck|Sturdy
|-damage|p2a: Thunderstruck|1/100
|
|upkeep
|turn|5
|inactive|Orichalcum25 has 30 seconds left.
|inactive|Orichalcum25 has 20 seconds left.
|
|t:|1757723048
|move|p2b: You're Welcome|Moonblast|p1b: Beep Boop
|-supereffective|p1b: Beep Boop
|-damage|p1b: Beep Boop|41/100
|-unboost|p1b: Beep Boop|spa|1
|move|p2a: Thunderstruck|Electro Shot||[still]
|-prepare|p2a: Thunderstruck|Electro Shot
|-boost|p2a: Thunderstruck|spa|1
|-enditem|p2a: Thunderstruck|Power Herb
|-anim|p2a: Thunderstruck|Electro Shot|p1b: Beep Boop
|-damage|p1b: Beep Boop|0 fnt
|faint|p1b: Beep Boop
|
|win|Dcironeagle
|inactive|Orichalcum25 has 30 seconds to confirm battle start!
|inactive|Dcironeagle has 30 seconds to confirm battle start!
||Dcironeagle is ready for game 3.
||Orichalcum25 is ready for game 3.
|uhtml|next|Next: Game 3 of 3
|l| timmytheglueeater
|l| LinkLegends11
