|j|☆JNEST
|j|☆NerdConsultant
|html|JNESTNerdConsultant    
|uhtml|bestof|Game 3 of a best-of-3
|t:|1756383792
|gametype|doubles
|player|p1|JNEST|veteran-gen4|1200
|player|p2|NerdConsultant|roxie|1170
|gen|9
|tier|[Gen 9] VGC 2025 Reg H (Bo3)
|rated|
|rule|Species Clause: Limit one of each Pokémon
|rule|Item Clause: Limit 1 of each item
|clearpoke
|poke|p1|Weezing, L50, M|
|poke|p1|Indeedee, L50, M|
|poke|p1|Ursaluna-Bloodmoon, L50, M|
|poke|p1|Annihilape, L50, F|
|poke|p1|Tyranitar, L50, M|
|poke|p1|Corviknight, L50, F|
|poke|p2|Toedscruel, L50, M|
|poke|p2|Weezing-Galar, L50, F|
|poke|p2|Pawmot, L50, M|
|poke|p2|Corviknight, L50, M|
|poke|p2|Garchomp, L50, F|
|poke|p2|Typhlosion-Hisui, L50, M|
|teampreview|4
|showteam|p1|Weezing||SitrusBerry|NeutralizingGas|Protect,Taunt,WillOWisp,SludgeBomb|||M|||50|,,,,,Ghost]Indeedee||ChoiceScarf|PsychicSurge|ExpandingForce,TeraBlast,Trick,HyperVoice|||M|||50|,,,,,Fighting]Ursaluna-Bloodmoon||LifeOrb|MindsEye|Protect,HyperVoice,EarthPower,BloodMoon|||M|||50|,,,,,Normal]Annihilape||SafetyGoggles|Defiant|Taunt,RageFist,CloseCombat,FinalGambit|||F|||50|,,,,,Fairy]Tyranitar||AssaultVest|SandStream|RockSlide,KnockOff,TeraBlast,LowKick|||M|||50|,,,,,Flying]Corviknight||Leftovers|MirrorArmor|BraveBird,Tailwind,Roost,BulkUp|||F|||50|,,,,,Dragon
|showteam|p2|Toedscruel||CovertCloak|MyceliumMight|Spore,EarthPower,AcidSpray,RagePowder|||M|||50|,,,,,Water]Weezing-Galar||ChoiceSpecs|NeutralizingGas|Flamethrower,StrangeSteam,DazzlingGleam,SludgeBomb|||F|||50|,,,,,Fire]Pawmot||FocusSash|NaturalCure|FakeOut,DoubleShock,CloseCombat,Protect|||M|||50|,,,,,Electric]Corviknight||SitrusBerry|MirrorArmor|Tailwind,BraveBird,Protect,Roost|||M|||50|,,,,,Dragon]Garchomp||LifeOrb|RoughSkin|Earthquake,StompingTantrum,Protect,DragonClaw|||F|||50|,,,,,Ground]Typhlosion-Hisui||ChoiceScarf|Blaze|Eruption,HeatWave,ShadowBall,SleepTalk|||M|||50|,,,,,Fire
|inactive|Battle timer is ON: inactive players will automatically lose when time's up. (requested by JNEST)
|
|t:|1756383815
|teamsize|p1|4
|teamsize|p2|4
|start
|switch|p1a: Indeedee|Indeedee, L50, M|100/100
|switch|p1b: Annihilape|Annihilape, L50, F|100/100
|switch|p2a: Weezing|Weezing-Galar, L50, F|100/100
|switch|p2b: Corviknight|Corviknight, L50, M|100/100
|-ability|p2a: Weezing|Neutralizing Gas
|turn|1
|
|t:|1756383829
|-terastallize|p2a: Weezing|Fire
|move|p1a: Indeedee|Expanding Force|p2a: Weezing
|-damage|p2a: Weezing|46/100
|move|p1b: Annihilape|Final Gambit|p2b: Corviknight
|-damage|p2b: Corviknight|0 fnt
|faint|p1b: Annihilape
|faint|p2b: Corviknight
|move|p2a: Weezing|Dazzling Gleam|p1a: Indeedee
|-damage|p1a: Indeedee|29/100
|
|upkeep
|
|t:|1756383844
|switch|p1b: Corviknight|Corviknight, L50, F|100/100
|switch|p2b: Garchomp|Garchomp, L50, F|100/100
|turn|2
|
|t:|1756383857
|move|p1a: Indeedee|Expanding Force|p2a: Weezing
|-damage|p2a: Weezing|0 fnt
|faint|p2a: Weezing
|-end|p2a: Weezing|ability: Neutralizing Gas
|-fieldstart|move: Psychic Terrain|[from] ability: Psychic Surge|[of] p1a: Indeedee
|move|p2b: Garchomp|Dragon Claw|p1a: Indeedee
|-damage|p1a: Indeedee|0 fnt
|faint|p1a: Indeedee
|-damage|p2b: Garchomp|91/100|[from] item: Life Orb
|move|p1b: Corviknight|Tailwind|p1b: Corviknight
|-sidestart|p1: JNEST|move: Tailwind
|
|upkeep
|
|t:|1756383868
|switch|p1a: Tyranitar|Tyranitar, L50, M|100/100
|switch|p2a: Toedscruel|Toedscruel, L50, M|100/100
|-weather|Sandstorm|[from] ability: Sand Stream|[of] p1a: Tyranitar
|turn|3
|
|t:|1756383879
|-terastallize|p1a: Tyranitar|Flying
|move|p1a: Tyranitar|Tera Blast|p2a: Toedscruel|[anim] Tera Blast Flying
|-supereffective|p2a: Toedscruel
|-damage|p2a: Toedscruel|0 fnt
|faint|p2a: Toedscruel
|move|p1b: Corviknight|Brave Bird|p2b: Garchomp
|-damage|p2b: Garchomp|39/100
|-damage|p1b: Corviknight|88/100|[from] ability: Rough Skin|[of] p2b: Garchomp
|-damage|p1b: Corviknight|72/100|[from] Recoil
|move|p2b: Garchomp|Stomping Tantrum|p1a: Tyranitar
|-immune|p1a: Tyranitar
|
|-weather|Sandstorm|[upkeep]
|-damage|p1a: Tyranitar|95/100|[from] Sandstorm
|-heal|p1b: Corviknight|78/100|[from] item: Leftovers
|upkeep
|turn|4
|-message|NerdConsultant forfeited.
|
|win|JNEST
|raw|JNEST's rating: 1200 → 1223(+23 for winning)
|raw|NerdConsultant's rating: 1170 → 1147(-23 for losing)
|l|☆NerdConsultant
|player|p2|
