|j|☆lox1sm
|j|☆madmarashi
|html|lox1smmadmarashi    
|uhtml|bestof|Game 1 of a best-of-3
|t:|1782401701
|gametype|doubles
|player|p1|lox1sm|veteran|1125
|player|p2|madmarashi|dawn|1021
|gen|9
|tier|[Gen 9 Champions] VGC 2026 Reg M-B (Bo3)
|rated|
|rule|Species Clause: Limit one of each Pokémon
|rule|Item Clause: Limit 1 of each item
|clearpoke
|poke|p1|Charizard, L50, F|
|poke|p1|Metagross, L50|
|poke|p1|Aerodactyl, L50, M|
|poke|p1|Garchomp, L50, M|
|poke|p1|Sylveon, L50, M|
|poke|p1|Kingambit, L50, M|
|poke|p2|Staraptor, L50, F, shiny|
|poke|p2|Garchomp, L50, F|
|poke|p2|Whimsicott, L50, M, shiny|
|poke|p2|Weavile, L50, F|
|poke|p2|Typhlosion-Hisui, L50, F|
|poke|p2|Rotom-Wash, L50|
|teampreview|4
|showteam|p1|Charizard||CharizarditeY|Blaze|HeatWave,WeatherBall,SolarBeam,Protect|Modest||F|||50|]Metagross||Metagrossite|ClearBody|IronHead,PsychicFangs,StompingTantrum,Protect|Jolly|||||50|]Aerodactyl||SitrusBerry|Unnerve|RockSlide,DualWingbeat,IceFang,Tailwind|Jolly||M|||50|]Garchomp||LifeOrb|RoughSkin|DragonClaw,Earthquake,RockSlide,Protect|Jolly||M|||50|]Sylveon||FairyFeather|Pixilate|HyperVoice,HyperBeam,QuickAttack,Protect|Modest||M|||50|]Kingambit||FocusSash|Defiant|KowtowCleave,SuckerPunch,IronHead,LowKick|Adamant||M|||50|
|showteam|p2|Staraptor||Staraptite|Intimidate|Protect,BraveBird,Roost,CloseCombat|Jolly||F|||50|]Garchomp||LifeOrb|RoughSkin|Protect,DragonClaw,Earthquake,StompingTantrum|Jolly||F|||50|]Whimsicott||FocusSash|Prankster|Tailwind,Encore,Charm,Moonblast|Timid||M|||50|]Weavile||WideLens|Pressure|Protect,TripleAxel,KnockOff,FakeOut|Jolly||F|||50|]Typhlosion-Hisui||ChoiceScarf|Blaze|HeatWave,Overheat,Eruption,ShadowBall|Modest||F|||50|]Rotom-Wash||SitrusBerry|Levitate|Protect,HydroPump,Thunderbolt,WillOWisp|Modest|||||50|
|
|t:|1782401752
|teamsize|p1|4
|teamsize|p2|4
|start
|switch|p1a: Aerodactyl|Aerodactyl, L50, M|100/100
|switch|p1b: Kingambit|Kingambit, L50, M|100/100
|switch|p2a: Escualo|Garchomp, L50, F|100/100
|switch|p2b: Lavadora|Rotom-Wash, L50|100/100
|-ability|p1a: Aerodactyl|Unnerve
|turn|1
|inactive|Battle timer is ON: inactive players will automatically lose when time's up. (requested by madmarashi)
|inactive|lox1sm has 60 seconds left.
|inactive|madmarashi has 60 seconds left.
|
|t:|1782401789
|switch|p1b: Sylveon|Sylveon, L50, M|100/100
|move|p1a: Aerodactyl|Tailwind|p1a: Aerodactyl
|-sidestart|p1: lox1sm|move: Tailwind
|move|p2a: Escualo|Dragon Claw|p1b: Sylveon
|-immune|p1b: Sylveon
|move|p2b: Lavadora|Thunderbolt|p1a: Aerodactyl
|-supereffective|p1a: Aerodactyl|1
|-damage|p1a: Aerodactyl|0 fnt
|faint|p1a: Aerodactyl
|
|upkeep
|
|t:|1782401808
|switch|p1a: Metagross|Metagross, L50|100/100
|turn|2
|
|t:|1782401815
|detailschange|p1a: Metagross|Metagross-Mega, L50
|-mega|p1a: Metagross|Metagross|Metagrossite
|move|p2a: Escualo|Protect|p2a: Escualo
|-singleturn|p2a: Escualo|Protect
|move|p1a: Metagross|Psychic Fangs|p2b: Lavadora
|-damage|p2b: Lavadora|29/100
|-enditem|p2b: Lavadora|Sitrus Berry|[eat]
|-heal|p2b: Lavadora|54/100|[from] item: Sitrus Berry
|move|p1b: Sylveon|Hyper Voice|p2b: Lavadora|[spread] p2b
|-activate|p2a: Escualo|move: Protect
|-damage|p2b: Lavadora|0 fnt
|faint|p2b: Lavadora
|
|upkeep
|
|t:|1782401829
|switch|p2b: Pollo|Typhlosion-Hisui, L50, F|100/100
|turn|3
|
|t:|1782401841
|switch|p2a: Asesina|Staraptor, L50, F, shiny|100/100
|-ability|p2a: Asesina|Intimidate|boost
|-unboost|p1a: Metagross|atk|1
|-unboost|p1b: Sylveon|atk|1
|move|p1a: Metagross|Psychic Fangs|p2b: Pollo
|-damage|p2b: Pollo|37/100
|move|p2b: Pollo|Eruption|p1a: Metagross|[spread] p1a,p1b
|-supereffective|p1a: Metagross|1
|-damage|p1a: Metagross|55/100
|-damage|p1b: Sylveon|82/100
|move|p1b: Sylveon|Hyper Voice|p2b: Pollo|[spread] p2a,p2b
|-resisted|p2b: Pollo|1
|-damage|p2a: Asesina|15/100
|-damage|p2b: Pollo|5/100
|
|upkeep
|turn|4
|-message|madmarashi forfeited.
|
|win|lox1sm
|l|☆madmarashi
|player|p2|
||lox1sm is ready for game 2.
||madmarashi is ready for game 2.
|uhtml|next|Next: Game 2 of 3
