|j|☆8BitBidoof
|j|☆bwhitevgc
|html|8BitBidoofbwhitevgc    
|uhtml|bestof|Game 1 of a best-of-3
|t:|1756165608
|gametype|doubles
|player|p1|8BitBidoof|red-lgpe|1276
|player|p2|bwhitevgc|102|1171
|gen|9
|tier|[Gen 9] VGC 2025 Reg H (Bo3)
|rated|
|rule|Species Clause: Limit one of each Pokémon
|rule|Item Clause: Limit 1 of each item
|clearpoke
|poke|p1|Sneasler, L50, M|
|poke|p1|Indeedee, L50, M|
|poke|p1|Volcarona, L50, F|
|poke|p1|Ursaluna-Bloodmoon, L50, M|
|poke|p1|Annihilape, L50, M|
|poke|p1|Tyranitar, L50, M|
|poke|p2|Kommo-o, L50, F|
|poke|p2|Gholdengo, L50|
|poke|p2|Tyranitar, L50, M|
|poke|p2|Volcarona, L50, M|
|poke|p2|Rillaboom, L50, F|
|poke|p2|Weezing-Galar, L50, F|
|teampreview|4
|showteam|p1|Sneasler||PsychicSeed|Unburden|CloseCombat,DireClaw,ThroatChop,Protect|||M|||50|,,,,,Dark]Indeedee||ChoiceScarf|PsychicSurge|ExpandingForce,TeraBlast,Trick,Protect|||M|||50|,,,,,Psychic]Volcarona||SitrusBerry|FlameBody|Overheat,StruggleBug,RagePowder,Tailwind|||F|||50|,,,,,Grass]Ursaluna-Bloodmoon||LifeOrb|MindsEye|BloodMoon,HyperVoice,EarthPower,Protect|||M|||50|,,,,,Normal]Annihilape||SafetyGoggles|Defiant|CloseCombat,RageFist,Taunt,FinalGambit|||M|||50|,,,,,Fairy]Tyranitar||AssaultVest|SandStream|RockSlide,KnockOff,TeraBlast,LowKick|||M|||50|,,,,,Flying
|showteam|p2|Kommo-o||Leftovers|Overcoat|BodyPress,IronDefense,ShadowClaw,Protect|||F|||50|,,,,,Steel]Gholdengo||LifeOrb|GoodasGold|MakeItRain,ShadowBall,NastyPlot,Protect||||||50|,,,,,Water]Tyranitar||AssaultVest|SandStream|RockSlide,KnockOff,TeraBlast,LowKick|||M|||50|,,,,,Flying]Volcarona||SafetyGoggles|FlameBody|Overheat,RagePowder,Tailwind,StruggleBug|||M|||50|,,,,,Fairy]Rillaboom||AbilityShield|GrassySurge|WoodHammer,GrassyGlide,FakeOut,Uturn|||F|||50|,,,,,Water]Weezing-Galar||SitrusBerry|NeutralizingGas|StrangeSteam,Taunt,PoisonGas,Protect|||F|||50|,,,,,Grass
|j| HarshVGC
|inactive|Battle timer is ON: inactive players will automatically lose when time's up. (requested by bwhitevgc)
|
|t:|1756165729
|teamsize|p1|4
|teamsize|p2|4
|start
|switch|p1a: Annihilape|Annihilape, L50, M|100/100
|switch|p1b: Tyranitar|Tyranitar, L50, M|100/100
|switch|p2a: Rillaboom|Rillaboom, L50, F|100/100
|switch|p2b: Volcarona|Volcarona, L50, M, shiny|100/100
|-fieldstart|move: Grassy Terrain|[from] ability: Grassy Surge|[of] p2a: Rillaboom
|-weather|Sandstorm|[from] ability: Sand Stream|[of] p1b: Tyranitar
|turn|1
|inactive|8BitBidoof has 30 seconds left.
|inactive|bwhitevgc has 30 seconds left.
|
|t:|1756165762
|-terastallize|p1b: Tyranitar|Flying
|move|p1a: Annihilape|Taunt|p2b: Volcarona
|-start|p2b: Volcarona|move: Taunt
|cant|p2b: Volcarona|move: Taunt|Tailwind
|move|p2a: Rillaboom|Wood Hammer|p1b: Tyranitar
|-resisted|p1b: Tyranitar
|-damage|p1b: Tyranitar|68/100
|-damage|p2a: Rillaboom|90/100|[from] Recoil
|move|p1b: Tyranitar|Tera Blast|p2a: Rillaboom|[anim] Tera Blast Flying
|-supereffective|p2a: Rillaboom
|-crit|p2a: Rillaboom
|-damage|p2a: Rillaboom|0 fnt
|faint|p2a: Rillaboom
|
|-weather|Sandstorm|[upkeep]
|-damage|p1b: Tyranitar|63/100|[from] Sandstorm
|upkeep
|j| seanonalia
|
|t:|1756165773
|switch|p2a: Tyranitar|Tyranitar, L50, M|100/100
|turn|2
|
|t:|1756165782
|move|p1a: Annihilape|Final Gambit|p2a: Tyranitar
|-damage|p2a: Tyranitar|0 fnt
|faint|p1a: Annihilape
|faint|p2a: Tyranitar
|move|p2b: Volcarona|Struggle Bug|p1b: Tyranitar
|-resisted|p1b: Tyranitar
|-damage|p1b: Tyranitar|56/100
|-unboost|p1b: Tyranitar|spa|1
|move|p1b: Tyranitar|Rock Slide|p2b: Volcarona
|-supereffective|p2b: Volcarona
|-damage|p2b: Volcarona|0 fnt
|faint|p2b: Volcarona
|
|-weather|Sandstorm|[upkeep]
|-damage|p1b: Tyranitar|50/100|[from] Sandstorm
|upkeep
|inactive|8BitBidoof has 30 seconds left.
|
|t:|1756165814
|switch|p1a: Volcarona|Volcarona, L50, F|100/100
|switch|p2b: Gholdengo|Gholdengo, L50|100/100
|turn|3
|
|t:|1756165828
|-terastallize|p2b: Gholdengo|Water
|move|p1a: Volcarona|Tailwind|p1a: Volcarona
|-sidestart|p1: 8BitBidoof|move: Tailwind
|move|p1b: Tyranitar|Knock Off|p2b: Gholdengo
|-damage|p2b: Gholdengo|38/100
|-enditem|p2b: Gholdengo|Life Orb|[from] move: Knock Off|[of] p1b: Tyranitar
|move|p2b: Gholdengo|Nasty Plot|p2b: Gholdengo
|-boost|p2b: Gholdengo|spa|2
|
|-weather|Sandstorm|[upkeep]
|-damage|p1a: Volcarona|94/100|[from] Sandstorm
|-damage|p1b: Tyranitar|44/100|[from] Sandstorm
|-damage|p2b: Gholdengo|32/100|[from] Sandstorm
|-heal|p1a: Volcarona|100/100|[from] Grassy Terrain
|-heal|p2b: Gholdengo|38/100|[from] Grassy Terrain
|upkeep
|turn|4
|
|t:|1756165848
|move|p1a: Volcarona|Struggle Bug|p2b: Gholdengo
|-damage|p2b: Gholdengo|11/100
|-unboost|p2b: Gholdengo|spa|1
|move|p1b: Tyranitar|Knock Off|p2b: Gholdengo
|-damage|p2b: Gholdengo|0 fnt
|faint|p2b: Gholdengo
|
|win|8BitBidoof
||bwhitevgc is ready for game 2.
