|j|☆Champ B
|j|☆moicito
|html|Champ Bmoicito    
|uhtml|bestof|Game 3 of a best-of-3
|t:|1756262066
|gametype|doubles
|player|p1|Champ B|102|1210
|player|p2|moicito|266|1209
|gen|9
|tier|[Gen 9] VGC 2025 Reg H (Bo3)
|rated|
|rule|Species Clause: Limit one of each Pokémon
|rule|Item Clause: Limit 1 of each item
|clearpoke
|poke|p1|Dragonite, L50, M|
|poke|p1|Ursaluna-Bloodmoon, L50, M|
|poke|p1|Archaludon, L50, M|
|poke|p1|Whimsicott, L50, F|
|poke|p1|Gholdengo, L50|
|poke|p1|Incineroar, L50, M|
|poke|p2|Kingambit, L50, F|
|poke|p2|Rillaboom, L50, F|
|poke|p2|Electabuzz, L50, M|
|poke|p2|Volcarona, L50, M|
|poke|p2|Sneasler, L50, F|
|poke|p2|Dragonite, L50, F|
|teampreview|4
|showteam|p1|Dragonite||LoadedDice|Multiscale|ScaleShot,ExtremeSpeed,IceSpinner,Protect|||M|||50|,,,,,Fairy]Ursaluna-Bloodmoon||AssaultVest|MindsEye|BloodMoon,HyperVoice,EarthPower,VacuumWave|||M|||50|,,,,,Water]Archaludon||PowerHerb|Sturdy|ElectroShot,FlashCannon,DracoMeteor,Protect|||M|||50|,,,,,Stellar]Whimsicott||CovertCloak|Prankster|FakeTears,Tailwind,Encore,Moonblast|||F|||50|,,,,,Poison]Gholdengo||ChoiceSpecs|GoodasGold|MakeItRain,ShadowBall,PowerGem,SteelBeam||||||50|,,,,,Steel]Incineroar||MirrorHerb|Intimidate|FakeOut,PartingShot,KnockOff,FlareBlitz|||M|||50|,,,,,Ghost
|showteam|p2|Kingambit||BlackGlasses|Defiant|Protect,KowtowCleave,SuckerPunch,SwordsDance|||F|||50|,,,,,Dark]Rillaboom||AssaultVest|GrassySurge|WoodHammer,GrassyGlide,HighHorsepower,FakeOut|||F|||50|,,,,,Fire]Electabuzz||Eviolite|VitalSpirit|Protect,Thunderbolt,HelpingHand,FollowMe|||M|||50|,,,,,Ghost]Volcarona||CovertCloak|FlameBody|Protect,HeatWave,TeraBlast,QuiverDance|||M|||50|,,,,,Fairy]Sneasler||FocusSash|Unburden|CloseCombat,DireClaw,Coaching,FakeOut|||F|||50|,,,,,Stellar]Dragonite||LoadedDice|Multiscale|ScaleShot,Haze,ExtremeSpeed,Protect|||F|||50|,,,,,Fairy
|inactive|Battle timer is ON: inactive players will automatically lose when time's up. (requested by Champ B)
|inactive|Champ B has 60 seconds left.
|inactive|moicito has 60 seconds left.
|
|t:|1756262114
|teamsize|p1|4
|teamsize|p2|4
|start
|switch|p1a: Ursaluna|Ursaluna-Bloodmoon, L50, M|100/100
|switch|p1b: Incineroar|Incineroar, L50, M|100/100
|switch|p2a: Snisli|Sneasler, L50, F|100/100
|switch|p2b: Kingii|Kingambit, L50, F, shiny|100/100
|-ability|p1b: Incineroar|Intimidate|boost
|-unboost|p2a: Snisli|atk|1
|-unboost|p2b: Kingii|atk|1
|-ability|p2b: Kingii|Defiant|boost
|-boost|p2b: Kingii|atk|2
|-enditem|p1b: Incineroar|Mirror Herb
|-boost|p1b: Incineroar|atk|2|[from] item: Mirror Herb
|turn|1
|inactive|moicito has 30 seconds left.
|inactive|moicito has 20 seconds left.
|inactive|moicito has 15 seconds left.
|
|t:|1756262155
|move|p2b: Kingii|Protect|p2b: Kingii
|-singleturn|p2b: Kingii|Protect
|move|p1b: Incineroar|Fake Out|p2b: Kingii
|-activate|p2b: Kingii|move: Protect
|move|p2a: Snisli|Coaching|p2b: Kingii
|-boost|p2b: Kingii|atk|1
|-boost|p2b: Kingii|def|1
|move|p1a: Ursaluna|Earth Power|p2b: Kingii
|-activate|p2b: Kingii|move: Protect
|
|upkeep
|turn|2
|inactive|Champ B has 30 seconds left.
|inactive|moicito has 30 seconds left.
|
|t:|1756262181
|-terastallize|p2b: Kingii|Dark
|move|p2a: Snisli|Dire Claw|p1a: Ursaluna
|-resisted|p1a: Ursaluna
|-damage|p1a: Ursaluna|90/100
|move|p1b: Incineroar|Flare Blitz|p2b: Kingii
|-damage|p2b: Kingii|48/100
|-damage|p1b: Incineroar|83/100|[from] Recoil
|move|p1a: Ursaluna|Blood Moon|p2b: Kingii
|-damage|p2b: Kingii|0 fnt
|faint|p2b: Kingii
|
|upkeep
|
|t:|1756262195
|switch|p2b: Rilli|Rillaboom, L50, F, shiny|100/100
|-fieldstart|move: Grassy Terrain|[from] ability: Grassy Surge|[of] p2b: Rilli
|turn|3
|c|☆Champ B|gg
|c|☆Champ B|wp
|inactive|moicito has 30 seconds left.
|c|☆Champ B|its over tho
|inactive|moicito has 20 seconds left.
|
|t:|1756262234
|switch|p1a: Gholdengo|Gholdengo, L50|100/100
|-terastallize|p1b: Incineroar|Ghost
|move|p2b: Rilli|Fake Out|p1b: Incineroar
|-immune|p1b: Incineroar
|move|p2a: Snisli|Dire Claw|p1b: Incineroar
|-resisted|p1b: Incineroar
|-damage|p1b: Incineroar|71/100
|move|p1b: Incineroar|Flare Blitz|p2b: Rilli
|-supereffective|p2b: Rilli
|-damage|p2b: Rilli|0 fnt
|faint|p2b: Rilli
|-damage|p1b: Incineroar|37/100|[from] Recoil
|
|-heal|p1b: Incineroar|43/100|[from] Grassy Terrain
|upkeep
|
|t:|1756262248
|switch|p2b: Volkii|Volcarona, L50, M, shiny|100/100
|turn|4
|
|t:|1756262267
|move|p2a: Snisli|Coaching|p2b: Volkii
|-boost|p2b: Volkii|atk|1
|-boost|p2b: Volkii|def|1
|move|p1a: Gholdengo|Power Gem|p2b: Volkii
|-supereffective|p2b: Volkii
|-damage|p2b: Volkii|0 fnt
|faint|p2b: Volkii
|move|p1b: Incineroar|Flare Blitz|p2a: Snisli
|-enditem|p2a: Snisli|Focus Sash
|-damage|p2a: Snisli|1/100
|-damage|p1b: Incineroar|17/100|[from] Recoil
|
|-heal|p2a: Snisli|7/100|[from] Grassy Terrain
|-heal|p1b: Incineroar|23/100|[from] Grassy Terrain
|upkeep
|turn|5
|c|☆moicito|ggs
|-message|moicito forfeited.
|
|win|Champ B
|raw|Champ B's rating: 1210 → 1235(+25 for winning)
|raw|moicito's rating: 1209 → 1184(-25 for losing)
|l|☆Champ B
|player|p1|
