|j|☆boteqvg
|j|☆teamthief420
|html|boteqvgteamthief420    
|uhtml|bestof|Game 2 of a best-of-3
|t:|1756154371
|gametype|doubles
|player|p1|boteqvg|265|1312
|player|p2|teamthief420|scientist-gen4dp|1375
|gen|9
|tier|[Gen 9] VGC 2025 Reg H (Bo3)
|rated|
|rule|Species Clause: Limit one of each Pokémon
|rule|Item Clause: Limit 1 of each item
|clearpoke
|poke|p1|Garchomp, L50, F|
|poke|p1|Weezing-Galar, L50, F|
|poke|p1|Archaludon, L50, M|
|poke|p1|Gholdengo, L50|
|poke|p1|Talonflame, L50, M|
|poke|p1|Annihilape, L50, F|
|poke|p2|Gholdengo, L50|
|poke|p2|Incineroar, L50, M|
|poke|p2|Ursaluna-Bloodmoon, L50, M|
|poke|p2|Whimsicott, L50, F|
|poke|p2|Porygon2, L50|
|poke|p2|Sneasler, L50, F|
|teampreview|4
|showteam|p1|Garchomp||LifeOrb|RoughSkin|DragonClaw,Earthquake,StompingTantrum,Protect|||F|||50|,,,,,Ground]Weezing-Galar||FocusSash|NeutralizingGas|Protect,SludgeBomb,Taunt,StrangeSteam|||F|||50|,,,,,Flying]Archaludon||PowerHerb|Sturdy|ElectroShot,Thunderbolt,DracoMeteor,Protect|||M|||50|,,,,,Electric]Gholdengo||ChoiceSpecs|GoodasGold|ShadowBall,DazzlingGleam,PowerGem,MakeItRain||||||50|,,,,,Fairy]Talonflame||CovertCloak|GaleWings|Tailwind,DualWingbeat,WillOWisp,FlareBlitz|||M|||50|,,,,,Stellar]Annihilape||AssaultVest|Defiant|CloseCombat,RageFist,FinalGambit,IcePunch|||F|||50|,,,,,Grass
|showteam|p2|Gholdengo||MetalCoat|GoodasGold|MakeItRain,ShadowBall,NastyPlot,Protect||||||50|,,,,,Dragon]Incineroar||SafetyGoggles|Intimidate|FlareBlitz,KnockOff,FakeOut,PartingShot|||M|||50|,,,,,Water]Ursaluna-Bloodmoon||LifeOrb|MindsEye|HyperVoice,EarthPower,BloodMoon,Protect|||M|||50|,,,,,Normal]Whimsicott||FocusSash|Prankster|Moonblast,Tailwind,Encore,Protect|||F|||50|,,,,,Ghost]Porygon2||Eviolite|Download|TeraBlast,IceBeam,TrickRoom,Recover||||||50|,,,,,Ground]Sneasler||WhiteHerb|Unburden|DireClaw,CloseCombat,ThroatChop,Protect|||F|||50|,,,,,Dark
|inactive|Battle timer is ON: inactive players will automatically lose when time's up. (requested by boteqvg)
|inactive|teamthief420 has 60 seconds left.
|
|t:|1756154430
|teamsize|p1|4
|teamsize|p2|4
|start
|switch|p1a: Annihilape|Annihilape, L50, F|100/100
|switch|p1b: Gholdengo|Gholdengo, L50|100/100
|switch|p2a: So Far Away|Porygon2, L50, shiny|100/100
|switch|p2b: Nightmare|Ursaluna-Bloodmoon, L50, M|100/100
|-ability|p2a: So Far Away|Download|boost
|-boost|p2a: So Far Away|atk|1
|turn|1
|
|t:|1756154445
|move|p2b: Nightmare|Protect|p2b: Nightmare
|-singleturn|p2b: Nightmare|Protect
|move|p1a: Annihilape|Close Combat|p2b: Nightmare
|-activate|p2b: Nightmare|move: Protect
|move|p1b: Gholdengo|Shadow Ball|p2a: So Far Away
|-immune|p2a: So Far Away
|move|p2a: So Far Away|Trick Room|p2a: So Far Away
|-fieldstart|move: Trick Room|[of] p2a: So Far Away
|
|upkeep
|turn|2
|-message|boteqvg forfeited.
|
|win|teamthief420
|raw|boteqvg's rating: 1312 → 1296(-16 for losing)
|raw|teamthief420's rating: 1375 → 1391(+16 for winning)
|l|☆boteqvg
|player|p1|
|l|☆teamthief420
|player|p2|
|j|☆teamthief420
|player|p2|teamthief420|scientist-gen4dp|
