|j|☆sernim
|j|☆MiraiQuaza
|html|sernimMiraiQuaza    
|uhtml|bestof|Game 2 of a best-of-3
|t:|1757851119
|gametype|doubles
|player|p1|sernim|bugcatcher-gen4dp|1060
|player|p2|MiraiQuaza|lucas|1168
|gen|9
|tier|[Gen 9] VGC 2025 Reg H (Bo3)
|rated|
|rule|Species Clause: Limit one of each Pokémon
|rule|Item Clause: Limit 1 of each item
|clearpoke
|poke|p1|Ursaluna, L50, M|
|poke|p1|Incineroar, L50, F|
|poke|p1|Indeedee-F, L50, F|
|poke|p1|Feraligatr, L50, M|
|poke|p1|Amoonguss, L50, M|
|poke|p1|Sneasler, L50, F|
|poke|p2|Kommo-o, L50, F|
|poke|p2|Sinistcha, L50|
|poke|p2|Tyranitar, L50, M|
|poke|p2|Incineroar, L50, M|
|poke|p2|Tauros-Paldea-Aqua, L50, M|
|poke|p2|Gholdengo, L50|
|teampreview|4
|showteam|p1|Ursaluna||FlameOrb|Guts|Facade,CloseCombat,HeadlongRush,Protect|||M|||50|,,,,,Ghost]Incineroar||AssaultVest|Intimidate|FlareBlitz,FakeOut,Uturn,KnockOff|||F|||50|,,,,,Ghost]Indeedee-F||MentalHerb|PsychicSurge|FollowMe,TrickRoom,Protect,Psychic|||F|||50|,,,,,Fairy]Feraligatr||LifeOrb|Torrent|DragonDance,Protect,Liquidation,IcePunch|||M|||50|,,,,,Grass]Amoonguss||RockyHelmet|Regenerator|Spore,Protect,RagePowder,SludgeBomb|||M|||50|,,,,,Water]Sneasler||PsychicSeed|Unburden|CloseCombat,Protect,DireClaw,FakeOut|||F|||50|,,,,,Dark
|showteam|p2|Kommo-o||ThroatSpray|Overcoat|ClangingScales,ClangorousSoul,AuraSphere,Protect|||F|||50|,,,,,Steel]Sinistcha||MentalHerb|Hospitality|MatchaGotcha,RagePowder,TrickRoom,Protect||||||50|,,,,,Dark]Tyranitar||AssaultVest|SandStream|RockSlide,KnockOff,TeraBlast,LowKick|||M|||50|,,,,,Flying]Incineroar||SafetyGoggles|Intimidate|FakeOut,PartingShot,KnockOff,FlareBlitz|||M|||50|,,,,,Ghost]Tauros-Paldea-Aqua||MirrorHerb|Intimidate|WaveCrash,AquaJet,CloseCombat,Protect|||M|||50|,,,,,Poison]Gholdengo||LifeOrb|GoodasGold|MakeItRain,ShadowBall,NastyPlot,Protect||||||50|,,,,,Water
|inactive|Battle timer is ON: inactive players will automatically lose when time's up. (requested by MiraiQuaza)
|inactive|sernim also wants the timer to be on.
|inactive|sernim has 60 seconds left.
|inactive|sernim has 30 seconds left.
|inactive|sernim has 20 seconds left.
|inactive|sernim has 15 seconds left.
|inactive|sernim has 10 seconds left.
|inactive|sernim has 5 seconds left.
|
|t:|1757851210
|teamsize|p1|4
|teamsize|p2|4
|start
|switch|p1a: Ursaluna|Ursaluna, L50, M, shiny|100/100
|switch|p1b: Incineroar|Incineroar, L50, F|100/100
|switch|p2a: Kommo-o|Kommo-o, L50, F|100/100
|switch|p2b: Incineroar|Incineroar, L50, M|100/100
|-ability|p2b: Incineroar|Intimidate|boost
|-unboost|p1a: Ursaluna|atk|1
|-unboost|p1b: Incineroar|atk|1
|-ability|p1b: Incineroar|Intimidate|boost
|-unboost|p2a: Kommo-o|atk|1
|-unboost|p2b: Incineroar|atk|1
|turn|1
|inactive|sernim has 30 seconds left.
|inactive|sernim has 20 seconds left.
|inactive|sernim has 15 seconds left.
|inactive|sernim has 10 seconds left.
|inactive|sernim has 5 seconds left.
|
|t:|1757851268
|-terastallize|p2b: Incineroar|Ghost
|move|p2a: Kommo-o|Clangorous Soul|p2a: Kommo-o
|-boost|p2a: Kommo-o|atk|1
|-boost|p2a: Kommo-o|def|1
|-boost|p2a: Kommo-o|spa|1
|-boost|p2a: Kommo-o|spd|1
|-boost|p2a: Kommo-o|spe|1
|-damage|p2a: Kommo-o|68/100
|-enditem|p2a: Kommo-o|Throat Spray
|-boost|p2a: Kommo-o|spa|1|[from] item: Throat Spray
|move|p1b: Incineroar|Flare Blitz|p2a: Kommo-o
|-resisted|p2a: Kommo-o
|-damage|p2a: Kommo-o|54/100
|-damage|p1b: Incineroar|97/100|[from] Recoil
|move|p2b: Incineroar|Knock Off|p1a: Ursaluna
|-damage|p1a: Ursaluna|77/100
|-enditem|p1a: Ursaluna|Flame Orb|[from] move: Knock Off|[of] p2b: Incineroar
|move|p1a: Ursaluna|Facade|p2b: Incineroar
|-immune|p2b: Incineroar
|
|upkeep
|turn|2
|inactive|sernim has 30 seconds left.
|inactive|MiraiQuaza has 30 seconds left.
|inactive|sernim has 20 seconds left.
|inactive|sernim has 15 seconds left.
|inactive|sernim has 10 seconds left.
|inactive|sernim has 5 seconds left.
|
|t:|1757851323
|move|p2a: Kommo-o|Aura Sphere|p1b: Incineroar
|-supereffective|p1b: Incineroar
|-damage|p1b: Incineroar|1/100
|move|p2b: Incineroar|Parting Shot|p1a: Ursaluna
|-unboost|p1a: Ursaluna|atk|1
|-unboost|p1a: Ursaluna|spa|1
|
|t:|1757851330
|switch|p2b: Tauros|Tauros-Paldea-Aqua, L50, M|100/100|[from] Parting Shot
|-ability|p2b: Tauros|Intimidate|boost
|-unboost|p1a: Ursaluna|atk|1
|-unboost|p1b: Incineroar|atk|1
|move|p1b: Incineroar|Flare Blitz|p2b: Tauros
|-resisted|p2b: Tauros
|-damage|p2b: Tauros|83/100
|-damage|p1b: Incineroar|0 fnt|[from] Recoil
|faint|p1b: Incineroar
|move|p1a: Ursaluna|Facade|p2b: Tauros
|-damage|p2b: Tauros|62/100
|
|upkeep
|inactive|sernim has 30 seconds left.
|inactive|sernim has 20 seconds left.
|inactive|sernim has 15 seconds left.
|inactive|sernim has 10 seconds left.
|inactive|sernim has 5 seconds left.
|
|t:|1757851385
|switch|p1b: Indeedee|Indeedee-F, L50, F|100/100
|-fieldstart|move: Psychic Terrain|[from] ability: Psychic Surge|[of] p1b: Indeedee
|turn|3
|inactive|sernim has 30 seconds left.
|inactive|sernim has 20 seconds left.
|inactive|MiraiQuaza has 30 seconds left.
|inactive|sernim has 15 seconds left.
|inactive|sernim has 10 seconds left.
|inactive|sernim has 5 seconds left.
|
|t:|1757851440
|move|p1b: Indeedee|Follow Me|p1b: Indeedee
|-singleturn|p1b: Indeedee|move: Follow Me
|move|p2a: Kommo-o|Clanging Scales|p1a: Ursaluna|[spread] p1a,p1b
|-damage|p1a: Ursaluna|16/100
|-damage|p1b: Indeedee|39/100
|-unboost|p2a: Kommo-o|def|1
|move|p2b: Tauros|Wave Crash|p1b: Indeedee
|-damage|p1b: Indeedee|0 fnt
|faint|p1b: Indeedee
|-damage|p2b: Tauros|48/100|[from] Recoil
|move|p1a: Ursaluna|Facade|p2b: Tauros
|-damage|p2b: Tauros|27/100
|
|upkeep
|l|☆sernim
|inactive|sernim disconnected and has a minute to reconnect!
|player|p1|
|inactive|sernim has 30 seconds left.
|inactive|sernim has 20 seconds left.
|inactive|sernim has 15 seconds left.
|inactive|sernim has 10 seconds left.
|inactive|sernim has 5 seconds left.
|-message|sernim lost due to inactivity.
|
|win|MiraiQuaza
|raw|sernim's rating: 1060 → 1047(-13 for losing)
|raw|MiraiQuaza's rating: 1168 → 1185(+17 for winning)
|l|☆MiraiQuaza
|player|p2|
