|j|☆lordtentacle69
|j|☆TMJS01
|html|lordtentacle69TMJS01    
|uhtml|bestof|Game 2 of a best-of-3
|t:|1783051646
|gametype|doubles
|player|p1|lordtentacle69|corbeau|1178
|player|p2|TMJS01|unknown|1354
|gen|9
|tier|[Gen 9 Champions] VGC 2026 Reg M-B (Bo3)
|rated|
|rule|Species Clause: Limit one of each Pokémon
|rule|Item Clause: Limit 1 of each item
|clearpoke
|poke|p1|Aerodactyl, L50, M|
|poke|p1|Charizard, L50, M|
|poke|p1|Kingambit, L50, F|
|poke|p1|Sylveon, L50, F|
|poke|p1|Farigiraf, L50, F|
|poke|p1|Garchomp, L50, M|
|poke|p2|Sinistcha, L50|
|poke|p2|Incineroar, L50, F|
|poke|p2|Garchomp, L50, M|
|poke|p2|Floette-Eternal, L50, F|
|poke|p2|Delphox, L50, F|
|poke|p2|Kingambit, L50, M|
|teampreview|4
|showteam|p1|Aerodactyl||Aerodactylite|Unnerve|RockSlide,DualWingbeat,IceFang,Tailwind|Jolly||M|||50|]Charizard||CharizarditeY|Blaze|HeatWave,Protect,SolarBeam,WeatherBall|Modest||M|||50|]Kingambit||FocusSash|Defiant|KowtowCleave,SuckerPunch,LowKick,IronHead|Adamant||F|||50|]Sylveon||FairyFeather|Pixilate|HyperVoice,HyperBeam,QuickAttack,Protect|Modest||F|||50|]Farigiraf||SitrusBerry|ArmorTail|Psychic,Protect,TrickRoom,Thunderbolt|Bold||F|||50|]Garchomp||LifeOrb|RoughSkin|Earthquake,StompingTantrum,DragonClaw,Protect|Jolly||M|||50|
|showteam|p2|Sinistcha||KasibBerry|Hospitality|MatchaGotcha,RagePowder,TrickRoom,LifeDew|Relaxed|||||50|]Incineroar||PasshoBerry|Intimidate|ThroatChop,FlareBlitz,PartingShot,FakeOut|Adamant||F|||50|]Garchomp||LifeOrb|RoughSkin|DragonClaw,StompingTantrum,Protect,RockTomb|Jolly||M|||50|]Floette-Eternal||Floettite|FlowerVeil|Protect,CalmMind,Moonblast,DazzlingGleam|Modest||F|||50|]Delphox||Delphoxite|Blaze|CalmMind,HeatWave,Psychic,Protect|Timid||F|||50|]Kingambit||FocusSash|Defiant|SuckerPunch,IronHead,KowtowCleave,LowKick|Adamant||M|||50|
|inactive|Battle timer is ON: inactive players will automatically lose when time's up. (requested by TMJS01)
|inactive|lordtentacle69 has 60 seconds left.
|
|t:|1783051676
|teamsize|p1|4
|teamsize|p2|4
|start
|switch|p1a: Aerodactyl|Aerodactyl, L50, M|100/100
|switch|p1b: Kingambit|Kingambit, L50, F|100/100
|switch|p2a: Kingambit|Kingambit, L50, M|100/100
|switch|p2b: Incineroar|Incineroar, L50, F|100/100
|-ability|p1a: Aerodactyl|Unnerve
|-ability|p2b: Incineroar|Intimidate|boost
|-unboost|p1a: Aerodactyl|atk|1
|-unboost|p1b: Kingambit|atk|1
|-ability|p1b: Kingambit|Defiant|boost
|-boost|p1b: Kingambit|atk|2
|turn|1
|
|t:|1783051689
|switch|p1b: Garchomp|Garchomp, L50, M|100/100
|move|p2b: Incineroar|Fake Out|p1b: Garchomp
|-damage|p1b: Garchomp|88/100
|-damage|p2b: Incineroar|87/100|[from] ability: Rough Skin|[of] p1b: Garchomp
|move|p1a: Aerodactyl|Rock Slide|p2a: Kingambit|[spread] p2a,p2b
|-resisted|p2a: Kingambit|1
|-supereffective|p2b: Incineroar|1
|-damage|p2a: Kingambit|93/100
|-damage|p2b: Incineroar|52/100
|cant|p2a: Kingambit|flinch
|
|upkeep
|turn|2
|
|t:|1783051702
|detailschange|p1a: Aerodactyl|Aerodactyl-Mega, L50, M
|-mega|p1a: Aerodactyl|Aerodactyl|Aerodactylite
|move|p1a: Aerodactyl|Tailwind|p1a: Aerodactyl
|-sidestart|p1: lordtentacle69|move: Tailwind
|move|p1b: Garchomp|Earthquake|p2a: Kingambit|[spread] p2a,p2b
|-immune|p1a: Aerodactyl
|-supereffective|p2a: Kingambit|1
|-supereffective|p2b: Incineroar|1
|-damage|p2a: Kingambit|17/100
|-damage|p2b: Incineroar|0 fnt
|faint|p2b: Incineroar
|-damage|p1b: Garchomp|78/100|[from] item: Life Orb
|move|p2a: Kingambit|Iron Head|p1a: Aerodactyl
|-supereffective|p1a: Aerodactyl|1
|-damage|p1a: Aerodactyl|0 fnt
|faint|p1a: Aerodactyl
|
|upkeep
|
|t:|1783051716
|switch|p1a: Sylveon|Sylveon, L50, F|100/100
|switch|p2b: Delphox|Delphox, L50, F|100/100
|turn|3
|
|t:|1783051726
|detailschange|p2b: Delphox|Delphox-Mega, L50, F
|-mega|p2b: Delphox|Delphox|Delphoxite
|move|p2a: Kingambit|Sucker Punch|p1b: Garchomp
|-damage|p1b: Garchomp|39/100
|-damage|p2a: Kingambit|4/100|[from] ability: Rough Skin|[of] p1b: Garchomp
|move|p1b: Garchomp|Dragon Claw|p2b: Delphox
|-damage|p2b: Delphox|23/100
|-damage|p1b: Garchomp|29/100|[from] item: Life Orb
|move|p2b: Delphox|Calm Mind|p2b: Delphox
|-boost|p2b: Delphox|spa|1
|-boost|p2b: Delphox|spd|1
|move|p1a: Sylveon|Hyper Voice|p2a: Kingambit|[spread] p2a,p2b
|-resisted|p2b: Delphox|1
|-damage|p2a: Kingambit|0 fnt
|-damage|p2b: Delphox|7/100
|faint|p2a: Kingambit
|
|upkeep
|
|t:|1783051727
|switch|p2a: Garchomp|Garchomp, L50, M|100/100
|turn|4
|-message|TMJS01 forfeited.
|raw|lordtentacle69's rating: 1178 → 1215(+37 for winning)
|raw|TMJS01's rating: 1354 → 1325(-29 for losing)
|
|win|lordtentacle69
|l|☆TMJS01
|player|p2|
