|j|☆itsvalkyrie
|j|☆swarmhostuser
|html|itsvalkyrieswarmhostuser    
|uhtml|bestof|Game 1 of a best-of-3
|t:|1756931924
|gametype|doubles
|player|p1|itsvalkyrie|clerkf|1021
|player|p2|swarmhostuser|2|1050
|gen|9
|tier|[Gen 9] VGC 2025 Reg H (Bo3)
|rated|
|rule|Species Clause: Limit one of each Pokémon
|rule|Item Clause: Limit 1 of each item
|clearpoke
|poke|p1|Gholdengo, L50|
|poke|p1|Porygon2, L50|
|poke|p1|Ursaluna, L50, F|
|poke|p1|Amoonguss, L50, M|
|poke|p1|Incineroar, L50, F|
|poke|p1|Dragonite, L50, F|
|poke|p2|Sneasler, L50, M|
|poke|p2|Dragonite, L50, M|
|poke|p2|Kingambit, L50, F|
|poke|p2|Rillaboom, L50, F|
|poke|p2|Volcarona, L50, M|
|poke|p2|Electabuzz, L50, M|
|teampreview|4
|showteam|p1|Gholdengo||LifeOrb|GoodasGold|MakeItRain,ShadowBall,NastyPlot,Protect||||||50|,,,,,Water]Porygon2||Eviolite|Download|TeraBlast,IceBeam,Recover,TrickRoom||||||50|,,,,,Fighting]Ursaluna||FlameOrb|Guts|Facade,Earthquake,HeadlongRush,Protect|||F|||50|,,,,,Ghost]Amoonguss||SitrusBerry|Regenerator|RagePowder,PollenPuff,Spore,Protect|||M|||50|,,,,,Water]Incineroar||SafetyGoggles|Intimidate|FlareBlitz,KnockOff,FakeOut,PartingShot|||F|||50|,,,,,Ghost]Dragonite||LoadedDice|Multiscale|ScaleShot,Haze,Tailwind,Protect|||F|||50|,,,,,Fairy
|showteam|p2|Sneasler||FocusSash|Unburden|DireClaw,CloseCombat,Coaching,FakeOut|||M|||50|,,,,,Stellar]Dragonite||LoadedDice|Multiscale|ScaleShot,ExtremeSpeed,Haze,Protect|||M|||50|,,,,,Fairy]Kingambit||BlackGlasses|Defiant|KowtowCleave,SwordsDance,SuckerPunch,Protect|||F|||50|,,,,,Dark]Rillaboom||AssaultVest|GrassySurge|FakeOut,WoodHammer,GrassyGlide,HighHorsepower|||F|||50|,,,,,Fire]Volcarona||CovertCloak|FlameBody|HeatWave,TeraBlast,QuiverDance,Protect|||M|||50|,,,,,Fairy]Electabuzz||Eviolite|VitalSpirit|Electroweb,FollowMe,Taunt,Protect|||M|||50|,,,,,Ghost
|inactive|Battle timer is ON: inactive players will automatically lose when time's up. (requested by itsvalkyrie)
|inactive|swarmhostuser has 60 seconds left.
|inactive|swarmhostuser has 30 seconds left.
|inactive|swarmhostuser has 20 seconds left.
|inactive|swarmhostuser has 15 seconds left.
|inactive|swarmhostuser has 10 seconds left.
|inactive|swarmhostuser has 5 seconds left.
|
|t:|1756932014
|teamsize|p1|4
|teamsize|p2|4
|start
|switch|p1a: Dragonite|Dragonite, L50, F|100/100
|switch|p1b: Amoonguss|Amoonguss, L50, M|100/100
|switch|p2a: Kingambit|Kingambit, L50, F|100/100
|switch|p2b: Electabuzz|Electabuzz, L50, M|100/100
|turn|1
|inactive|swarmhostuser has 30 seconds left.
|inactive|swarmhostuser has 20 seconds left.
|inactive|swarmhostuser has 15 seconds left.
|inactive|swarmhostuser has 10 seconds left.
|
|t:|1756932062
|move|p2b: Electabuzz|Taunt|p1b: Amoonguss
|-start|p1b: Amoonguss|move: Taunt
|move|p1a: Dragonite|Tailwind|p1a: Dragonite
|-sidestart|p1: itsvalkyrie|move: Tailwind
|cant|p1b: Amoonguss|move: Taunt|Spore
|move|p2a: Kingambit|Kowtow Cleave|p1a: Dragonite
|-damage|p1a: Dragonite|66/100
|
|upkeep
|turn|2
|inactive|itsvalkyrie has 30 seconds left.
|inactive|swarmhostuser has 30 seconds left.
|inactive|itsvalkyrie has 20 seconds left.
|inactive|swarmhostuser has 20 seconds left.
|inactive|swarmhostuser has 15 seconds left.
|inactive|itsvalkyrie has 15 seconds left.
|inactive|swarmhostuser has 10 seconds left.
|inactive|swarmhostuser has 5 seconds left.
|
|t:|1756932118
|switch|p1b: Gholdengo|Gholdengo, L50|100/100
|move|p2b: Electabuzz|Follow Me|p2b: Electabuzz
|-singleturn|p2b: Electabuzz|move: Follow Me
|move|p1a: Dragonite|Scale Shot|p2b: Electabuzz
|-damage|p2b: Electabuzz|88/100
|-damage|p2b: Electabuzz|77/100
|-damage|p2b: Electabuzz|65/100
|-damage|p2b: Electabuzz|53/100
|-hitcount|p2b: Electabuzz|4
|-unboost|p1a: Dragonite|def|1
|-boost|p1a: Dragonite|spe|1
|move|p2a: Kingambit|Kowtow Cleave|p1a: Dragonite
|-damage|p1a: Dragonite|0 fnt
|faint|p1a: Dragonite
|
|upkeep
|
|t:|1756932136
|switch|p1a: Amoonguss|Amoonguss, L50, M|100/100
|turn|3
|inactive|itsvalkyrie has 30 seconds left.
|inactive|swarmhostuser has 30 seconds left.
|inactive|itsvalkyrie has 20 seconds left.
|inactive|swarmhostuser has 20 seconds left.
|inactive|swarmhostuser has 15 seconds left.
|inactive|swarmhostuser has 10 seconds left.
|inactive|swarmhostuser has 5 seconds left.
|
|t:|1756932188
|-terastallize|p1b: Gholdengo|Water
|move|p1b: Gholdengo|Nasty Plot|p1b: Gholdengo
|-boost|p1b: Gholdengo|spa|2
|move|p2b: Electabuzz|Taunt|p1a: Amoonguss
|-start|p1a: Amoonguss|move: Taunt
|cant|p1a: Amoonguss|move: Taunt|Spore
|move|p2a: Kingambit|Swords Dance|p2a: Kingambit
|-boost|p2a: Kingambit|atk|2
|
|upkeep
|turn|4
|inactive|swarmhostuser has 30 seconds left.
|inactive|swarmhostuser has 20 seconds left.
|inactive|swarmhostuser has 15 seconds left.
|inactive|swarmhostuser has 10 seconds left.
|inactive|swarmhostuser has 5 seconds left.
|
|t:|1756932241
|switch|p1a: Porygon2|Porygon2, L50|100/100
|-ability|p1a: Porygon2|Download|boost
|-boost|p1a: Porygon2|spa|1
|move|p2b: Electabuzz|Protect|p2b: Electabuzz
|-singleturn|p2b: Electabuzz|Protect
|move|p1b: Gholdengo|Make It Rain|p2b: Electabuzz|[spread] p2a
|-activate|p2b: Electabuzz|move: Protect
|-resisted|p2a: Kingambit
|-damage|p2a: Kingambit|42/100
|-unboost|p1b: Gholdengo|spa|1
|-damage|p1b: Gholdengo|91/100|[from] item: Life Orb
|move|p2a: Kingambit|Kowtow Cleave|p1a: Porygon2
|-damage|p1a: Porygon2|30/100
|
|-sideend|p1: itsvalkyrie|move: Tailwind
|upkeep
|turn|5
|inactive|itsvalkyrie has 30 seconds left.
|inactive|swarmhostuser has 30 seconds left.
|inactive|itsvalkyrie has 20 seconds left.
|inactive|swarmhostuser has 20 seconds left.
|inactive|itsvalkyrie has 15 seconds left.
|inactive|swarmhostuser has 15 seconds left.
|inactive|itsvalkyrie has 10 seconds left.
|inactive|swarmhostuser has 10 seconds left.
|inactive|swarmhostuser has 5 seconds left.
|
|t:|1756932294
|-terastallize|p2a: Kingambit|Dark
|move|p2a: Kingambit|Sucker Punch|p1b: Gholdengo
|-damage|p1b: Gholdengo|0 fnt
|faint|p1b: Gholdengo
|move|p2b: Electabuzz|Taunt|p1a: Porygon2
|-start|p1a: Porygon2|move: Taunt
|move|p1a: Porygon2|Tera Blast|p2a: Kingambit
|-damage|p2a: Kingambit|0 fnt
|faint|p2a: Kingambit
|
|upkeep
|
|t:|1756932317
|switch|p1b: Amoonguss|Amoonguss, L50, M|100/100
|switch|p2a: Rillaboom|Rillaboom, L50, F|100/100
|-fieldstart|move: Grassy Terrain|[from] ability: Grassy Surge|[of] p2a: Rillaboom
|turn|6
|inactive|swarmhostuser has 30 seconds left.
|inactive|swarmhostuser has 20 seconds left.
|inactive|swarmhostuser has 15 seconds left.
|inactive|swarmhostuser has 10 seconds left.
|inactive|swarmhostuser has 5 seconds left.
|
|t:|1756932371
|move|p2b: Electabuzz|Follow Me|p2b: Electabuzz
|-singleturn|p2b: Electabuzz|move: Follow Me
|move|p2a: Rillaboom|Wood Hammer|p1a: Porygon2
|-damage|p1a: Porygon2|0 fnt
|faint|p1a: Porygon2
|-damage|p2a: Rillaboom|92/100|[from] Recoil
|move|p1b: Amoonguss|Spore|p2b: Electabuzz
|-immune|p2b: Electabuzz|[from] ability: Vital Spirit
|
|-heal|p2b: Electabuzz|59/100|[from] Grassy Terrain
|-heal|p2a: Rillaboom|98/100|[from] Grassy Terrain
|upkeep
|turn|7
|-message|itsvalkyrie forfeited.
|
|win|swarmhostuser
|l|☆itsvalkyrie
|player|p1|
