|j|☆VenusaurBot
|j|☆rbresser
|html|VenusaurBotrbresser    
|uhtml|bestof|Game 1 of a best-of-3
|t:|1784229976
|gametype|doubles
|player|p1|VenusaurBot|koga|1078
|player|p2|rbresser|red|1083
|gen|9
|tier|[Gen 9 Champions] VGC 2026 Reg M-B (Bo3)
|rated|
|rule|Species Clause: Limit one of each Pokémon
|rule|Item Clause: Limit 1 of each item
|clearpoke
|poke|p1|Blaziken, L50, M|
|poke|p1|Dragonite, L50, M|
|poke|p1|Kingambit, L50, F|
|poke|p1|Froslass, L50, F|
|poke|p1|Toxapex, L50, F|
|poke|p1|Sneasler, L50, M|
|poke|p2|Lucario, L50, M, shiny|
|poke|p2|Raichu, L50, F|
|poke|p2|Talonflame, L50, M, shiny|
|poke|p2|Garchomp, L50, M|
|poke|p2|Kingambit, L50, M|
|poke|p2|Gholdengo, L50, shiny|
|teampreview|4
|showteam|p1|Blaziken||Blazikenite|SpeedBoost|Protect,FlareBlitz,CloseCombat,RockSlide|Adamant||M|||50|]Dragonite||LifeOrb|InnerFocus|Protect,ExtremeSpeed,DragonClaw,LowKick|Adamant||M|||50|]Kingambit||BlackGlasses|Defiant|Protect,KowtowCleave,SuckerPunch,IronHead|Adamant||F|||50|]Froslass||Froslassite|SnowCloak|Protect,AuroraVeil,Blizzard,ShadowBall|Timid||F|||50|]Toxapex||Leftovers|Regenerator|BanefulBunker,Toxic,Infestation,WideGuard|Bold||F|||50|]Sneasler||FocusSash|PoisonTouch|Protect,DireClaw,CloseCombat,FakeOut|Jolly||M|||50|
|showteam|p2|Lucario||Lucarionite|Justified|CloseCombat,BulletPunch,IcePunch,Protect|Jolly||M|||50|]Raichu||RaichuniteY|LightningRod|FakeOut,ZapCannon,FocusBlast,Protect|Modest||F|||50|]Talonflame||FocusSash|GaleWings|Tailwind,BraveBird,Taunt,Protect|Jolly||M|||50|]Garchomp||LifeOrb|RoughSkin|RockSlide,DragonClaw,Earthquake,Protect|Adamant||M|||50|]Kingambit||BlackGlasses|SupremeOverlord|KowtowCleave,IronHead,Protect,SuckerPunch|Sassy||M|||50|]Gholdengo||Leftovers|GoodasGold|MakeItRain,ShadowBall,NastyPlot,Protect|Timid|||||50|
|inactive|Battle timer is ON: inactive players will automatically lose when time's up. (requested by VenusaurBot)
|inactive|VenusaurBot has 60 seconds left.
|inactive|rbresser has 60 seconds left.
|inactive|rbresser has 30 seconds left.
|inactive|rbresser has 20 seconds left.
|inactive|rbresser has 15 seconds left.
|
|t:|1784230057
|teamsize|p1|4
|teamsize|p2|4
|start
|switch|p1a: Blaziken|Blaziken, L50, M|100/100
|switch|p1b: Dragonite|Dragonite, L50, M|100/100
|switch|p2a: Talonflame|Talonflame, L50, M, shiny|100/100
|switch|p2b: Gholdengo|Gholdengo, L50, shiny|100/100
|turn|1
|inactive|VenusaurBot has 30 seconds left.
|inactive|rbresser has 30 seconds left.
|inactive|VenusaurBot has 20 seconds left.
|
|t:|1784230093
|detailschange|p1a: Blaziken|Blaziken-Mega, L50, M
|-mega|p1a: Blaziken|Blaziken|Blazikenite
|move|p1a: Blaziken|Protect|p1a: Blaziken
|-singleturn|p1a: Blaziken|Protect
|move|p2b: Gholdengo|Protect|p2b: Gholdengo
|-singleturn|p2b: Gholdengo|Protect
|move|p2a: Talonflame|Brave Bird|p1a: Blaziken
|-activate|p1a: Blaziken|move: Protect
|move|p1b: Dragonite|Dragon Claw|p2a: Talonflame
|-enditem|p2a: Talonflame|Focus Sash
|-damage|p2a: Talonflame|1/100
|-damage|p1b: Dragonite|90/100|[from] item: Life Orb
|
|-ability|p1a: Blaziken|Speed Boost|boost
|-boost|p1a: Blaziken|spe|1
|upkeep
|turn|2
|inactive|rbresser has 30 seconds left.
|
|t:|1784230121
|move|p1b: Dragonite|Extreme Speed|p2a: Talonflame
|-damage|p2a: Talonflame|0 fnt
|faint|p2a: Talonflame
|-damage|p1b: Dragonite|80/100|[from] item: Life Orb
|move|p1a: Blaziken|Flare Blitz|p2b: Gholdengo
|-supereffective|p2b: Gholdengo|1
|-damage|p2b: Gholdengo|0 fnt
|faint|p2b: Gholdengo
|-damage|p1a: Blaziken|66/100|[from] Recoil
|
|-ability|p1a: Blaziken|Speed Boost|boost
|-boost|p1a: Blaziken|spe|1
|upkeep
|
|t:|1784230124
|switch|p2a: Garchomp|Garchomp, L50, M|100/100
|switch|p2b: Raichu|Raichu, L50, F|100/100
|turn|3
|
|t:|1784230138
|move|p1a: Blaziken|Protect|p1a: Blaziken
|-singleturn|p1a: Blaziken|Protect
|move|p1b: Dragonite|Protect|p1b: Dragonite
|-singleturn|p1b: Dragonite|Protect
|move|p2b: Raichu|Fake Out|p1b: Dragonite
|-activate|p1b: Dragonite|move: Protect
|move|p2a: Garchomp|Dragon Claw|p1b: Dragonite
|-activate|p1b: Dragonite|move: Protect
|
|-ability|p1a: Blaziken|Speed Boost|boost
|-boost|p1a: Blaziken|spe|1
|upkeep
|turn|4
|inactive|rbresser has 30 seconds left.
|
|t:|1784230165
|detailschange|p2b: Raichu|Raichu-Mega-Y, L50, F
|-mega|p2b: Raichu|Raichu|Raichunite Y
|move|p1a: Blaziken|Flare Blitz|p2b: Raichu
|-damage|p2b: Raichu|0 fnt
|faint|p2b: Raichu
|-damage|p1a: Blaziken|37/100|[from] Recoil
|move|p1b: Dragonite|Dragon Claw|p2a: Garchomp
|-supereffective|p2a: Garchomp|1
|-damage|p2a: Garchomp|0 fnt
|-damage|p1b: Dragonite|68/100|[from] ability: Rough Skin|[of] p2a: Garchomp
|faint|p2a: Garchomp
|-damage|p1b: Dragonite|58/100|[from] item: Life Orb
|
|win|VenusaurBot
||rbresser is ready for game 2.
||VenusaurBot is ready for game 2.
|uhtml|next|Next: Game 2 of 3
|l|☆rbresser
|player|p2|
