|j|☆DkayMM
|j|☆idislikerathalos
|html|DkayMMidislikerathalos    
|uhtml|bestof|Game 1 of a best-of-3
|t:|1756985791
|gametype|doubles
|player|p1|DkayMM|1|1003
|player|p2|idislikerathalos|rocketgrunt|1000
|gen|9
|tier|[Gen 9] VGC 2025 Reg H (Bo3)
|rated|
|rule|Species Clause: Limit one of each Pokémon
|rule|Item Clause: Limit 1 of each item
|clearpoke
|poke|p1|Charizard, L50, F|
|poke|p1|Torkoal, L50, M|
|poke|p1|Porygon2, L50|
|poke|p1|Incineroar, L50, F|
|poke|p1|Jumpluff, L50, M|
|poke|p1|Ursaluna, L50, F|
|poke|p2|Indeedee-F, L50, F|
|poke|p2|Hatterene, L50, F|
|poke|p2|Torkoal, L50, M|
|poke|p2|Lilligant-Hisui, L50, F|
|poke|p2|Ursaluna, L50, F|
|poke|p2|Amoonguss, L50, F|
|teampreview|4
|showteam|p1|Charizard||ChoiceSpecs|SolarPower|HeatWave,Overheat,WeatherBall,AirSlash|||F|||50|,,,,,Ghost]Torkoal||EjectPack|Drought|Eruption,Overheat,HelpingHand,Protect|||M|||50|,,,,,Fire]Porygon2||Eviolite|Download|TeraBlast,IceBeam,Recover,TrickRoom||||||50|,,,,,Fighting]Incineroar||SitrusBerry|Intimidate|FlareBlitz,KnockOff,FakeOut,PartingShot|||F|||50|,,,,,Ghost]Jumpluff||CovertCloak|Chlorophyll|SleepPowder,SunnyDay,RagePowder,Tailwind|||M|||50|,,,,,Water]Ursaluna||FlameOrb|Guts|HeadlongRush,Facade,Earthquake,Protect|||F|||50|,,,,,Ghost
|showteam|p2|Indeedee-F||RockyHelmet|PsychicSurge|FollowMe,HelpingHand,Psychic,TrickRoom|||F|||50|,,,,,Grass]Hatterene||LifeOrb|MagicBounce|Protect,ExpandingForce,DazzlingGleam,TrickRoom|||F|||50|,,,,,Water]Torkoal||ChoiceSpecs|Drought|Eruption,Overheat,SolarBeam,HeatWave|||M|||50|,,,,,Fire]Lilligant-Hisui||FocusSash|Chlorophyll|Protect,SolarBlade,SleepPowder,AfterYou|||F|||50|,,,,,Ghost]Ursaluna||FlameOrb|Guts|Protect,Facade,Earthquake,HeadlongRush|||F|||50|,,,,,Ghost]Amoonguss||SitrusBerry|Regenerator|Protect,Spore,RagePowder,PollenPuff|||F|||50|,,,,,Water
|inactive|Battle timer is ON: inactive players will automatically lose when time's up. (requested by DkayMM)
|inactive|DkayMM has 60 seconds left.
|
|t:|1756985858
|teamsize|p1|4
|teamsize|p2|4
|start
|switch|p1a: Ursaluna|Ursaluna, L50, F|100/100
|switch|p1b: Jumpluff|Jumpluff, L50, M|100/100
|switch|p2a: Lilligant|Lilligant-Hisui, L50, F, shiny|100/100
|switch|p2b: Torkoal|Torkoal, L50, M|100/100
|-weather|SunnyDay|[from] ability: Drought|[of] p2b: Torkoal
|turn|1
|inactive|DkayMM has 30 seconds left.
|inactive|idislikerathalos has 30 seconds left.
|inactive|DkayMM has 20 seconds left.
|inactive|DkayMM has 15 seconds left.
|inactive|DkayMM has 10 seconds left.
|inactive|idislikerathalos has 20 seconds left.
|inactive|idislikerathalos has 15 seconds left.
|inactive|idislikerathalos has 10 seconds left.
|
|t:|1756985915
|move|p1a: Ursaluna|Protect|p1a: Ursaluna
|-singleturn|p1a: Ursaluna|Protect
|move|p1b: Jumpluff|Tailwind|p1b: Jumpluff
|-sidestart|p1: DkayMM|move: Tailwind
|move|p2a: Lilligant|Sleep Powder|p1a: Ursaluna
|-activate|p1a: Ursaluna|move: Protect
|move|p2b: Torkoal|Eruption|p1a: Ursaluna|[spread] p1b
|-activate|p1a: Ursaluna|move: Protect
|-supereffective|p1b: Jumpluff
|-damage|p1b: Jumpluff|0 fnt
|faint|p1b: Jumpluff
|
|-weather|SunnyDay|[upkeep]
|-status|p1a: Ursaluna|brn|[from] item: Flame Orb
|upkeep
|
|t:|1756985929
|switch|p1b: Charizard|Charizard, L50, F|100/100
|turn|2
|inactive|idislikerathalos has 30 seconds left.
|inactive|idislikerathalos has 20 seconds left.
|
|t:|1756985967
|switch|p2b: Indeedee|Indeedee-F, L50, F|100/100
|-fieldstart|move: Psychic Terrain|[from] ability: Psychic Surge|[of] p2b: Indeedee
|-terastallize|p1a: Ursaluna|Ghost
|move|p2a: Lilligant|Solar Blade||[still]
|-prepare|p2a: Lilligant|Solar Blade
|-anim|p2a: Lilligant|Solar Blade|p1a: Ursaluna
|-damage|p1a: Ursaluna|53/100 brn
|move|p1b: Charizard|Heat Wave|p2b: Indeedee|[spread] p2a,p2b
|-supereffective|p2a: Lilligant
|-enditem|p2a: Lilligant|Focus Sash
|-damage|p2a: Lilligant|1/100
|-damage|p2b: Indeedee|2/100
|-status|p2a: Lilligant|brn
|move|p1a: Ursaluna|Earthquake|p2b: Indeedee|[spread] p2a,p2b
|-immune|p1b: Charizard
|-resisted|p2a: Lilligant
|-damage|p2a: Lilligant|0 fnt
|-damage|p2b: Indeedee|0 fnt
|faint|p2a: Lilligant
|faint|p2b: Indeedee
|
|-weather|SunnyDay|[upkeep]
|-damage|p1b: Charizard|88/100|[from] ability: Solar Power|[of] p1b: Charizard
|-damage|p1a: Ursaluna|47/100 brn|[from] brn
|upkeep
|
|t:|1756985985
|switch|p2a: Ursaluna|Ursaluna, L50, F|100/100
|switch|p2b: Torkoal|Torkoal, L50, M|100/100
|turn|3
|-message|idislikerathalos forfeited.
|
|win|DkayMM
|l|☆idislikerathalos
|player|p2|
