|j|☆EzNumbers
|j|☆Pumpkinman
|html|EzNumbersPumpkinman    
|uhtml|bestof|Game 1 of a best-of-3
|t:|1756748033
|gametype|doubles
|player|p1|EzNumbers|iris|1061
|player|p2|Pumpkinman|cyclist-gen4|1043
|gen|9
|tier|[Gen 9] VGC 2025 Reg H (Bo3)
|rated|
|rule|Species Clause: Limit one of each Pokémon
|rule|Item Clause: Limit 1 of each item
|clearpoke
|poke|p1|Sneasler, L50, F|
|poke|p1|Dragonite, L50, F|
|poke|p1|Volcarona, L50, M|
|poke|p1|Ninetales-Alola, L50, M|
|poke|p1|Kingambit, L50, F|
|poke|p1|Electabuzz, L50, F|
|poke|p2|Charizard, L50, F|
|poke|p2|Torkoal, L50, M|
|poke|p2|Porygon2, L50|
|poke|p2|Incineroar, L50, F|
|poke|p2|Jumpluff, L50, M|
|poke|p2|Ursaluna, L50, M|
|teampreview|4
|showteam|p1|Sneasler||FocusSash|Unburden|Coaching,DireClaw,CloseCombat,Protect|||F|||50|,,,,,Stellar]Dragonite||LoadedDice|Multiscale|Haze,ScaleShot,ExtremeSpeed,Protect|||F|||50|,,,,,Fairy]Volcarona||CovertCloak|FlameBody|QuiverDance,HeatWave,TeraBlast,Protect|||M|||50|,,,,,Water]Ninetales-Alola||LifeOrb|SnowWarning|AuroraVeil,Moonblast,Blizzard,Protect|||M|||50|,,,,,Ghost]Kingambit||BlackGlasses|Defiant|SuckerPunch,KowtowCleave,SwordsDance,Protect|||F|||50|,,,,,Dark]Electabuzz||Eviolite|VitalSpirit|ThunderWave,FollowMe,Taunt,Thunderbolt|||F|||50|,,,,,Bug
|showteam|p2|Charizard||ChoiceSpecs|SolarPower|HeatWave,Overheat,WeatherBall,AirSlash|||F|||50|,,,,,Ghost]Torkoal||EjectPack|Drought|Eruption,Overheat,HelpingHand,Protect|||M|||50|,,,,,Fire]Porygon2||Eviolite|Download|TeraBlast,IceBeam,Recover,TrickRoom||||||50|,,,,,Fighting]Incineroar||SitrusBerry|Intimidate|FlareBlitz,KnockOff,FakeOut,PartingShot|||F|||50|,,,,,Ghost]Jumpluff||CovertCloak|Chlorophyll|SleepPowder,SunnyDay,RagePowder,Tailwind|||M|||50|,,,,,Water]Ursaluna||FlameOrb|Guts|HeadlongRush,Facade,Earthquake,Protect|||M|||50|,,,,,Ghost
|inactive|Battle timer is ON: inactive players will automatically lose when time's up. (requested by Pumpkinman)
|inactive|EzNumbers has 60 seconds left.
|inactive|Pumpkinman has 60 seconds left.
|inactive|EzNumbers has 30 seconds left.
|inactive|EzNumbers has 20 seconds left.
|
|t:|1756748108
|teamsize|p1|4
|teamsize|p2|4
|start
|switch|p1a: Sneasler|Sneasler, L50, F|100/100
|switch|p1b: Ninetales|Ninetales-Alola, L50, M|100/100
|switch|p2a: Porygon2|Porygon2, L50|100/100
|switch|p2b: Torkoal|Torkoal, L50, M|100/100
|-weather|Snowscape|[from] ability: Snow Warning|[of] p1b: Ninetales
|-ability|p2a: Porygon2|Download|boost
|-boost|p2a: Porygon2|atk|1
|-weather|SunnyDay|[from] ability: Drought|[of] p2b: Torkoal
|turn|1
|inactive|EzNumbers has 30 seconds left.
|inactive|Pumpkinman has 30 seconds left.
|inactive|Pumpkinman has 20 seconds left.
|
|t:|1756748147
|move|p1a: Sneasler|Close Combat|p2a: Porygon2
|-supereffective|p2a: Porygon2
|-damage|p2a: Porygon2|12/100
|-unboost|p1a: Sneasler|def|1
|-unboost|p1a: Sneasler|spd|1
|move|p1b: Ninetales|Moonblast|p2a: Porygon2
|-damage|p2a: Porygon2|0 fnt
|faint|p2a: Porygon2
|-damage|p1b: Ninetales|91/100|[from] item: Life Orb
|move|p2b: Torkoal|Eruption|p1b: Ninetales|[spread] p1a,p1b
|-supereffective|p1b: Ninetales
|-enditem|p1a: Sneasler|Focus Sash
|-damage|p1a: Sneasler|1/100
|-damage|p1b: Ninetales|0 fnt
|faint|p1b: Ninetales
|
|-weather|SunnyDay|[upkeep]
|upkeep
|
|t:|1756748170
|switch|p1b: Electabuzz|Electabuzz, L50, F|100/100
|switch|p2a: Incineroar|Incineroar, L50, F|100/100
|-ability|p2a: Incineroar|Intimidate|boost
|-unboost|p1a: Sneasler|atk|1
|-unboost|p1b: Electabuzz|atk|1
|turn|2
|inactive|Pumpkinman has 30 seconds left.
|inactive|EzNumbers has 30 seconds left.
|inactive|Pumpkinman has 20 seconds left.
|inactive|Pumpkinman has 15 seconds left.
|inactive|Pumpkinman has 10 seconds left.
|
|t:|1756748217
|switch|p1a: Dragonite|Dragonite, L50, F|100/100
|move|p2a: Incineroar|Fake Out|p1a: Dragonite
|-damage|p1a: Dragonite|95/100
|move|p1b: Electabuzz|Thunder Wave|p2b: Torkoal
|-status|p2b: Torkoal|par
|move|p2b: Torkoal|Overheat|p1b: Electabuzz
|-damage|p1b: Electabuzz|41/100
|-unboost|p2b: Torkoal|spa|2
|-enditem|p2b: Torkoal|Eject Pack
|
|t:|1756748228
|switch|p2b: Ursaluna|Ursaluna, L50, M|100/100
|
|-weather|SunnyDay|[upkeep]
|-status|p2b: Ursaluna|brn|[from] item: Flame Orb
|upkeep
|turn|3
|inactive|EzNumbers has 30 seconds left.
|inactive|Pumpkinman has 30 seconds left.
|inactive|EzNumbers has 20 seconds left.
|inactive|Pumpkinman has 20 seconds left.
|inactive|EzNumbers has 15 seconds left.
|inactive|Pumpkinman has 15 seconds left.
|inactive|EzNumbers has 10 seconds left.
|inactive|Pumpkinman has 10 seconds left.
|
|t:|1756748277
|move|p1b: Electabuzz|Follow Me|p1b: Electabuzz
|-singleturn|p1b: Electabuzz|move: Follow Me
|move|p1a: Dragonite|Scale Shot|p2a: Incineroar
|-damage|p2a: Incineroar|88/100
|-damage|p2a: Incineroar|74/100
|-damage|p2a: Incineroar|61/100
|-damage|p2a: Incineroar|48/100
|-enditem|p2a: Incineroar|Sitrus Berry|[eat]
|-heal|p2a: Incineroar|72/100|[from] item: Sitrus Berry
|-hitcount|p2a: Incineroar|4
|-unboost|p1a: Dragonite|def|1
|-boost|p1a: Dragonite|spe|1
|move|p2a: Incineroar|Knock Off|p1b: Electabuzz
|-damage|p1b: Electabuzz|8/100
|-enditem|p1b: Electabuzz|Eviolite|[from] move: Knock Off|[of] p2a: Incineroar
|move|p2b: Ursaluna|Facade|p1b: Electabuzz
|-damage|p1b: Electabuzz|0 fnt
|faint|p1b: Electabuzz
|
|-weather|SunnyDay|[upkeep]
|-damage|p2b: Ursaluna|95/100 brn|[from] brn
|upkeep
|
|t:|1756748299
|switch|p1b: Sneasler|Sneasler, L50, F|1/100
|turn|4
|inactive|EzNumbers has 30 seconds left.
|inactive|Pumpkinman has 30 seconds left.
|inactive|Pumpkinman has 20 seconds left.
|inactive|Pumpkinman has 15 seconds left.
|
|t:|1756748344
|-terastallize|p2b: Ursaluna|Ghost
|move|p1a: Dragonite|Protect|p1a: Dragonite
|-singleturn|p1a: Dragonite|Protect
|move|p1b: Sneasler|Close Combat|p2a: Incineroar
|-supereffective|p2a: Incineroar
|-damage|p2a: Incineroar|0 fnt
|-unboost|p1b: Sneasler|def|1
|-unboost|p1b: Sneasler|spd|1
|faint|p2a: Incineroar
|move|p2b: Ursaluna|Facade|p1a: Dragonite
|-activate|p1a: Dragonite|move: Protect
|
|-weather|SunnyDay|[upkeep]
|-damage|p2b: Ursaluna|89/100 brn|[from] brn
|upkeep
|
|t:|1756748351
|switch|p2a: Torkoal|Torkoal, L50, M|100/100 par
|turn|5
|inactive|EzNumbers has 30 seconds left.
|inactive|Pumpkinman has 30 seconds left.
|inactive|EzNumbers has 20 seconds left.
|inactive|EzNumbers has 15 seconds left.
|inactive|EzNumbers has 10 seconds left.
|
|t:|1756748399
|-terastallize|p1a: Dragonite|Fairy
|move|p1b: Sneasler|Close Combat|p2b: Ursaluna
|-immune|p2b: Ursaluna
|move|p1a: Dragonite|Scale Shot|p2b: Ursaluna
|-damage|p2b: Ursaluna|78/100 brn
|-damage|p2b: Ursaluna|67/100 brn
|-damage|p2b: Ursaluna|57/100 brn
|-damage|p2b: Ursaluna|47/100 brn
|-hitcount|p2b: Ursaluna|4
|-unboost|p1a: Dragonite|def|1
|-boost|p1a: Dragonite|spe|1
|move|p2b: Ursaluna|Facade|p1a: Dragonite
|-damage|p1a: Dragonite|0 fnt
|faint|p1a: Dragonite
|move|p2a: Torkoal|Eruption|p1b: Sneasler
|-damage|p1b: Sneasler|0 fnt
|faint|p1b: Sneasler
|
|win|Pumpkinman
|inactive|EzNumbers has 30 seconds to confirm battle start!
|inactive|Pumpkinman has 30 seconds to confirm battle start!
|inactive|EzNumbers has 20 seconds to confirm battle start!
|inactive|Pumpkinman has 20 seconds to confirm battle start!
||Pumpkinman is ready for game 2.
||EzNumbers is ready for game 2.
|uhtml|next|Next: Game 2 of 3
