|j|☆TORVEX
|j|☆mil0battles
|html|TORVEXmil0battles    
|uhtml|bestof|Game 2 of a best-of-3
|t:|1756850813
|gametype|doubles
|player|p1|TORVEX|acetrainer-gen4dp|1066
|player|p2|mil0battles|pokemonranger-gen4|1162
|gen|9
|tier|[Gen 9] VGC 2025 Reg H (Bo3)
|rated|
|rule|Species Clause: Limit one of each Pokémon
|rule|Item Clause: Limit 1 of each item
|clearpoke
|poke|p1|Incineroar, L50, M|
|poke|p1|Sinistcha, L50|
|poke|p1|Garchomp, L50, M|
|poke|p1|Pelipper, L50, M|
|poke|p1|Palafin, L50, M|
|poke|p1|Archaludon, L50, F|
|poke|p2|Ursaluna-Bloodmoon, L50, M|
|poke|p2|Gholdengo, L50|
|poke|p2|Dragonite, L50, F|
|poke|p2|Primarina, L50, F|
|poke|p2|Amoonguss, L50, F|
|poke|p2|Incineroar, L50, F|
|teampreview|4
|showteam|p1|Incineroar||SafetyGoggles|Intimidate|FakeOut,WillOWisp,KnockOff,PartingShot|||M|||50|,,,,,Grass]Sinistcha||BigRoot|Hospitality|Protect,RagePowder,MatchaGotcha,Hex||||||50|,,,,,Fire]Garchomp||LoadedDice|RoughSkin|Protect,ScaleShot,StompingTantrum,SwordsDance|||M|||50|,,,,,Steel]Pelipper||RockyHelmet|Drizzle|Protect,Tailwind,WeatherBall,Hurricane|||M|||50|,,,,,Ghost]Palafin||MysticWater|ZerotoHero|Protect,WaveCrash,JetPunch,DrainPunch|||M|||50|,,,,,Water]Archaludon||AssaultVest|Stamina|DragonPulse,FlashCannon,ElectroShot,BodyPress|||F|||50|,,,,,Grass
|showteam|p2|Ursaluna-Bloodmoon||AssaultVest|MindsEye|BloodMoon,EarthPower,VacuumWave,HyperVoice|||M|||50|,,,,,Water]Gholdengo||LifeOrb|GoodasGold|Protect,MakeItRain,ShadowBall,NastyPlot||||||50|,,,,,Water]Dragonite||LoadedDice|Multiscale|ScaleShot,Tailwind,Haze,Protect|||F|||50|,,,,,Fairy]Primarina||ThroatSpray|LiquidVoice|HyperVoice,Moonblast,Haze,Protect|||F|||50|,,,,,Poison]Amoonguss||SitrusBerry|Regenerator|Spore,RagePowder,PollenPuff,Protect|||F|||50|,,,,,Water]Incineroar||SafetyGoggles|Intimidate|FakeOut,KnockOff,PartingShot,FlareBlitz|||F|||50|,,,,,Ghost
|inactive|Battle timer is ON: inactive players will automatically lose when time's up. (requested by TORVEX)
|inactive|TORVEX has 60 seconds left.
|inactive|TORVEX has 30 seconds left.
|inactive|TORVEX has 20 seconds left.
|
|t:|1756850888
|teamsize|p1|4
|teamsize|p2|4
|start
|switch|p1a: Archaludon|Archaludon, L50, F|100/100
|switch|p1b: Pelipper|Pelipper, L50, M|100/100
|switch|p2a: Dragonite|Dragonite, L50, F|100/100
|switch|p2b: Ursaluna|Ursaluna-Bloodmoon, L50, M|100/100
|-weather|RainDance|[from] ability: Drizzle|[of] p1b: Pelipper
|turn|1
|
|t:|1756850910
|move|p2a: Dragonite|Tailwind|p2a: Dragonite
|-sidestart|p2: mil0battles|move: Tailwind
|move|p2b: Ursaluna|Blood Moon|p1b: Pelipper
|-damage|p1b: Pelipper|0 fnt
|faint|p1b: Pelipper
|move|p1a: Archaludon|Electro Shot||[still]
|-prepare|p1a: Archaludon|Electro Shot
|-boost|p1a: Archaludon|spa|1
|-anim|p1a: Archaludon|Electro Shot|p2b: Ursaluna
|-immune|p2b: Ursaluna
|
|-weather|RainDance|[upkeep]
|upkeep
|
|t:|1756850917
|switch|p1b: Sinistcha|Sinistcha, L50|100/100
|turn|2
|
|t:|1756850937
|-terastallize|p1a: Archaludon|Grass
|move|p2a: Dragonite|Scale Shot|p1a: Archaludon
|-crit|p1a: Archaludon
|-damage|p1a: Archaludon|83/100
|-ability|p1a: Archaludon|Stamina|boost
|-boost|p1a: Archaludon|def|1
|-crit|p1a: Archaludon
|-damage|p1a: Archaludon|65/100
|-ability|p1a: Archaludon|Stamina|boost
|-boost|p1a: Archaludon|def|1
|-damage|p1a: Archaludon|60/100
|-ability|p1a: Archaludon|Stamina|boost
|-boost|p1a: Archaludon|def|1
|-damage|p1a: Archaludon|54/100
|-ability|p1a: Archaludon|Stamina|boost
|-boost|p1a: Archaludon|def|1
|-damage|p1a: Archaludon|50/100
|-ability|p1a: Archaludon|Stamina|boost
|-boost|p1a: Archaludon|def|1
|-hitcount|p1a: Archaludon|5
|-unboost|p2a: Dragonite|def|1
|-boost|p2a: Dragonite|spe|1
|move|p2b: Ursaluna|Hyper Voice|p1a: Archaludon|[spread] p1a,p1b
|-damage|p1a: Archaludon|21/100
|-damage|p1b: Sinistcha|49/100
|-ability|p1a: Archaludon|Stamina|boost
|-boost|p1a: Archaludon|def|1
|move|p1a: Archaludon|Dragon Pulse|p2b: Ursaluna
|-damage|p2b: Ursaluna|54/100
|move|p1b: Sinistcha|Matcha Gotcha|p2b: Ursaluna|[spread] p2a,p2b
|-resisted|p2a: Dragonite
|-supereffective|p2b: Ursaluna
|-damage|p2a: Dragonite|97/100
|-heal|p1b: Sinistcha|51/100|[from] drain|[of] p2a: Dragonite
|-damage|p2b: Ursaluna|10/100
|-heal|p1b: Sinistcha|88/100|[from] drain|[of] p2b: Ursaluna
|
|-weather|RainDance|[upkeep]
|upkeep
|turn|3
|inactive|TORVEX has 30 seconds left.
|inactive|mil0battles has 30 seconds left.
|inactive|TORVEX has 20 seconds left.
|inactive|mil0battles has 20 seconds left.
|
|t:|1756850976
|switch|p1b: Garchomp|Garchomp, L50, M|100/100
|move|p2a: Dragonite|Scale Shot|p1b: Garchomp
|-supereffective|p1b: Garchomp
|-damage|p1b: Garchomp|71/100
|-supereffective|p1b: Garchomp
|-damage|p1b: Garchomp|44/100
|-supereffective|p1b: Garchomp
|-damage|p1b: Garchomp|19/100
|-supereffective|p1b: Garchomp
|-damage|p1b: Garchomp|0 fnt
|faint|p1b: Garchomp
|-hitcount|p1: Garchomp|4
|-unboost|p2a: Dragonite|def|1
|-boost|p2a: Dragonite|spe|1
|move|p2b: Ursaluna|Blood Moon|p1a: Archaludon
|-damage|p1a: Archaludon|0 fnt
|faint|p1a: Archaludon
|
|-weather|RainDance|[upkeep]
|upkeep
|-message|TORVEX forfeited.
|
|win|mil0battles
|l|☆TORVEX
|player|p1|
||TORVEX is ready for game 3.
||mil0battles is ready for game 3.
|uhtml|next|Next: Game 3 of 3
