|j|☆T-Soro
|j|☆dont make me walk
|html|T-Sorodont make me walk    
|uhtml|bestof|Game 2 of a best-of-3
|t:|1756714693
|gametype|doubles
|player|p1|T-Soro|1|1249
|player|p2|dont make me walk|red-masters3|1288
|gen|9
|tier|[Gen 9] VGC 2025 Reg H (Bo3)
|rated|
|rule|Species Clause: Limit one of each Pokémon
|rule|Item Clause: Limit 1 of each item
|clearpoke
|poke|p1|Indeedee, L50, M|
|poke|p1|Sneasler, L50, M|
|poke|p1|Tyranitar, L50, F|
|poke|p1|Excadrill, L50, M|
|poke|p1|Corviknight, L50, F|
|poke|p1|Annihilape, L50, F|
|poke|p2|Ursaluna-Bloodmoon, L50, M|
|poke|p2|Indeedee, L50, M|
|poke|p2|Sneasler, L50, M|
|poke|p2|Incineroar, L50, M|
|poke|p2|Talonflame, L50, F|
|poke|p2|Garchomp, L50, M|
|teampreview|4
|showteam|p1|Indeedee||FocusSash|PsychicSurge|Imprison,TrickRoom,TeraBlast,ExpandingForce|||M|||50|,,,,,Grass]Sneasler||PsychicSeed|Unburden|Protect,DireClaw,CloseCombat,ThroatChop|||M|||50|,,,,,Dark]Tyranitar||AssaultVest|SandStream|RockSlide,KnockOff,LowKick,TeraBlast|||F|||50|,,,,,Flying]Excadrill||LifeOrb|SandRush|IronHead,Protect,Earthquake,HighHorsepower|||M|||50|,,,,,Stellar]Corviknight||Leftovers|MirrorArmor|BraveBird,PowerTrip,BulkUp,Roost|||F|||50|,,,,,Water]Annihilape||SafetyGoggles|Defiant|RageFist,DrainPunch,BulkUp,Protect|||F|||50|,,,,,Fire
|showteam|p2|Ursaluna-Bloodmoon||LifeOrb|MindsEye|Protect,EarthPower,HyperVoice,BloodMoon|||M|||50|,,,,,Normal]Indeedee||FocusSash|PsychicSurge|ExpandingForce,TeraBlast,TrickRoom,Protect|||M|||50|,,,,,Fighting]Sneasler||PsychicSeed|Unburden|DireClaw,CloseCombat,ThroatChop,Protect|||M|||50|,,,,,Dark]Incineroar||AssaultVest|Intimidate|FakeOut,KnockOff,FlareBlitz,Uturn|||M|||50|,,,,,Grass]Talonflame||CovertCloak|GaleWings|FlareBlitz,DualWingbeat,WillOWisp,Tailwind|||F|||50|,,,,,Fairy]Garchomp||ClearAmulet|RoughSkin|Earthquake,StompingTantrum,DragonClaw,Protect|||M|||50|,,,,,Ground
|inactive|Battle timer is ON: inactive players will automatically lose when time's up. (requested by dont make me walk)
|
|t:|1756714708
|teamsize|p1|4
|teamsize|p2|4
|start
|switch|p1a: Indeedee|Indeedee, L50, M|100/100
|switch|p1b: Sneasler|Sneasler, L50, M|100/100
|switch|p2a: Garchomp|Garchomp, L50, M|100/100
|switch|p2b: Talonflame|Talonflame, L50, F|100/100
|-fieldstart|move: Psychic Terrain|[from] ability: Psychic Surge|[of] p1a: Indeedee
|-enditem|p1b: Sneasler|Psychic Seed
|-boost|p1b: Sneasler|spd|1|[from] item: Psychic Seed
|turn|1
|inactive|T-Soro has 30 seconds left.
|
|t:|1756714733
|move|p2b: Talonflame|Tailwind|p2b: Talonflame
|-sidestart|p2: dont make me walk|move: Tailwind
|move|p1b: Sneasler|Close Combat|p2a: Garchomp
|-crit|p2a: Garchomp
|-damage|p2a: Garchomp|2/100
|-unboost|p1b: Sneasler|def|1
|-unboost|p1b: Sneasler|spd|1
|-damage|p1b: Sneasler|88/100|[from] ability: Rough Skin|[of] p2a: Garchomp
|move|p2a: Garchomp|Earthquake|p1a: Indeedee|[spread] p1a,p1b
|-immune|p2b: Talonflame
|-supereffective|p1b: Sneasler
|-damage|p1a: Indeedee|16/100
|-damage|p1b: Sneasler|0 fnt
|faint|p1b: Sneasler
|move|p1a: Indeedee|Expanding Force|p2a: Garchomp|[spread] p2a,p2b
|-damage|p2a: Garchomp|0 fnt
|-damage|p2b: Talonflame|25/100
|faint|p2a: Garchomp
|
|upkeep
|
|t:|1756714745
|switch|p1b: Tyranitar|Tyranitar, L50, F|100/100
|switch|p2a: Ursaluna|Ursaluna-Bloodmoon, L50, M|100/100
|-weather|Sandstorm|[from] ability: Sand Stream|[of] p1b: Tyranitar
|turn|2
|
|t:|1756714760
|-terastallize|p1b: Tyranitar|Flying
|move|p2b: Talonflame|Will-O-Wisp|p1b: Tyranitar
|-status|p1b: Tyranitar|brn
|move|p2a: Ursaluna|Hyper Voice|p1b: Tyranitar|[spread] p1a,p1b
|-damage|p1a: Indeedee|0 fnt
|-damage|p1b: Tyranitar|73/100 brn
|faint|p1a: Indeedee
|-damage|p2a: Ursaluna|91/100|[from] item: Life Orb
|move|p1b: Tyranitar|Rock Slide|p2b: Talonflame|[spread] p2a,p2b
|-resisted|p2a: Ursaluna
|-supereffective|p2b: Talonflame
|-damage|p2a: Ursaluna|85/100
|-damage|p2b: Talonflame|0 fnt
|faint|p2b: Talonflame
|
|-weather|Sandstorm|[upkeep]
|-damage|p1b: Tyranitar|67/100 brn|[from] Sandstorm
|-damage|p1b: Tyranitar|61/100 brn|[from] brn
|upkeep
|
|t:|1756714767
|switch|p2b: Sneasler|Sneasler, L50, M|100/100
|switch|p1a: Excadrill|Excadrill, L50, M|100/100
|-enditem|p2b: Sneasler|Psychic Seed
|-boost|p2b: Sneasler|spd|1|[from] item: Psychic Seed
|turn|3
|
|t:|1756714776
|-terastallize|p2b: Sneasler|Dark
|move|p1a: Excadrill|Protect|p1a: Excadrill
|-singleturn|p1a: Excadrill|Protect
|move|p2b: Sneasler|Close Combat|p1a: Excadrill
|-activate|p1a: Excadrill|move: Protect
|move|p2a: Ursaluna|Blood Moon|p1b: Tyranitar
|-damage|p1b: Tyranitar|8/100 brn
|-damage|p2a: Ursaluna|76/100|[from] item: Life Orb
|move|p1b: Tyranitar|Tera Blast|p2b: Sneasler|[anim] Tera Blast Flying
|-damage|p2b: Sneasler|65/100
|
|-weather|Sandstorm|[upkeep]
|-damage|p2b: Sneasler|59/100|[from] Sandstorm
|-damage|p1b: Tyranitar|2/100 brn|[from] Sandstorm
|-damage|p1b: Tyranitar|0 fnt|[from] brn
|faint|p1b: Tyranitar
|upkeep
|turn|4
|
|t:|1756714784
|move|p2b: Sneasler|Close Combat|p1a: Excadrill
|-supereffective|p1a: Excadrill
|-damage|p1a: Excadrill|0 fnt
|-unboost|p2b: Sneasler|def|1
|-unboost|p2b: Sneasler|spd|1
|faint|p1a: Excadrill
|
|win|dont make me walk
|raw|T-Soro's rating: 1249 → 1227(-22 for losing)
|raw|dont make me walk's rating: 1288 → 1310(+22 for winning)
|l|☆T-Soro
|player|p1|
