|j|☆Llama_Llord
|j|☆StardragonVGC
|html|Llama_LlordStardragonVGC    
|uhtml|bestof|Game 3 of a best-of-3
|t:|1757640891
|gametype|doubles
|player|p1|Llama_Llord|101|1100
|player|p2|StardragonVGC|burglar|1131
|gen|9
|tier|[Gen 9] VGC 2025 Reg H (Bo3)
|rated|
|rule|Species Clause: Limit one of each Pokémon
|rule|Item Clause: Limit 1 of each item
|clearpoke
|poke|p1|Talonflame, L50, M|
|poke|p1|Garchomp, L50, M|
|poke|p1|Gholdengo, L50|
|poke|p1|Tyranitar, L50, M|
|poke|p1|Amoonguss, L50, F|
|poke|p1|Milotic, L50, M|
|poke|p2|Ursaluna-Bloodmoon, L50, M|
|poke|p2|Porygon2, L50|
|poke|p2|Tyranitar, L50, M|
|poke|p2|Annihilape, L50, M|
|poke|p2|Amoonguss, L50, F|
|poke|p2|Corviknight, L50, M|
|teampreview|4
|showteam|p1|Talonflame||CovertCloak|GaleWings|Tailwind,BraveBird,WillOWisp,Taunt|||M|||50|,,,,,Grass]Garchomp||LifeOrb|RoughSkin|Earthquake,DragonClaw,StompingTantrum,Protect|||M|||50|,,,,,Fairy]Gholdengo||ChoiceSpecs|GoodasGold|MakeItRain,ShadowBall,Thunderbolt,PowerGem||||||50|,,,,,Steel]Tyranitar||AssaultVest|SandStream|RockSlide,KnockOff,TeraBlast,LowKick|||M|||50|,,,,,Flying]Amoonguss||SitrusBerry|Regenerator|PollenPuff,Spore,RagePowder,Protect|||F|||50|,,,,,Water]Milotic||SafetyGoggles|Competitive|Scald,IcyWind,Haze,Protect|||M|||50|,,,,,Dragon
|showteam|p2|Ursaluna-Bloodmoon||AssaultVest|MindsEye|BloodMoon,EarthPower,HyperVoice,VacuumWave|||M|||50|,,,,,Water]Porygon2||Eviolite|Download|TrickRoom,IceBeam,Recover,TeraBlast||||||50|,,,,,Fighting]Tyranitar||ClearAmulet|SandStream|KnockOff,HighHorsepower,DragonDance,Protect|||M|||50|,,,,,Ground]Annihilape||SafetyGoggles|Defiant|RageFist,DrainPunch,Taunt,Protect|||M|||50|,,,,,Fire]Amoonguss||SitrusBerry|Regenerator|Spore,RagePowder,PollenPuff,Protect|||F|||50|,,,,,Water]Corviknight||Leftovers|MirrorArmor|BraveBird,Protect,Tailwind,BulkUp|||M|||50|,,,,,Fire
|inactive|Battle timer is ON: inactive players will automatically lose when time's up. (requested by StardragonVGC)
|inactive|Llama_Llord also wants the timer to be on.
|inactive|StardragonVGC has 60 seconds left.
|inactive|StardragonVGC has 30 seconds left.
|inactive|StardragonVGC has 20 seconds left.
|
|t:|1757640964
|teamsize|p1|4
|teamsize|p2|4
|start
|switch|p1a: Talonflame|Talonflame, L50, M|100/100
|switch|p1b: Gholdengo|Gholdengo, L50|100/100
|switch|p2a: Ursaluna|Ursaluna-Bloodmoon, L50, M|100/100
|switch|p2b: Corviknight|Corviknight, L50, M|100/100
|turn|1
|inactive|Llama_Llord has 30 seconds left.
|inactive|StardragonVGC has 30 seconds left.
|inactive|Llama_Llord has 20 seconds left.
|inactive|StardragonVGC has 20 seconds left.
|inactive|Llama_Llord has 15 seconds left.
|inactive|StardragonVGC has 15 seconds left.
|inactive|StardragonVGC has 10 seconds left.
|inactive|StardragonVGC has 5 seconds left.
|
|t:|1757641014
|move|p1a: Talonflame|Tailwind|p1a: Talonflame
|-sidestart|p1: Llama_Llord|move: Tailwind
|move|p1b: Gholdengo|Thunderbolt|p2b: Corviknight
|-supereffective|p2b: Corviknight
|-damage|p2b: Corviknight|18/100
|move|p2b: Corviknight|Brave Bird|p1a: Talonflame
|-damage|p1a: Talonflame|52/100
|-damage|p2b: Corviknight|3/100|[from] Recoil
|move|p2a: Ursaluna|Earth Power|p1b: Gholdengo
|-supereffective|p1b: Gholdengo
|-damage|p1b: Gholdengo|0 fnt
|faint|p1b: Gholdengo
|
|-heal|p2b: Corviknight|9/100|[from] item: Leftovers
|upkeep
|
|t:|1757641036
|switch|p1b: Garchomp|Garchomp, L50, M|100/100
|turn|2
|inactive|StardragonVGC has 30 seconds left.
|
|t:|1757641067
|-terastallize|p2a: Ursaluna|Water
|move|p1b: Garchomp|Protect|p1b: Garchomp
|-singleturn|p1b: Garchomp|Protect
|move|p2b: Corviknight|Protect|p2b: Corviknight
|-singleturn|p2b: Corviknight|Protect
|move|p1a: Talonflame|Taunt|p2b: Corviknight
|-activate|p2b: Corviknight|move: Protect
|move|p2a: Ursaluna|Hyper Voice|p1b: Garchomp|[spread] p1a
|-activate|p1b: Garchomp|move: Protect
|-damage|p1a: Talonflame|0 fnt
|faint|p1a: Talonflame
|
|-heal|p2b: Corviknight|15/100|[from] item: Leftovers
|upkeep
|
|t:|1757641073
|switch|p1a: Tyranitar|Tyranitar, L50, M|100/100
|-weather|Sandstorm|[from] ability: Sand Stream|[of] p1a: Tyranitar
|turn|3
|
|t:|1757641091
|move|p1b: Garchomp|Dragon Claw|p2a: Ursaluna
|-damage|p2a: Ursaluna|63/100
|-damage|p1b: Garchomp|91/100|[from] item: Life Orb
|move|p1a: Tyranitar|Rock Slide|p2b: Corviknight|[spread] p2a,p2b
|-crit|p2a: Ursaluna
|-damage|p2a: Ursaluna|32/100
|-damage|p2b: Corviknight|0 fnt
|faint|p2b: Corviknight
|cant|p2a: Ursaluna|flinch
|
|-weather|Sandstorm|[upkeep]
|-damage|p2a: Ursaluna|26/100|[from] Sandstorm
|upkeep
|
|t:|1757641106
|switch|p2b: Annihilape|Annihilape, L50, M|100/100
|turn|4
|
|t:|1757641112
|-terastallize|p1a: Tyranitar|Flying
|move|p1b: Garchomp|Earthquake|p2b: Annihilape|[spread] p2a,p2b
|-immune|p1a: Tyranitar
|-damage|p2a: Ursaluna|0 fnt
|-damage|p2b: Annihilape|53/100
|faint|p2a: Ursaluna
|-damage|p1b: Garchomp|81/100|[from] item: Life Orb
|move|p1a: Tyranitar|Tera Blast|p2b: Annihilape|[anim] Tera Blast Flying
|-supereffective|p2b: Annihilape
|-damage|p2b: Annihilape|0 fnt
|faint|p2b: Annihilape
|
|-weather|Sandstorm|[upkeep]
|-damage|p1a: Tyranitar|95/100|[from] Sandstorm
|-sideend|p1: Llama_Llord|move: Tailwind
|upkeep
|-message|StardragonVGC forfeited.
|
|win|Llama_Llord
|raw|Llama_Llord's rating: 1100 → 1127(+27 for winning)
|raw|StardragonVGC's rating: 1131 → 1104(-27 for losing)
|l|☆StardragonVGC
|player|p2|
