|j|☆no89
|j|☆Bef6
|html|no89Bef6    
|uhtml|bestof|Game 1 of a best-of-3
|t:|1757670500
|gametype|doubles
|player|p1|no89|pokemonbreeder-gen4|1423
|player|p2|Bef6|lucas|1546
|gen|9
|tier|[Gen 9] VGC 2025 Reg H (Bo3)
|rated|
|rule|Species Clause: Limit one of each Pokémon
|rule|Item Clause: Limit 1 of each item
|clearpoke
|poke|p1|Flamigo, L50, M|
|poke|p1|Gholdengo, L50|
|poke|p1|Milotic, L50, F|
|poke|p1|Archaludon, L50, M|
|poke|p1|Magmar, L50, M|
|poke|p1|Basculegion, L50, M|
|poke|p2|Archaludon, L50, F|
|poke|p2|Pelipper, L50, M|
|poke|p2|Grimmsnarl, L50, M|
|poke|p2|Annihilape, L50, F|
|poke|p2|Sinistcha, L50|
|poke|p2|Ursaluna, L50, F|
|teampreview|4
|showteam|p1|Flamigo||FocusSash|Scrappy|Tailwind,CloseCombat,BraveBird,Protect|||M|||50|,,,,,Ghost]Gholdengo||LifeOrb|GoodasGold|NastyPlot,MakeItRain,ShadowBall,Protect||||||50|,,,,,Steel]Milotic||SafetyGoggles|Competitive|Scald,Haze,IcyWind,Protect|||F|||50|,,,,,Grass]Archaludon||PowerHerb|Stalwart|ElectroShot,AuraSphere,DragonPulse,Protect|||M|||50|,,,,,Electric]Magmar||Eviolite|VitalSpirit|FollowMe,HeatWave,Taunt,Protect|||M|||50|,,,,,Grass]Basculegion||ChoiceScarf|Adaptability|WaveCrash,LastRespects,FlipTurn,IcyWind|||M|||50|,,,,,Water
|showteam|p2|Archaludon||AssaultVest|Stamina|FlashCannon,BodyPress,ElectroShot,Snarl|||F|||50|,,,,,Fighting]Pelipper||FocusSash|Drizzle|Hurricane,WeatherBall,Tailwind,Protect|||M|||50|,,,,,Stellar]Grimmsnarl||LightClay|Prankster|SpiritBreak,Reflect,PartingShot,LightScreen|||M|||50|,,,,,Steel]Annihilape||ChoiceScarf|Defiant|CloseCombat,RageFist,FinalGambit,Uturn|||F|||50|,,,,,Grass]Sinistcha||SitrusBerry|Hospitality|MatchaGotcha,LifeDew,RagePowder,TrickRoom||||||50|,,,,,Dark]Ursaluna||FlameOrb|Guts|Earthquake,Facade,HeadlongRush,Protect|||F|||50|,,,,,Ghost
|j| Mr-High-Tower
|inactive|Battle timer is ON: inactive players will automatically lose when time's up. (requested by no89)
|
|t:|1757670544
|teamsize|p1|4
|teamsize|p2|4
|start
|switch|p1a: Magmar|Magmar, L50, M|100/100
|switch|p1b: Gholdengo|Gholdengo, L50|100/100
|switch|p2a: Ursaluna|Ursaluna, L50, F|100/100
|switch|p2b: Grimmsnarl|Grimmsnarl, L50, M|100/100
|turn|1
|
|t:|1757670562
|move|p2b: Grimmsnarl|Light Screen|p2b: Grimmsnarl
|-sidestart|p2: Bef6|move: Light Screen
|move|p1b: Gholdengo|Nasty Plot|p1b: Gholdengo
|-boost|p1b: Gholdengo|spa|2
|move|p1a: Magmar|Taunt|p2b: Grimmsnarl
|-start|p2b: Grimmsnarl|move: Taunt
|move|p2a: Ursaluna|Headlong Rush|p1b: Gholdengo
|-supereffective|p1b: Gholdengo
|-damage|p1b: Gholdengo|0 fnt
|-unboost|p2a: Ursaluna|def|1
|-unboost|p2a: Ursaluna|spd|1
|faint|p1b: Gholdengo
|
|-status|p2a: Ursaluna|brn|[from] item: Flame Orb
|upkeep
|
|t:|1757670565
|switch|p1b: Basculegion|Basculegion, L50, M|100/100
|turn|2
|
|t:|1757670577
|switch|p2a: Archaludon|Archaludon, L50, F|100/100
|-terastallize|p1b: Basculegion|Water
|move|p1b: Basculegion|Wave Crash|p2b: Grimmsnarl
|-damage|p2b: Grimmsnarl|11/100
|-damage|p1b: Basculegion|70/100|[from] Recoil
|move|p1a: Magmar|Heat Wave|p2b: Grimmsnarl|[spread] p2a,p2b
|-damage|p2a: Archaludon|88/100
|-damage|p2b: Grimmsnarl|0 fnt
|-ability|p2a: Archaludon|Stamina|boost
|-boost|p2a: Archaludon|def|1
|faint|p2b: Grimmsnarl
|
|upkeep
|
|t:|1757670592
|switch|p2b: Sinistcha|Sinistcha, L50|100/100
|-heal|p2a: Archaludon|100/100|[from] ability: Hospitality|[of] p2b: Sinistcha
|turn|3
|
|t:|1757670605
|switch|p1b: Archaludon|Archaludon, L50, M|100/100
|move|p1a: Magmar|Taunt|p2b: Sinistcha
|-start|p2b: Sinistcha|move: Taunt
|move|p2a: Archaludon|Body Press|p1b: Archaludon
|-supereffective|p1b: Archaludon
|-damage|p1b: Archaludon|38/100
|move|p2b: Sinistcha|Matcha Gotcha|p1b: Archaludon|[spread] p1a,p1b
|-resisted|p1a: Magmar
|-resisted|p1b: Archaludon
|-damage|p1a: Magmar|93/100
|-damage|p1b: Archaludon|30/100
|
|upkeep
|turn|4
|-message|no89 forfeited.
|
|win|Bef6
||no89 is ready for game 2.
||Bef6 is ready for game 2.
|uhtml|next|Next: Game 2 of 3
|l|☆Bef6
|player|p2|
|l| Mr-High-Tower
|l|☆no89
|player|p1|
