|j|☆ThisIsAnOutsider
|j|☆Doomnik
|html|ThisIsAnOutsiderDoomnik    
|uhtml|bestof|Game 1 of a best-of-3
|t:|1756310771
|gametype|doubles
|player|p1|ThisIsAnOutsider|101|1100
|player|p2|Doomnik|hiker-gen4|1046
|gen|9
|tier|[Gen 9] VGC 2025 Reg H (Bo3)
|rated|
|rule|Species Clause: Limit one of each Pokémon
|rule|Item Clause: Limit 1 of each item
|clearpoke
|poke|p1|Ninetales-Alola, L50, F|
|poke|p1|Rotom-Frost, L50|
|poke|p1|Rillaboom, L50, M|
|poke|p1|Tauros-Paldea-Aqua, L50, M|
|poke|p1|Vivillon-Tundra, L50, F|
|poke|p1|Annihilape, L50, M|
|poke|p2|Ninetales-Alola, L50, F|
|poke|p2|Ursaluna-Bloodmoon, L50, M|
|poke|p2|Maushold-Four, L50|
|poke|p2|Annihilape, L50, F|
|poke|p2|Klefki, L50, M|
|poke|p2|Sinistcha-Masterpiece, L50|
|teampreview|4
|showteam|p1|Ninetales-Alola||LightClay|SnowWarning|Blizzard,Moonblast,AuroraVeil,Protect|||F|||50|,,,,,Water]Rotom-Frost||LifeOrb|Levitate|Blizzard,Thunderbolt,Electroweb,Protect||||||50|,,,,,Electric]Rillaboom||AssaultVest|GrassySurge|WoodHammer,GrassyGlide,HighHorsepower,FakeOut|||M|||50|,,,,,Fire]Tauros-Paldea-Aqua||MirrorHerb|Intimidate|WaveCrash,AquaJet,CloseCombat,Protect|||M|||50|,,,,,Grass]Vivillon-Tundra||FocusSash|CompoundEyes|Hurricane,SleepPowder,Tailwind,Protect|||F|||50|,,,,,Ghost]Annihilape||SafetyGoggles|Defiant|RageFist,DrainPunch,BulkUp,Protect|||M|||50|,,,,,Fire
|showteam|p2|Ninetales-Alola||FocusSash|SnowWarning|Blizzard,FreezeDry,Encore,Protect|||F|||50|,,,,,Ghost]Ursaluna-Bloodmoon||AssaultVest|MindsEye|BloodMoon,EarthPower,HyperVoice,VacuumWave|||M|||50|,,,,,Water]Maushold-Four||SafetyGoggles|FriendGuard|BeatUp,Taunt,FollowMe,Protect||||||50|,,,,,Ghost]Annihilape||Leftovers|Defiant|DrainPunch,RageFist,BulkUp,Protect|||F|||50|,,,,,Fire]Klefki||LightClay|Prankster|DazzlingGleam,Reflect,LightScreen,MistyTerrain|||M|||50|,,,,,Ghost]Sinistcha-Masterpiece||SitrusBerry|Hospitality|MatchaGotcha,RagePowder,LifeDew,TrickRoom||||||50|,,,,,Water
|inactive|Battle timer is ON: inactive players will automatically lose when time's up. (requested by ThisIsAnOutsider)
|
|t:|1756310823
|teamsize|p1|4
|teamsize|p2|4
|start
|switch|p1a: Ninetales|Ninetales-Alola, L50, F, shiny|100/100
|switch|p1b: Annihilape|Annihilape, L50, M, shiny|100/100
|switch|p2a: Maushold|Maushold-Four, L50|100/100
|switch|p2b: Annihilape|Annihilape, L50, F|100/100
|-weather|Snowscape|[from] ability: Snow Warning|[of] p1a: Ninetales
|turn|1
|
|t:|1756310849
|-terastallize|p2b: Annihilape|Fire
|-terastallize|p1b: Annihilape|Fire
|move|p1a: Ninetales|Aurora Veil|p1a: Ninetales
|-sidestart|p1: ThisIsAnOutsider|move: Aurora Veil
|move|p2a: Maushold|Taunt|p1b: Annihilape
|-start|p1b: Annihilape|move: Taunt
|move|p1b: Annihilape|Drain Punch|p2a: Maushold
|-supereffective|p2a: Maushold
|-damage|p2a: Maushold|34/100
|move|p2b: Annihilape|Bulk Up|p2b: Annihilape
|-boost|p2b: Annihilape|atk|1
|-boost|p2b: Annihilape|def|1
|
|-weather|Snowscape|[upkeep]
|upkeep
|turn|2
|inactive|ThisIsAnOutsider has 30 seconds left.
|inactive|Doomnik has 30 seconds left.
|inactive|Doomnik has 20 seconds left.
|
|t:|1756310891
|move|p2a: Maushold|Protect|p2a: Maushold
|-singleturn|p2a: Maushold|Protect
|move|p1a: Ninetales|Blizzard|p2b: Annihilape|[spread] p2b
|-activate|p2a: Maushold|move: Protect
|-resisted|p2b: Annihilape
|-damage|p2b: Annihilape|91/100
|move|p2b: Annihilape|Bulk Up|p2b: Annihilape
|-boost|p2b: Annihilape|atk|1
|-boost|p2b: Annihilape|def|1
|move|p1b: Annihilape|Drain Punch|p2a: Maushold
|-activate|p2a: Maushold|move: Protect
|
|-weather|Snowscape|[upkeep]
|-heal|p2b: Annihilape|97/100|[from] item: Leftovers
|upkeep
|turn|3
|inactive|Doomnik has 30 seconds left.
|inactive|Doomnik has 20 seconds left.
|inactive|Doomnik has 15 seconds left.
|
|t:|1756310938
|switch|p2a: Klefki|Klefki, L50, M|100/100
|move|p1a: Ninetales|Blizzard|p2b: Annihilape|[spread] p2a,p2b
|-resisted|p2a: Klefki
|-resisted|p2b: Annihilape
|-damage|p2a: Klefki|85/100
|-damage|p2b: Annihilape|86/100
|move|p1b: Annihilape|Rage Fist|p2b: Annihilape
|-damage|p2b: Annihilape|75/100
|move|p2b: Annihilape|Rage Fist|p1a: Ninetales
|-damage|p1a: Ninetales|19/100
|
|-weather|Snowscape|[upkeep]
|-heal|p2b: Annihilape|81/100|[from] item: Leftovers
|-end|p1b: Annihilape|move: Taunt
|upkeep
|turn|4
|inactive|Doomnik has 30 seconds left.
|
|t:|1756310965
|move|p2a: Klefki|Reflect|p2a: Klefki
|-sidestart|p2: Doomnik|Reflect
|move|p1a: Ninetales|Blizzard|p2a: Klefki|[spread] p2a,p2b
|-resisted|p2a: Klefki
|-resisted|p2b: Annihilape
|-damage|p2a: Klefki|71/100
|-damage|p2b: Annihilape|70/100
|move|p1b: Annihilape|Bulk Up|p1b: Annihilape
|-boost|p1b: Annihilape|atk|1
|-boost|p1b: Annihilape|def|1
|move|p2b: Annihilape|Rage Fist|p1b: Annihilape
|-damage|p1b: Annihilape|0 fnt
|faint|p1b: Annihilape
|
|-weather|Snowscape|[upkeep]
|-heal|p2b: Annihilape|76/100|[from] item: Leftovers
|upkeep
|-message|ThisIsAnOutsider forfeited.
|
|win|Doomnik
|l|☆ThisIsAnOutsider
|player|p1|
||ThisIsAnOutsider is ready for game 2.
||Doomnik is ready for game 2.
|uhtml|next|Next: Game 2 of 3
