|j|‽arkjsmith
|j|☆no89
|html|arkjsmithno89    
|uhtml|bestof|Game 1 of a best-of-3
|t:|1757930333
|gametype|doubles
|player|p1|arkjsmith|roxie|1296
|player|p2|no89|pokemonbreeder-gen4|1432
|gen|9
|tier|[Gen 9] VGC 2025 Reg H (Bo3)
|rated|
|rule|Species Clause: Limit one of each Pokémon
|rule|Item Clause: Limit 1 of each item
|clearpoke
|poke|p1|Gholdengo, L50|
|poke|p1|Ursaluna-Bloodmoon, L50, M|
|poke|p1|Annihilape, L50, M|
|poke|p1|Rillaboom, L50, M|
|poke|p1|Dragonite, L50, M|
|poke|p1|Ninetales-Alola, L50, F|
|poke|p2|Flamigo, L50, M|
|poke|p2|Gholdengo, L50|
|poke|p2|Milotic, L50, F|
|poke|p2|Archaludon, L50, M|
|poke|p2|Magmar, L50, M|
|poke|p2|Basculegion, L50, M|
|teampreview|4
|showteam|p1|Gholdengo||LifeOrb|GoodasGold|MakeItRain,ShadowBall,NastyPlot,Protect||||||50|,,,,,Water]Ursaluna-Bloodmoon||AssaultVest|MindsEye|BloodMoon,HyperVoice,EarthPower,VacuumWave|||M|||50|,,,,,Ghost]Annihilape||SafetyGoggles|Defiant|RageFist,DrainPunch,BulkUp,Protect|||M|||50|,,,,,Fire]Rillaboom||MiracleSeed|GrassySurge|WoodHammer,GrassyGlide,FakeOut,Protect|||M|||50|,,,,,Grass]Dragonite||LoadedDice|Multiscale|ScaleShot,ExtremeSpeed,Haze,Protect|||M|||50|,,,,,Fairy]Ninetales-Alola||LightClay|SnowWarning|IcicleSpear,AuroraVeil,Blizzard,IcyWind|||F|||50|,,,,,Ghost
|showteam|p2|Flamigo||FocusSash|Scrappy|Tailwind,CloseCombat,BraveBird,Protect|||M|||50|,,,,,Ghost]Gholdengo||LifeOrb|GoodasGold|NastyPlot,MakeItRain,ShadowBall,Protect||||||50|,,,,,Steel]Milotic||SafetyGoggles|Competitive|Scald,Haze,IcyWind,Protect|||F|||50|,,,,,Grass]Archaludon||PowerHerb|Stalwart|ElectroShot,AuraSphere,DragonPulse,Protect|||M|||50|,,,,,Electric]Magmar||Eviolite|VitalSpirit|FollowMe,HeatWave,Taunt,Protect|||M|||50|,,,,,Grass]Basculegion||ChoiceScarf|Adaptability|WaveCrash,LastRespects,FlipTurn,IcyWind|||M|||50|,,,,,Water
|inactive|Battle timer is ON: inactive players will automatically lose when time's up. (requested by arkjsmith)
|inactive|arkjsmith has 60 seconds left.
|inactive|no89 has 60 seconds left.
|
|t:|1757930378
|teamsize|p1|4
|teamsize|p2|4
|start
|switch|p1a: Ninetales|Ninetales-Alola, L50, F, shiny|100/100
|switch|p1b: Annihilape|Annihilape, L50, M, shiny|100/100
|switch|p2a: Basculegion|Basculegion, L50, M|100/100
|switch|p2b: Gholdengo|Gholdengo, L50|100/100
|-weather|Snowscape|[from] ability: Snow Warning|[of] p1a: Ninetales
|turn|1
|
|t:|1757930401
|-terastallize|p2a: Basculegion|Water
|move|p1b: Annihilape|Protect|p1b: Annihilape
|-singleturn|p1b: Annihilape|Protect
|move|p2a: Basculegion|Wave Crash|p1a: Ninetales
|-damage|p1a: Ninetales|21/100
|-damage|p2a: Basculegion|78/100|[from] Recoil
|move|p1a: Ninetales|Aurora Veil|p1a: Ninetales
|-sidestart|p1: arkjsmith|move: Aurora Veil
|move|p2b: Gholdengo|Nasty Plot|p2b: Gholdengo
|-boost|p2b: Gholdengo|spa|2
|
|-weather|Snowscape|[upkeep]
|upkeep
|turn|2
|
|t:|1757930423
|move|p2a: Basculegion|Wave Crash|p1a: Ninetales
|-damage|p1a: Ninetales|0 fnt
|faint|p1a: Ninetales
|-damage|p2a: Basculegion|72/100|[from] Recoil
|move|p1b: Annihilape|Rage Fist|p2b: Gholdengo
|-supereffective|p2b: Gholdengo
|-damage|p2b: Gholdengo|55/100
|move|p2b: Gholdengo|Nasty Plot|p2b: Gholdengo
|-boost|p2b: Gholdengo|spa|2
|
|-weather|Snowscape|[upkeep]
|upkeep
|
|t:|1757930427
|switch|p1a: Rillaboom|Rillaboom, L50, M, shiny|100/100
|-fieldstart|move: Grassy Terrain|[from] ability: Grassy Surge|[of] p1a: Rillaboom
|turn|3
|inactive|arkjsmith has 30 seconds left.
|
|t:|1757930455
|switch|p2a: Flamigo|Flamigo, L50, M|100/100
|move|p2b: Gholdengo|Protect|p2b: Gholdengo
|-singleturn|p2b: Gholdengo|Protect
|move|p1a: Rillaboom|Grassy Glide|p2b: Gholdengo
|-activate|p2b: Gholdengo|move: Protect
|move|p1b: Annihilape|Rage Fist|p2b: Gholdengo
|-activate|p2b: Gholdengo|move: Protect
|
|-weather|Snowscape|[upkeep]
|-heal|p2b: Gholdengo|61/100|[from] Grassy Terrain
|upkeep
|turn|4
|
|t:|1757930479
|move|p1a: Rillaboom|Grassy Glide|p2b: Gholdengo
|-resisted|p2b: Gholdengo
|-damage|p2b: Gholdengo|31/100
|move|p2a: Flamigo|Tailwind|p2a: Flamigo
|-sidestart|p2: no89|move: Tailwind
|move|p2b: Gholdengo|Make It Rain|p1a: Rillaboom|[spread] p1a,p1b
|-damage|p1a: Rillaboom|0 fnt
|-damage|p1b: Annihilape|0 fnt
|-unboost|p2b: Gholdengo|spa|1
|faint|p1a: Rillaboom
|faint|p1b: Annihilape
|-damage|p2b: Gholdengo|21/100|[from] item: Life Orb
|
|-weather|Snowscape|[upkeep]
|-heal|p2b: Gholdengo|28/100|[from] Grassy Terrain
|upkeep
|-message|arkjsmith forfeited.
|
|win|no89
||arkjsmith is ready for game 2.
||no89 is ready for game 2.
|uhtml|next|Next: Game 2 of 3
