|j|☆Ethan's Bleakmiss
|j|☆KodeBeast0526
|html|Ethan's BleakmissKodeBeast0526    
|uhtml|bestof|Game 1 of a best-of-3
|t:|1784731948
|gametype|doubles
|player|p1|Ethan's Bleakmiss|unknown|1114
|player|p2|KodeBeast0526|hiker|1214
|gen|9
|tier|[Gen 9 Champions] VGC 2026 Reg M-B (Bo3)
|rated|
|rule|Species Clause: Limit one of each Pokémon
|rule|Item Clause: Limit 1 of each item
|clearpoke
|poke|p1|Blaziken, L50, M|
|poke|p1|Ninetales-Alola, L50, M|
|poke|p1|Kingambit, L50, M|
|poke|p1|Lycanroc-Dusk, L50, M, shiny|
|poke|p1|Venusaur, L50, M, shiny|
|poke|p1|Clefable, L50, M, shiny|
|poke|p2|Aerodactyl, L50, M|
|poke|p2|Kingambit, L50, M|
|poke|p2|Sylveon, L50, M|
|poke|p2|Garchomp, L50, M|
|poke|p2|Charizard, L50, M|
|poke|p2|Farigiraf, L50, F, shiny|
|teampreview|4
|showteam|p1|Blaziken||Blazikenite|SpeedBoost|CloseCombat,FlareBlitz,StoneEdge,Detect|Adamant||M|||50|]Ninetales-Alola||NeverMeltIce|SnowWarning|Blizzard,FreezeDry,Encore,Protect|Timid||M|||50|]Kingambit||LifeOrb|Defiant|SuckerPunch,KowtowCleave,IronHead,Protect|Adamant||M|||50|]Lycanroc-Dusk||FocusSash|ToughClaws|Accelerock,SwordsDance,Protect,RockSlide|Jolly||M|||50|]Venusaur||Venusaurite|Chlorophyll|SleepPowder,EnergyBall,SludgeBomb,Protect|Modest||M|||50|]Clefable||SitrusBerry|MagicGuard|Protect,FollowMe,HelpingHand,Moonblast|Bold||M|||50|
|showteam|p2|Aerodactyl||Aerodactylite|Unnerve|RockSlide,IceFang,Tailwind,WideGuard|Jolly||M|||50|]Kingambit||FocusSash|Defiant|KowtowCleave,SuckerPunch,IronHead,LowKick|Adamant||M|||50|]Sylveon||FairyFeather|Pixilate|Detect,HyperVoice,HyperBeam,QuickAttack|Modest||M|||50|]Garchomp||LifeOrb|RoughSkin|Earthquake,DragonClaw,StompingTantrum,Protect|Jolly||M|||50|]Charizard||CharizarditeY|Blaze|Protect,HeatWave,SolarBeam,WeatherBall|Modest||M|||50|]Farigiraf||SitrusBerry|ArmorTail|Thunderbolt,PsychicNoise,TrickRoom,HelpingHand|Bold||F|||50|
|inactive|Battle timer is ON: inactive players will automatically lose when time's up. (requested by Ethan's Bleakmiss)
|inactive|Ethan's Bleakmiss has 60 seconds left.
|inactive|KodeBeast0526 has 60 seconds left.
|
|t:|1784731996
|teamsize|p1|4
|teamsize|p2|4
|start
|switch|p1a: Ninetales|Ninetales-Alola, L50, M|100/100
|switch|p1b: Lycanroc|Lycanroc-Dusk, L50, M, shiny|100/100
|switch|p2a: Farigiraf|Farigiraf, L50, F, shiny|100/100
|switch|p2b: Sylveon|Sylveon, L50, M|100/100
|-weather|Snowscape|[from] ability: Snow Warning|[of] p1a: Ninetales
|turn|1
|
|t:|1784732013
|move|p1b: Lycanroc|Rock Slide|p2b: Sylveon|[spread] p2a
|-miss|p1b: Lycanroc|p2b: Sylveon
|-damage|p2a: Farigiraf|79/100
|move|p1a: Ninetales|Blizzard|p2a: Farigiraf|[spread] p2a,p2b
|-damage|p2a: Farigiraf|42/100
|-damage|p2b: Sylveon|70/100
|-enditem|p2a: Farigiraf|Sitrus Berry|[eat]
|-heal|p2a: Farigiraf|67/100|[from] item: Sitrus Berry
|move|p2b: Sylveon|Hyper Voice|p1b: Lycanroc|[spread] p1a,p1b
|-damage|p1a: Ninetales|46/100
|-damage|p1b: Lycanroc|28/100
|move|p2a: Farigiraf|Trick Room|p2a: Farigiraf
|-fieldstart|move: Trick Room|[of] p2a: Farigiraf
|
|-weather|Snowscape|[upkeep]
|upkeep
|turn|2
|inactive|Ethan's Bleakmiss has 30 seconds left.
|
|t:|1784732040
|move|p2a: Farigiraf|Helping Hand|p2b: Sylveon
|-singleturn|p2b: Sylveon|Helping Hand|[of] p2a: Farigiraf
|move|p1b: Lycanroc|Protect|p1b: Lycanroc
|-singleturn|p1b: Lycanroc|Protect
|move|p2b: Sylveon|Hyper Voice|p1b: Lycanroc|[spread] p1a
|-activate|p1b: Lycanroc|move: Protect
|-damage|p1a: Ninetales|0 fnt
|faint|p1a: Ninetales
|
|-weather|Snowscape|[upkeep]
|upkeep
|
|t:|1784732052
|switch|p1a: Venusaur|Venusaur, L50, M, shiny|100/100
|turn|3
|
|t:|1784732062
|detailschange|p1a: Venusaur|Venusaur-Mega, L50, M, shiny
|-mega|p1a: Venusaur|Venusaur|Venusaurite
|move|p2a: Farigiraf|Psychic Noise|p1a: Venusaur
|-supereffective|p1a: Venusaur|1
|-crit|p1a: Venusaur
|-damage|p1a: Venusaur|16/100
|-start|p1a: Venusaur|move: Heal Block
|move|p2b: Sylveon|Hyper Voice|p1a: Venusaur|[spread] p1a,p1b
|-resisted|p1a: Venusaur|1
|-damage|p1a: Venusaur|0 fnt
|-damage|p1b: Lycanroc|0 fnt
|faint|p1a: Venusaur
|faint|p1b: Lycanroc
|
|-weather|Snowscape|[upkeep]
|upkeep
|-message|Ethan's Bleakmiss forfeited.
|
|win|KodeBeast0526
