|j|☆drunk express
|j|☆lux raymundi
|html|drunk expresslux raymundi    
|uhtml|bestof|Game 1 of a best-of-3
|t:|1783211812
|gametype|doubles
|player|p1|drunk express|169|1220
|player|p2|lux raymundi|101|1239
|gen|9
|tier|[Gen 9 Champions] VGC 2026 Reg M-B (Bo3)
|rated|
|rule|Species Clause: Limit one of each Pokémon
|rule|Item Clause: Limit 1 of each item
|clearpoke
|poke|p1|Tyranitar, L50, F|
|poke|p1|Pelipper, L50, F|
|poke|p1|Raichu, L50, M|
|poke|p1|Archaludon, L50, M|
|poke|p1|Grimmsnarl, L50, M|
|poke|p1|Palafin, L50, F|
|poke|p2|Aerodactyl, L50, M|
|poke|p2|Charizard, L50, F|
|poke|p2|Garchomp, L50, F|
|poke|p2|Sylveon, L50, F|
|poke|p2|Kingambit, L50, M|
|poke|p2|Basculegion, L50, M|
|teampreview|4
|showteam|p1|Tyranitar||Tyranitarite|Unnerve|DragonDance,RockSlide,Protect,KnockOff|Adamant||F|||50|]Pelipper||FocusSash|Drizzle|Tailwind,Hurricane,Protect,WideGuard|Modest||F|||50|]Raichu||RaichuniteY|LightningRod|FakeOut,FocusBlast,ZapCannon,GrassKnot|Timid||M|||50|]Archaludon||ShucaBerry|Stalwart|ElectroShot,DracoMeteor,DragonPulse,FlashCannon|Modest||M|||50|]Grimmsnarl||LightClay|Prankster|SpiritBreak,LightScreen,Reflect,ThroatChop|Careful||M|||50|]Palafin||MysticWater|ZerotoHero|FlipTurn,JetPunch,CloseCombat,Dive|Adamant||F|||50|
|showteam|p2|Aerodactyl||Aerodactylite|Unnerve|RockSlide,DualWingbeat,Tailwind,WideGuard|Jolly||M|||50|]Charizard||CharizarditeY|Blaze|Protect,HeatWave,SolarBeam,WeatherBall|Modest||F|||50|]Garchomp||LifeOrb|RoughSkin|Protect,DragonClaw,RockTomb,Earthquake|Jolly||F|||50|]Sylveon||FairyFeather|Pixilate|HyperVoice,HyperBeam,QuickAttack,Protect|Modest||F|||50|]Kingambit||ChopleBerry|Defiant|SuckerPunch,KowtowCleave,IronHead,LowKick|Adamant||M|||50|]Basculegion||FocusSash|Adaptability|AquaJet,Liquidation,LastRespects,Protect|Adamant||M|||50|
|
|t:|1783211837
|teamsize|p1|4
|teamsize|p2|4
|start
|switch|p1a: Raichu|Raichu, L50, M|100/100
|switch|p1b: Palafin|Palafin, L50, F|100/100
|switch|p2a: Aerodactyl|Aerodactyl, L50, M|100/100
|switch|p2b: Garchomp|Garchomp, L50, F|100/100
|-ability|p2a: Aerodactyl|Unnerve
|turn|1
|
|t:|1783211862
|detailschange|p1b: Palafin|Palafin-Hero, L50, F
|switch|p1b: Pelipper|Pelipper, L50, F|100/100
|-weather|RainDance|[from] ability: Drizzle|[of] p1b: Pelipper
|detailschange|p1a: Raichu|Raichu-Mega-Y, L50, M
|-mega|p1a: Raichu|Raichu|Raichunite Y
|move|p1a: Raichu|Zap Cannon|p2a: Aerodactyl
|-supereffective|p2a: Aerodactyl|1
|-crit|p2a: Aerodactyl
|-damage|p2a: Aerodactyl|0 fnt
|faint|p2a: Aerodactyl
|move|p2b: Garchomp|Earthquake|p1b: Pelipper|[spread] p1a
|-immune|p1b: Pelipper
|-supereffective|p1a: Raichu|1
|-damage|p1a: Raichu|0 fnt
|faint|p1a: Raichu
|-damage|p2b: Garchomp|90/100|[from] item: Life Orb
|
|-weather|RainDance|[upkeep]
|upkeep
|
|t:|1783211891
|switch|p1a: Archaludon|Archaludon, L50, M|100/100
|switch|p2a: Charizard|Charizard, L50, F|100/100
|turn|2
|
|t:|1783211910
|detailschange|p2a: Charizard|Charizard-Mega-Y, L50, F
|-mega|p2a: Charizard|Charizard|Charizardite Y
|-weather|SunnyDay|[from] ability: Drought|[of] p2a: Charizard
|move|p1b: Pelipper|Wide Guard|p1b: Pelipper
|-singleturn|p1b: Pelipper|Wide Guard
|move|p2b: Garchomp|Earthquake|p1a: Archaludon|[spread] 
|-activate|p1a: Archaludon|move: Wide Guard
|-activate|p1b: Pelipper|move: Wide Guard
|-immune|p2a: Charizard
|move|p1a: Archaludon|Dragon Pulse|p2b: Garchomp
|-supereffective|p2b: Garchomp|1
|-damage|p2b: Garchomp|0 fnt
|faint|p2b: Garchomp
|move|p2a: Charizard|Weather Ball|p1a: Archaludon
|-damage|p1a: Archaludon|0 fnt
|faint|p1a: Archaludon
|
|-weather|SunnyDay|[upkeep]
|upkeep
|
|t:|1783211930
|switch|p2b: Basculegion|Basculegion, L50, M|100/100
|switch|p1a: Palafin|Palafin-Hero, L50, F|100/100
|-activate|p1a: Palafin|ability: Zero to Hero
|turn|3
|
|t:|1783211950
|move|p1a: Palafin|Jet Punch|p2a: Charizard
|-supereffective|p2a: Charizard|1
|-damage|p2a: Charizard|54/100
|move|p2a: Charizard|Solar Beam||[still]
|-prepare|p2a: Charizard|Solar Beam
|-anim|p2a: Charizard|Solar Beam|p1a: Palafin
|-supereffective|p1a: Palafin|1
|-damage|p1a: Palafin|4/100
|move|p2b: Basculegion|Last Respects|p1a: Palafin
|-damage|p1a: Palafin|0 fnt
|faint|p1a: Palafin
|move|p1b: Pelipper|Tailwind|p1b: Pelipper
|-sidestart|p1: drunk express|move: Tailwind
|
|-weather|SunnyDay|[upkeep]
|upkeep
|turn|4
|-message|drunk express forfeited.
|
|win|lux raymundi
