|j|☆dentrolin
|j|☆risciaven
|html|dentrolinrisciaven    
|uhtml|bestof|Game 1 of a best-of-3
|t:|1783111713
|gametype|doubles
|player|p1|dentrolin|cynthia|1168
|player|p2|risciaven|harlequin|1087
|gen|9
|tier|[Gen 9 Champions] VGC 2026 Reg M-B (Bo3)
|rated|
|rule|Species Clause: Limit one of each Pokémon
|rule|Item Clause: Limit 1 of each item
|clearpoke
|poke|p1|Charizard, L50, F|
|poke|p1|Garchomp, L50, F|
|poke|p1|Whimsicott, L50, F|
|poke|p1|Floette-Eternal, L50, F|
|poke|p1|Basculegion, L50, M|
|poke|p1|Incineroar, L50, M|
|poke|p2|Dragalge, L50, M|
|poke|p2|Audino, L50, M|
|poke|p2|Tinkaton, L50, F|
|poke|p2|Machamp, L50, M|
|poke|p2|Sinistcha, L50|
|poke|p2|Ceruledge, L50, M|
|teampreview|4
|showteam|p1|Charizard||CharizarditeY|SolarPower|HeatWave,WeatherBall,SolarBeam,Protect|Timid||F|||50|]Garchomp||LifeOrb|RoughSkin|Earthquake,DragonClaw,RockSlide,Protect|Jolly||F|||50|]Whimsicott||FocusSash|Prankster|Moonblast,Tailwind,Encore,Protect|Timid||F|||50|]Floette-Eternal||Floettite|FlowerVeil|Moonblast,DazzlingGleam,LightofRuin,Protect|Timid||F|||50|]Basculegion||MysticWater|Adaptability|WaveCrash,LastRespects,AquaJet,Protect|Adamant||M|||50|]Incineroar||SitrusBerry|Intimidate|FlareBlitz,ThroatChop,FakeOut,PartingShot|Careful||M|||50|
|showteam|p2|Dragalge||Dragalgite|PoisonPoint|Protect,Scald,DracoMeteor,SludgeWave|Modest||M|||50|]Audino||SitrusBerry|Regenerator|AllySwitch,Yawn,Wish,HyperVoice|Bold||M|||50|]Tinkaton||MetalCoat|OwnTempo|Protect,Encore,FakeOut,GigatonHammer|Adamant||F|||50|]Machamp||BlackBelt|NoGuard|Protect,BulkUp,KnockOff,DynamicPunch|Adamant||M|||50|]Sinistcha||MiracleSeed|Hospitality|Protect,StrengthSap,RagePowder,MatchaGotcha|Modest|||||50|]Ceruledge||Charcoal|FlashFire|Protect,SwordsDance,ShadowSneak,BitterBlade|Adamant||M|||50|
|inactive|Battle timer is ON: inactive players will automatically lose when time's up. (requested by risciaven)
|c|☆dentrolin|non ho capito
|inactive|dentrolin has 60 seconds left.
|inactive|risciaven has 60 seconds left.
|
|t:|1783111745
|teamsize|p1|4
|teamsize|p2|4
|start
|switch|p1a: Garchomp|Garchomp, L50, F|100/100
|switch|p1b: Charizard|Charizard, L50, F|100/100
|switch|p2a: Ceruledge|Ceruledge, L50, M|100/100
|switch|p2b: Tinkaton|Tinkaton, L50, F|100/100
|turn|1
|inactive|risciaven has 30 seconds left.
|
|t:|1783111771
|detailschange|p1b: Charizard|Charizard-Mega-Y, L50, F
|-mega|p1b: Charizard|Charizard|Charizardite Y
|-weather|SunnyDay|[from] ability: Drought|[of] p1b: Charizard
|move|p2b: Tinkaton|Fake Out|p1a: Garchomp
|-damage|p1a: Garchomp|89/100
|-damage|p2b: Tinkaton|87/100|[from] ability: Rough Skin|[of] p1a: Garchomp
|cant|p1a: Garchomp|flinch
|move|p1b: Charizard|Weather Ball|p2b: Tinkaton
|-supereffective|p2b: Tinkaton|1
|-damage|p2b: Tinkaton|0 fnt
|faint|p2b: Tinkaton
|move|p2a: Ceruledge|Bitter Blade|p1b: Charizard
|-resisted|p1b: Charizard|1
|-damage|p1b: Charizard|54/100
|
|-weather|SunnyDay|[upkeep]
|upkeep
|
|t:|1783111791
|switch|p2b: Dragalge|Dragalge, L50, M|100/100
|turn|2
|
|t:|1783111806
|detailschange|p2b: Dragalge|Dragalge-Mega, L50, M
|-mega|p2b: Dragalge|Dragalge|Dragalgite
|move|p1a: Garchomp|Earthquake|p2a: Ceruledge|[spread] p2a,p2b
|-immune|p1b: Charizard
|-supereffective|p2a: Ceruledge|1
|-supereffective|p2b: Dragalge|1
|-damage|p2a: Ceruledge|0 fnt
|-damage|p2b: Dragalge|4/100
|faint|p2a: Ceruledge
|-damage|p1a: Garchomp|79/100|[from] item: Life Orb
|move|p1b: Charizard|Weather Ball|p2b: Dragalge
|-resisted|p2b: Dragalge|1
|-damage|p2b: Dragalge|0 fnt
|faint|p2b: Dragalge
|
|-weather|SunnyDay|[upkeep]
|upkeep
|-message|risciaven forfeited.
|raw|dentrolin's rating: 1168 → 1187(+19 for winning)
|raw|risciaven's rating: 1087 → 1069(-18 for losing)
|
|win|dentrolin
|l|☆risciaven
|player|p2|
