|j|☆Sangyforever
|j|☆sergiovj
|html|Sangyforeversergiovj    
|uhtml|bestof|Game 1 of a best-of-3
|t:|1782409100
|gametype|doubles
|player|p1|Sangyforever|2|
|player|p2|sergiovj|266|
|gen|9
|tier|[Gen 9 Champions] VGC 2026 Reg M-B (Bo3)
|rule|Species Clause: Limit one of each Pokémon
|rule|Item Clause: Limit 1 of each item
|clearpoke
|poke|p1|Swampert, L50, M|
|poke|p1|Pelipper, L50, F|
|poke|p1|Archaludon, L50, M|
|poke|p1|Raichu, L50, F|
|poke|p1|Sinistcha, L50|
|poke|p1|Sneasler, L50, F|
|poke|p2|Metagross, L50|
|poke|p2|Archaludon, L50, M|
|poke|p2|Pelipper, L50, M|
|poke|p2|Swampert, L50, F|
|poke|p2|Incineroar, L50, M|
|poke|p2|Sneasler, L50, F|
|teampreview|4
|showteam|p1|Swampert||Swampertite|Torrent|WaveCrash,HighHorsepower,IcePunch,Protect|Adamant||M|||50|]Pelipper||FocusSash|Drizzle|Tailwind,WeatherBall,Hurricane,WideGuard|Modest||F|||50|]Archaludon||Leftovers|Stamina|ElectroShot,DragonPulse,FlashCannon,Protect|Modest||M|||50|]Raichu||RaichuniteX|Static|VoltSwitch,VoltTackle,FakeOut,RainDance|Jolly||F|||50|]Sinistcha||CobaBerry|Hospitality|MatchaGotcha,RagePowder,TrickRoom,LifeDew|Bold|||||50|]Sneasler||WhiteHerb|Unburden|FakeOut,CloseCombat,DireClaw,Protect|Jolly||F|||50|
|showteam|p2|Metagross||Metagrossite|ClearBody|IronHead,IcePunch,Protect,StompingTantrum|Jolly|||||50|]Archaludon||Leftovers|Stamina|DragonPulse,ElectroShot,Protect,AuraSphere|Modest||M|||50|]Pelipper||SitrusBerry|Drizzle|Hurricane,WeatherBall,Protect,Tailwind|Modest||M|||50|]Swampert||Swampertite|Torrent|WaveCrash,HighHorsepower,Protect,IcePunch|Adamant||F|||50|]Incineroar||PasshoBerry|Intimidate|FlareBlitz,ThroatChop,PartingShot,FakeOut|Careful||M|||50|]Sneasler||FocusSash|PoisonTouch|CloseCombat,RockSlide,FakeOut,Coaching|Jolly||F|||50|
|inactive|Battle timer is ON: inactive players will automatically lose when time's up. (requested by sergiovj)
|c|☆sergiovj|Suerte!
|inactive|Sangyforever has 60 seconds left.
|inactive|sergiovj has 60 seconds left.
|c|☆Sangyforever|Suerte
|
|t:|1782409156
|teamsize|p1|4
|teamsize|p2|4
|start
|switch|p1a: Raichu|Raichu, L50, F|100/100
|switch|p1b: Archaludon|Archaludon, L50, M|100/100
|switch|p2a: Pelipper|Pelipper, L50, M|100/100
|switch|p2b: Swampert|Swampert, L50, F|100/100
|-weather|RainDance|[from] ability: Drizzle|[of] p2a: Pelipper
|turn|1
|inactive|Sangyforever has 30 seconds left.
|inactive|sergiovj has 30 seconds left.
|inactive|Sangyforever has 20 seconds left.
|
|t:|1782409196
|switch|p2a: Sneasler|Sneasler, L50, F|100/100
|detailschange|p1a: Raichu|Raichu-Mega-X, L50, F
|-mega|p1a: Raichu|Raichu|Raichunite X
|-fieldstart|move: Electric Terrain|[from] ability: Electric Surge|[of] p1a: Raichu
|detailschange|p2b: Swampert|Swampert-Mega, L50, F
|-mega|p2b: Swampert|Swampert|Swampertite
|move|p1a: Raichu|Fake Out|p2b: Swampert
|-damage|p2b: Swampert|88/100
|cant|p2b: Swampert|flinch
|move|p1b: Archaludon|Electro Shot||[still]
|-prepare|p1b: Archaludon|Electro Shot
|-boost|p1b: Archaludon|spa|1
|-anim|p1b: Archaludon|Electro Shot|p2a: Sneasler
|-enditem|p2a: Sneasler|Focus Sash
|-damage|p2a: Sneasler|1/100
|
|-weather|RainDance|[upkeep]
|upkeep
|turn|2
|inactive|Sangyforever has 30 seconds left.
|
|t:|1782409228
|move|p1b: Archaludon|Protect|p1b: Archaludon
|-singleturn|p1b: Archaludon|Protect
|move|p2a: Sneasler|Fake Out|p1a: Raichu
|-damage|p1a: Raichu|83/100
|move|p2b: Swampert|High Horsepower|p1b: Archaludon
|-activate|p1b: Archaludon|move: Protect
|cant|p1a: Raichu|flinch
|
|-weather|RainDance|[upkeep]
|upkeep
|turn|3
|
|t:|1782409248
|switch|p1a: Pelipper|Pelipper, L50, F|100/100
|switch|p1b: Sinistcha|Sinistcha, L50|100/100
|move|p2b: Swampert|High Horsepower|p1b: Sinistcha
|-resisted|p1b: Sinistcha|1
|-damage|p1b: Sinistcha|76/100
|move|p2a: Sneasler|Close Combat|p1a: Pelipper
|-resisted|p1a: Pelipper|1
|-damage|p1a: Pelipper|58/100
|-unboost|p2a: Sneasler|def|1
|-unboost|p2a: Sneasler|spd|1
|-status|p1a: Pelipper|psn|[from] ability: Poison Touch|[of] p2a: Sneasler
|
|-weather|RainDance|[upkeep]
|-damage|p1a: Pelipper|45/100 psn|[from] psn
|upkeep
|turn|4
|inactive|Sangyforever has 30 seconds left.
|inactive|sergiovj has 30 seconds left.
|
|t:|1782409282
|switch|p2b: Incineroar|Incineroar, L50, M|100/100
|-ability|p2b: Incineroar|Intimidate|boost
|-unboost|p1a: Pelipper|atk|1
|-unboost|p1b: Sinistcha|atk|1
|switch|p1b: Archaludon|Archaludon, L50, M|100/100
|move|p2a: Sneasler|Rock Slide|p1a: Pelipper|[spread] p1a,p1b
|-supereffective|p1a: Pelipper|1
|-resisted|p1b: Archaludon|1
|-damage|p1a: Pelipper|0 fnt
|-damage|p1b: Archaludon|93/100
|-ability|p1b: Archaludon|Stamina|boost
|-boost|p1b: Archaludon|def|1
|faint|p1a: Pelipper
|
|-weather|RainDance|[upkeep]
|-heal|p1b: Archaludon|99/100|[from] item: Leftovers
|upkeep
|
|t:|1782409300
|switch|p1a: Raichu|Raichu-Mega-X, L50, F|83/100
|turn|5
|inactive|Sangyforever has 30 seconds left.
|inactive|sergiovj has 30 seconds left.
|inactive|sergiovj has 20 seconds left.
|inactive|sergiovj has 15 seconds left.
|
|t:|1782409340
|move|p2b: Incineroar|Fake Out|p1a: Raichu
|-damage|p1a: Raichu|69/100
|move|p2a: Sneasler|Coaching|p2b: Incineroar
|-boost|p2b: Incineroar|atk|1
|-boost|p2b: Incineroar|def|1
|cant|p1a: Raichu|flinch
|move|p1b: Archaludon|Electro Shot||[still]
|-prepare|p1b: Archaludon|Electro Shot
|-boost|p1b: Archaludon|spa|1
|-anim|p1b: Archaludon|Electro Shot|p2b: Incineroar
|-damage|p2b: Incineroar|39/100
|
|-weather|none
|-heal|p1b: Archaludon|100/100|[from] item: Leftovers
|-fieldend|move: Electric Terrain
|upkeep
|turn|6
|inactive|Sangyforever has 30 seconds left.
|
|t:|1782409372
|move|p2a: Sneasler|Close Combat|p1a: Raichu
|-damage|p1a: Raichu|3/100
|-unboost|p2a: Sneasler|def|1
|-unboost|p2a: Sneasler|spd|1
|move|p1a: Raichu|Volt Switch|p2b: Incineroar
|-crit|p2b: Incineroar
|-damage|p2b: Incineroar|17/100
|
|t:|1782409379
|switch|p1a: Sinistcha|Sinistcha, L50|76/100|[from] Volt Switch
|move|p1b: Archaludon|Dragon Pulse|p2a: Sneasler
|-damage|p2a: Sneasler|0 fnt
|faint|p2a: Sneasler
|move|p2b: Incineroar|Flare Blitz|p1b: Archaludon
|-damage|p1b: Archaludon|64/100
|-ability|p1b: Archaludon|Stamina|boost
|-boost|p1b: Archaludon|def|1
|-damage|p2b: Incineroar|4/100|[from] Recoil
|
|-heal|p1b: Archaludon|70/100|[from] item: Leftovers
|upkeep
|
|t:|1782409393
|switch|p2a: Pelipper|Pelipper, L50, M|100/100
|-weather|RainDance|[from] ability: Drizzle|[of] p2a: Pelipper
|turn|7
|inactive|Sangyforever has 30 seconds left.
|inactive|sergiovj has 30 seconds left.
|inactive|Sangyforever has 20 seconds left.
|inactive|sergiovj has 20 seconds left.
|inactive|Sangyforever has 15 seconds left.
|
|t:|1782409434
|switch|p1a: Raichu|Raichu-Mega-X, L50, F|3/100
|-fieldstart|move: Electric Terrain|[from] ability: Electric Surge|[of] p1a: Raichu
|move|p2a: Pelipper|Hurricane|p1a: Raichu
|-resisted|p1a: Raichu|1
|-damage|p1a: Raichu|0 fnt
|faint|p1a: Raichu
|move|p1b: Archaludon|Electro Shot||[still]
|-prepare|p1b: Archaludon|Electro Shot
|-boost|p1b: Archaludon|spa|1
|-anim|p1b: Archaludon|Electro Shot|p2a: Pelipper
|-supereffective|p2a: Pelipper|2
|-damage|p2a: Pelipper|0 fnt
|faint|p2a: Pelipper
|move|p2b: Incineroar|Throat Chop|p1b: Archaludon
|-damage|p1b: Archaludon|53/100
|-start|p1b: Archaludon|Throat Chop|[silent]
|-ability|p1b: Archaludon|Stamina|boost
|-boost|p1b: Archaludon|def|1
|
|-weather|RainDance|[upkeep]
|-heal|p1b: Archaludon|59/100|[from] item: Leftovers
|upkeep
|
|t:|1782409452
|switch|p1a: Sinistcha|Sinistcha, L50|76/100
|switch|p2a: Swampert|Swampert-Mega, L50, F|88/100
|-heal|p1b: Archaludon|84/100|[from] ability: Hospitality|[of] p1a: Sinistcha
|turn|8
|inactive|Sangyforever has 30 seconds left.
|
|t:|1782409481
|move|p2a: Swampert|Ice Punch|p1a: Sinistcha
|-supereffective|p1a: Sinistcha|1
|-damage|p1a: Sinistcha|23/100
|move|p1b: Archaludon|Dragon Pulse|p2b: Incineroar
|-damage|p2b: Incineroar|0 fnt
|faint|p2b: Incineroar
|move|p1a: Sinistcha|Matcha Gotcha|p2a: Swampert|[miss]
|-miss|p1a: Sinistcha|p2a: Swampert
|
|-weather|RainDance|[upkeep]
|-heal|p1b: Archaludon|90/100|[from] item: Leftovers
|-end|p1b: Archaludon|Throat Chop|[silent]
|upkeep
|turn|9
|
|t:|1782409496
|move|p2a: Swampert|Ice Punch|p1a: Sinistcha
|-supereffective|p1a: Sinistcha|1
|-damage|p1a: Sinistcha|0 fnt
|faint|p1a: Sinistcha
|move|p1b: Archaludon|Dragon Pulse|p2a: Swampert
|-damage|p2a: Swampert|18/100
|
|-weather|RainDance|[upkeep]
|-heal|p1b: Archaludon|96/100|[from] item: Leftovers
|upkeep
|turn|10
|c|☆sergiovj|Gg
|
|t:|1782409508
|move|p1b: Archaludon|Protect|p1b: Archaludon
|-singleturn|p1b: Archaludon|Protect
|move|p2a: Swampert|High Horsepower|p1b: Archaludon
|-activate|p1b: Archaludon|move: Protect
|
|-weather|RainDance|[upkeep]
|-heal|p1b: Archaludon|100/100|[from] item: Leftovers
|upkeep
|turn|11
|
|t:|1782409516
|move|p2a: Swampert|High Horsepower|p1b: Archaludon
|-supereffective|p1b: Archaludon|1
|-damage|p1b: Archaludon|65/100
|-ability|p1b: Archaludon|Stamina|boost
|-boost|p1b: Archaludon|def|1
|move|p1b: Archaludon|Dragon Pulse|p2a: Swampert
|-damage|p2a: Swampert|0 fnt
|faint|p2a: Swampert
|
|win|Sangyforever
|c|☆Sangyforever|gg
||sergiovj is ready for game 2.
|inactive|Sangyforever has 30 seconds to confirm battle start!
||Sangyforever is ready for game 2.
|uhtml|next|Next: Game 2 of 3
