|j|☆Thinking Charizard
|j|☆cuervo_miguelius
|html|Thinking Charizardcuervo_miguelius    
|uhtml|bestof|Game 1 of a best-of-3
|t:|1784249083
|gametype|doubles
|player|p1|Thinking Charizard|colress|1026
|player|p2|cuervo_miguelius|cameraman|1051
|gen|9
|tier|[Gen 9 Champions] VGC 2026 Reg M-B (Bo3)
|rated|
|rule|Species Clause: Limit one of each Pokémon
|rule|Item Clause: Limit 1 of each item
|clearpoke
|poke|p1|Mawile, L50, F|
|poke|p1|Pelipper, L50, F|
|poke|p1|Farigiraf, L50, F|
|poke|p1|Sinistcha, L50|
|poke|p1|Basculegion, L50, M|
|poke|p1|Hydreigon, L50, F|
|poke|p2|Lycanroc-Dusk, L50, F|
|poke|p2|Basculegion, L50, M|
|poke|p2|Kingambit, L50, F|
|poke|p2|Sneasler, L50, F|
|poke|p2|Froslass, L50, F|
|poke|p2|Armarouge, L50, F|
|teampreview|4
|showteam|p1|Mawile||Mawilite|HyperCutter|PlayRough,RockSlide,SuckerPunch,Protect|Adamant||F|||50|]Pelipper||FocusSash|Drizzle|Tailwind,WideGuard,WeatherBall,Hurricane|Modest||F|||50|]Farigiraf||SitrusBerry|ArmorTail|TrickRoom,Thunderbolt,TwinBeam,Protect|Calm||F|||50|]Sinistcha||KasibBerry|Hospitality|RagePowder,MatchaGotcha,TrickRoom,LifeDew|Calm|||||50|]Basculegion||LifeOrb|SwiftSwim|LastRespects,AquaJet,Liquidation,Protect|Adamant||M|||50|]Hydreigon||ChoiceScarf|Levitate|DracoMeteor,DarkPulse,EarthPower,Snarl|Modest||F|||50|
|showteam|p2|Lycanroc-Dusk||FocusSash|ToughClaws|CloseCombat,Accelerock,PsychicFangs,Protect|Adamant||F|||50|]Basculegion||SitrusBerry|Adaptability|WaveCrash,LastRespects,AquaJet,Protect|Adamant||M|||50|]Kingambit||BlackGlasses|Defiant|KowtowCleave,SuckerPunch,IronHead,Protect|Adamant||F|||50|]Sneasler||WhiteHerb|Unburden|CloseCombat,GunkShot,Coaching,FakeOut|Adamant||F|||50|]Froslass||Froslassite|SnowCloak|Blizzard,ShadowBall,AuroraVeil,Protect|Modest||F|||50|]Armarouge||PasshoBerry|FlashFire|Psychic,ArmorCannon,WideGuard,TrickRoom|Modest||F|||50|
|c|☆Thinking Charizard|glhf
|inactive|Battle timer is ON: inactive players will automatically lose when time's up. (requested by cuervo_miguelius)
|inactive|Thinking Charizard has 60 seconds left.
|
|t:|1784249196
|teamsize|p1|4
|teamsize|p2|4
|start
|switch|p1a: Mawile|Mawile, L50, F|100/100
|switch|p1b: Basculegion|Basculegion, L50, M|100/100
|switch|p2a: Sneasler|Sneasler, L50, F|100/100
|switch|p2b: Basculegion|Basculegion, L50, M|100/100
|turn|1
|inactive|Thinking Charizard has 30 seconds left.
|inactive|cuervo_miguelius has 30 seconds left.
|
|t:|1784249223
|detailschange|p1a: Mawile|Mawile-Mega, L50, F
|-mega|p1a: Mawile|Mawile|Mawilite
|move|p1a: Mawile|Protect|p1a: Mawile
|-singleturn|p1a: Mawile|Protect
|move|p2a: Sneasler|Fake Out|p1a: Mawile
|-activate|p1a: Mawile|move: Protect
|move|p1b: Basculegion|Liquidation|p2a: Sneasler
|-damage|p2a: Sneasler|29/100
|-damage|p1b: Basculegion|90/100|[from] item: Life Orb
|move|p2b: Basculegion|Last Respects|p1b: Basculegion
|-supereffective|p1b: Basculegion|1
|-damage|p1b: Basculegion|11/100
|
|upkeep
|turn|2
|
|t:|1784249243
|move|p1b: Basculegion|Aqua Jet|p2a: Sneasler
|-damage|p2a: Sneasler|0 fnt
|faint|p2a: Sneasler
|-damage|p1b: Basculegion|1/100|[from] item: Life Orb
|move|p2b: Basculegion|Aqua Jet|p1b: Basculegion
|-resisted|p1b: Basculegion|1
|-damage|p1b: Basculegion|0 fnt
|faint|p1b: Basculegion
|move|p1a: Mawile|Sucker Punch||[still]
|-fail|p1a: Mawile
|
|upkeep
|
|t:|1784249257
|switch|p2a: Lycanroc|Lycanroc-Dusk, L50, F|100/100
|switch|p1b: Hydreigon|Hydreigon, L50, F|100/100
|turn|3
|inactive|Thinking Charizard has 30 seconds left.
|
|t:|1784249288
|move|p1b: Hydreigon|Dark Pulse|p2b: Basculegion
|-supereffective|p2b: Basculegion|1
|-damage|p2b: Basculegion|0 fnt
|faint|p2b: Basculegion
|move|p2a: Lycanroc|Close Combat|p1b: Hydreigon
|-supereffective|p1b: Hydreigon|1
|-damage|p1b: Hydreigon|0 fnt
|-unboost|p2a: Lycanroc|def|1
|-unboost|p2a: Lycanroc|spd|1
|faint|p1b: Hydreigon
|move|p1a: Mawile|Play Rough|p2a: Lycanroc
|-enditem|p2a: Lycanroc|Focus Sash
|-damage|p2a: Lycanroc|1/100
|
|upkeep
|
|t:|1784249302
|switch|p1b: Pelipper|Pelipper, L50, F|100/100
|switch|p2b: Froslass|Froslass, L50, F|100/100
|-weather|RainDance|[from] ability: Drizzle|[of] p1b: Pelipper
|turn|4
|inactive|Thinking Charizard has 30 seconds left.
|
|t:|1784249329
|detailschange|p2b: Froslass|Froslass-Mega, L50, F
|-mega|p2b: Froslass|Froslass|Froslassite
|-weather|Snowscape|[from] ability: Snow Warning|[of] p2b: Froslass
|move|p2a: Lycanroc|Accelerock|p1b: Pelipper
|-supereffective|p1b: Pelipper|1
|-damage|p1b: Pelipper|44/100
|move|p2b: Froslass|Blizzard|p1b: Pelipper|[spread] p1a,p1b
|-resisted|p1a: Mawile|1
|-damage|p1a: Mawile|73/100
|-damage|p1b: Pelipper|0 fnt
|faint|p1b: Pelipper
|move|p1a: Mawile|Rock Slide|p2b: Froslass|[spread] p2a,p2b
|-supereffective|p2b: Froslass|1
|-damage|p2a: Lycanroc|0 fnt
|-damage|p2b: Froslass|28/100
|faint|p2a: Lycanroc
|
|-weather|Snowscape|[upkeep]
|upkeep
|turn|5
|inactive|cuervo_miguelius has 30 seconds left.
|
|t:|1784249355
|move|p2b: Froslass|Shadow Ball|p1a: Mawile
|-damage|p1a: Mawile|23/100
|move|p1a: Mawile|Play Rough|p2b: Froslass
|-damage|p2b: Froslass|0 fnt
|faint|p2b: Froslass
|
|win|Thinking Charizard
||cuervo_miguelius is ready for game 2.
|c|☆Thinking Charizard|gg
||Thinking Charizard is ready for game 2.
|uhtml|next|Next: Game 2 of 3
