|j|☆DonnyBoy766
|j|☆vikaenjoyer
|html|DonnyBoy766vikaenjoyer    
|uhtml|bestof|Game 1 of a best-of-3
|t:|1756398781
|gametype|doubles
|player|p1|DonnyBoy766|fisherman-gen4|1080
|player|p2|vikaenjoyer|169|1120
|gen|9
|tier|[Gen 9] VGC 2025 Reg H (Bo3)
|rated|
|rule|Species Clause: Limit one of each Pokémon
|rule|Item Clause: Limit 1 of each item
|clearpoke
|poke|p1|Tyranitar, L50, M|
|poke|p1|Corviknight, L50, M|
|poke|p1|Ursaluna-Bloodmoon, L50, M|
|poke|p1|Annihilape, L50, F|
|poke|p1|Indeedee, L50, M|
|poke|p1|Sneasler, L50, M|
|poke|p2|Garchomp, L50, F|
|poke|p2|Incineroar, L50, F|
|poke|p2|Indeedee, L50, M|
|poke|p2|Sneasler, L50, M|
|poke|p2|Corviknight, L50, F|
|poke|p2|Archaludon, L50, M|
|teampreview|4
|showteam|p1|Tyranitar||AssaultVest|SandStream|KnockOff,TeraBlast,LowKick,RockSlide|||M|||50|,,,,,Flying]Corviknight||CovertCloak|MirrorArmor|BraveBird,BulkUp,Roost,Tailwind|||M|||50|,,,,,Fire]Ursaluna-Bloodmoon||LifeOrb|MindsEye|BloodMoon,HyperVoice,EarthPower,Protect|||M|||50|,,,,,Normal]Annihilape||SafetyGoggles|Defiant|CloseCombat,RageFist,Taunt,Protect|||F|||50|,,,,,Fire]Indeedee||ChoiceScarf|PsychicSurge|ExpandingForce,TeraBlast,Trick,Protect|||M|||50|,,,,,Psychic]Sneasler||PsychicSeed|Unburden|CloseCombat,DireClaw,ThroatChop,Protect|||M|||50|,,,,,Dark
|showteam|p2|Garchomp||LifeOrb|RoughSkin|Protect,DragonClaw,StompingTantrum,Earthquake|||F|||50|,,,,,Ground]Incineroar||SafetyGoggles|Intimidate|FakeOut,FlareBlitz,KnockOff,PartingShot|||F|||50|,,,,,Ghost]Indeedee||FocusSash|PsychicSurge|Protect,ExpandingForce,Imprison,TrickRoom|||M|||50|,,,,,Psychic]Sneasler||PsychicSeed|Unburden|Protect,DireClaw,CloseCombat,ThroatChop|||M|||50|,,,,,Dark]Corviknight||SitrusBerry|MirrorArmor|BraveBird,Roost,Tailwind,Taunt|||F|||50|,,,,,Dragon]Archaludon||PowerHerb|Sturdy|Protect,ElectroShot,DragonPulse,Thunderbolt|||M|||50|,,,,,Electric
|inactive|Battle timer is ON: inactive players will automatically lose when time's up. (requested by vikaenjoyer)
|c|☆DonnyBoy766|glhf
|inactive|DonnyBoy766 has 60 seconds left.
|inactive|vikaenjoyer has 60 seconds left.
|inactive|vikaenjoyer has 30 seconds left.
|inactive|vikaenjoyer has 20 seconds left.
|inactive|vikaenjoyer has 15 seconds left.
|inactive|vikaenjoyer has 10 seconds left.
|inactive|vikaenjoyer has 5 seconds left.
|
|t:|1756398870
|teamsize|p1|4
|teamsize|p2|4
|start
|switch|p1a: Tyranitar|Tyranitar, L50, M|100/100
|switch|p1b: Sneasler|Sneasler, L50, M|100/100
|switch|p2a: Sneasler|Sneasler, L50, M|100/100
|switch|p2b: Incineroar|Incineroar, L50, F|100/100
|-weather|Sandstorm|[from] ability: Sand Stream|[of] p1a: Tyranitar
|-ability|p2b: Incineroar|Intimidate|boost
|-unboost|p1a: Tyranitar|atk|1
|-unboost|p1b: Sneasler|atk|1
|turn|1
|inactive|vikaenjoyer has 30 seconds left.
|
|t:|1756398904
|-terastallize|p1a: Tyranitar|Flying
|move|p2b: Incineroar|Fake Out|p1b: Sneasler
|-damage|p1b: Sneasler|76/100
|cant|p1b: Sneasler|flinch
|move|p2a: Sneasler|Close Combat|p1a: Tyranitar
|-resisted|p1a: Tyranitar
|-damage|p1a: Tyranitar|73/100
|-unboost|p2a: Sneasler|def|1
|-unboost|p2a: Sneasler|spd|1
|move|p1a: Tyranitar|Tera Blast|p2a: Sneasler|[anim] Tera Blast Flying
|-supereffective|p2a: Sneasler
|-damage|p2a: Sneasler|0 fnt
|faint|p2a: Sneasler
|
|-weather|Sandstorm|[upkeep]
|-damage|p1b: Sneasler|70/100|[from] Sandstorm
|-damage|p1a: Tyranitar|68/100|[from] Sandstorm
|upkeep
|
|t:|1756398909
|switch|p2a: Archaludon|Archaludon, L50, M|100/100
|turn|2
|
|t:|1756398932
|switch|p2b: Garchomp|Garchomp, L50, F|100/100
|-terastallize|p2a: Archaludon|Electric
|move|p1b: Sneasler|Dire Claw|p2a: Archaludon
|-damage|p2a: Archaludon|73/100
|-status|p2a: Archaludon|slp
|cant|p2a: Archaludon|slp
|move|p1a: Tyranitar|Knock Off|p2a: Archaludon
|-damage|p2a: Archaludon|41/100 slp
|-enditem|p2a: Archaludon|Power Herb|[from] move: Knock Off|[of] p1a: Tyranitar
|
|-weather|Sandstorm|[upkeep]
|-damage|p1b: Sneasler|64/100|[from] Sandstorm
|-damage|p2a: Archaludon|35/100 slp|[from] Sandstorm
|-damage|p1a: Tyranitar|62/100|[from] Sandstorm
|upkeep
|turn|3
|inactive|DonnyBoy766 has 30 seconds left.
|
|t:|1756398962
|move|p1b: Sneasler|Dire Claw|p2b: Garchomp
|-resisted|p2b: Garchomp
|-damage|p2b: Garchomp|84/100
|-status|p2b: Garchomp|slp
|-damage|p1b: Sneasler|52/100|[from] ability: Rough Skin|[of] p2b: Garchomp
|cant|p2b: Garchomp|slp
|cant|p2a: Archaludon|slp
|move|p1a: Tyranitar|Low Kick|p2b: Garchomp
|-damage|p2b: Garchomp|65/100 slp
|-damage|p1a: Tyranitar|49/100|[from] ability: Rough Skin|[of] p2b: Garchomp
|
|-weather|Sandstorm|[upkeep]
|-damage|p1b: Sneasler|46/100|[from] Sandstorm
|-damage|p2a: Archaludon|29/100 slp|[from] Sandstorm
|-damage|p1a: Tyranitar|44/100|[from] Sandstorm
|upkeep
|turn|4
|-message|vikaenjoyer forfeited.
|
|win|DonnyBoy766
|l|☆vikaenjoyer
|player|p2|
|raw|DonnyBoy766's rating: 1080 → 1111(+31 for winning)
|raw|vikaenjoyer's rating: 1120 → 1092(-28 for losing)
