|j|Ōśågoodbye brede
|j|Ōśåazulite_poke
|html|goodbye bredeazulite_poke    
|uhtml|bestof|Game 1 of a best-of-3
|t:|1782500497
|gametype|doubles
|player|p1|goodbye brede|#smogonxnpa2026draftee2|
|player|p2|azulite_poke|#smogonxnpa2026draftee|
|gen|9
|tier|[Gen 9 Champions] VGC 2026 Reg M-B (Bo3)
|rule|Species Clause: Limit one of each Pok├®mon
|rule|Item Clause: Limit 1 of each item
|clearpoke
|poke|p1|Grimmsnarl, L50, M|
|poke|p1|Metagross, L50|
|poke|p1|Swampert, L50, M|
|poke|p1|Pelipper, L50, M|
|poke|p1|Sinistcha, L50|
|poke|p1|Archaludon, L50, M|
|poke|p2|Aerodactyl, L50, F|
|poke|p2|Garchomp, L50, F|
|poke|p2|Kingambit, L50, M|
|poke|p2|Charizard, L50, M|
|poke|p2|Sylveon, L50, M|
|poke|p2|Farigiraf, L50, M|
|teampreview|4
|showteam|p1|Grimmsnarl||LightClay|Prankster|SpiritBreak,Reflect,LightScreen,PartingShot|Careful||M|||50|]Metagross||Metagrossite|ClearBody|IronHead,PsychicFangs,BodyPress,Protect|Jolly|||||50|]Swampert||Swampertite|Damp|Earthquake,WaveCrash,IcePunch,Protect|Adamant||M|||50|]Pelipper||LifeOrb|Drizzle|WeatherBall,Hurricane,Tailwind,Protect|Timid||M|||50|]Sinistcha||CobaBerry|Hospitality|MatchaGotcha,RagePowder,TrickRoom,Protect|Bold|||||50|]Archaludon||Leftovers|Stamina|FlashCannon,DragonPulse,ElectroShot,Protect|Modest||M|||50|
|showteam|p2|Aerodactyl||Aerodactylite|Unnerve|IceFang,RockSlide,Tailwind,DualWingbeat|Jolly||F|||50|]Garchomp||LifeOrb|RoughSkin|DragonClaw,StompingTantrum,Earthquake,Protect|Jolly||F|||50|]Kingambit||FocusSash|Defiant|SuckerPunch,KowtowCleave,IronHead,LowKick|Adamant||M|||50|]Charizard||CharizarditeY|Blaze|Protect,WeatherBall,HeatWave,SolarBeam|Modest||M|||50|]Sylveon||FairyFeather|Pixilate|Protect,HyperVoice,HyperBeam,QuickAttack|Modest||M|||50|]Farigiraf||SitrusBerry|ArmorTail|TrickRoom,Thunderbolt,Roar,TwinBeam|Relaxed||M|||50|
|c|Ōśåazulite_poke|sharing links
|c|Ōśågoodbye brede|all g
|j| parlayprince
|j| xmarsh
|j| starstruckbunni
|j| templevgc
|j| MajorStar
|l| xmarsh
|j| Axior
|j| raging bolt stall
|j| ledinoleo
|c|Ōśåazulite_poke|alright should be good glhf
|j| Yoshiandlugia
|c|Ōśågoodbye brede|glhf
|j| Flarefox
|j| KoonKyVGC
|j| Finabas
|
|t:|1782500640
|teamsize|p1|4
|teamsize|p2|4
|start
|switch|p1a: Grimmsnarl|Grimmsnarl, L50, M|100/100
|switch|p1b: Metagross|Metagross, L50|100/100
|switch|p2a: Garchomp|Garchomp, L50, F|100/100
|switch|p2b: Charizard|Charizard, L50, M|100/100
|turn|1
|j| mnist trainer
|l| MajorStar
|l| raging bolt stall
|j| thebusinesspiggy2
|
|t:|1782500661
|detailschange|p2b: Charizard|Charizard-Mega-Y, L50, M
|-mega|p2b: Charizard|Charizard|Charizardite Y
|-weather|SunnyDay|[from] ability: Drought|[of] p2b: Charizard
|move|p1b: Metagross|Protect|p1b: Metagross
|-singleturn|p1b: Metagross|Protect
|move|p1a: Grimmsnarl|Light Screen|p1a: Grimmsnarl
|-sidestart|p1: goodbye brede|move: Light Screen
|move|p2a: Garchomp|Earthquake|p1b: Metagross|[spread] p1a
|-activate|p1b: Metagross|move: Protect
|-immune|p2b: Charizard
|-damage|p1a: Grimmsnarl|54/100
|-damage|p2a: Garchomp|90/100|[from] item: Life Orb
|move|p2b: Charizard|Heat Wave|p1b: Metagross|[spread] 
|-activate|p1b: Metagross|move: Protect
|-miss|p2b: Charizard|p1a: Grimmsnarl
|
|-weather|SunnyDay|[upkeep]
|upkeep
|turn|2
|j| raging bolt stall
|j| mousehouse 2
|j| comfy n ez 2 wear
|j| Bbgfccvb
|
|t:|1782500695
|switch|p2a: Farigiraf|Farigiraf, L50, M|100/100
|switch|p1b: Pelipper|Pelipper, L50, M|100/100
|-weather|RainDance|[from] ability: Drizzle|[of] p1b: Pelipper
|move|p1a: Grimmsnarl|Reflect|p1a: Grimmsnarl
|-sidestart|p1: goodbye brede|Reflect
|move|p2b: Charizard|Weather Ball|p1b: Pelipper
|-resisted|p1b: Pelipper|1
|-damage|p1b: Pelipper|64/100
|
|-weather|RainDance|[upkeep]
|upkeep
|turn|3
|l| Bbgfccvb
|j| Tang Strawberry
|
|t:|1782500737
|switch|p2b: Sylveon|Sylveon, L50, M|100/100
|move|p1b: Pelipper|Protect|p1b: Pelipper
|-singleturn|p1b: Pelipper|Protect
|move|p1a: Grimmsnarl|Spirit Break|p2a: Farigiraf
|-damage|p2a: Farigiraf|74/100
|-unboost|p2a: Farigiraf|spa|1
|move|p2a: Farigiraf|Trick Room|p2a: Farigiraf
|-fieldstart|move: Trick Room|[of] p2a: Farigiraf
|
|-weather|RainDance|[upkeep]
|upkeep
|turn|4
|j| superstar jamie
|j| gahaku
|
|t:|1782500758
|switch|p1b: Metagross|Metagross, L50|100/100
|move|p2a: Farigiraf|Thunderbolt|p1b: Metagross
|-crit|p1b: Metagross
|-damage|p1b: Metagross|60/100
|move|p1a: Grimmsnarl|Spirit Break|p2b: Sylveon
|-damage|p2b: Sylveon|65/100
|-unboost|p2b: Sylveon|spa|1
|move|p2b: Sylveon|Hyper Voice|p1b: Metagross|[spread] p1a,p1b
|-supereffective|p1a: Grimmsnarl|1
|-resisted|p1b: Metagross|1
|-crit|p1b: Metagross
|-damage|p1a: Grimmsnarl|18/100
|-damage|p1b: Metagross|16/100
|
|-weather|RainDance|[upkeep]
|upkeep
|turn|5
|
|t:|1782500770
|move|p1b: Metagross|Protect|p1b: Metagross
|-singleturn|p1b: Metagross|Protect
|move|p2a: Farigiraf|Thunderbolt|p1b: Metagross
|-activate|p1b: Metagross|move: Protect
|move|p1a: Grimmsnarl|Spirit Break|p2b: Sylveon
|-damage|p2b: Sylveon|29/100
|-unboost|p2b: Sylveon|spa|1
|move|p2b: Sylveon|Hyper Voice|p1a: Grimmsnarl|[spread] p1a
|-activate|p1b: Metagross|move: Protect
|-supereffective|p1a: Grimmsnarl|1
|-damage|p1a: Grimmsnarl|0 fnt
|faint|p1a: Grimmsnarl
|
|-weather|RainDance|[upkeep]
|upkeep
|
|t:|1782500778
|switch|p1a: Archaludon|Archaludon, L50, M|100/100
|turn|6
|j| Jsjdhhddcc
|l| Finabas
|j| FBIsurveillanceman
|
|t:|1782500816
|switch|p1b: Pelipper|Pelipper, L50, M|64/100
|move|p2a: Farigiraf|Thunderbolt|p1b: Pelipper
|-supereffective|p1b: Pelipper|2
|-damage|p1b: Pelipper|0 fnt
|faint|p1b: Pelipper
|move|p2b: Sylveon|Hyper Voice|p1a: Archaludon
|-damage|p1a: Archaludon|78/100
|-ability|p1a: Archaludon|Stamina|boost
|-boost|p1a: Archaludon|def|1
|move|p1a: Archaludon|Electro Shot||[still]
|-prepare|p1a: Archaludon|Electro Shot
|-boost|p1a: Archaludon|spa|1
|-anim|p1a: Archaludon|Electro Shot|p2b: Sylveon
|-damage|p2b: Sylveon|0 fnt
|faint|p2b: Sylveon
|
|-weather|none
|-heal|p1a: Archaludon|84/100|[from] item: Leftovers
|upkeep
|j| aurarayquaza
|j| Scotty1vgc
|j| Finabas
|
|t:|1782500844
|switch|p2b: Garchomp|Garchomp, L50, F|90/100
|switch|p1b: Metagross|Metagross, L50|16/100
|turn|7
|j| Dike Guard
|
|t:|1782500861
|detailschange|p1b: Metagross|Metagross-Mega, L50
|-mega|p1b: Metagross|Metagross|Metagrossite
|move|p2b: Garchomp|Protect|p2b: Garchomp
|-singleturn|p2b: Garchomp|Protect
|move|p2a: Farigiraf|Thunderbolt|p1b: Metagross
|-damage|p1b: Metagross|5/100
|-status|p1b: Metagross|par
|move|p1b: Metagross|Iron Head|p2a: Farigiraf
|-damage|p2a: Farigiraf|27/100
|-enditem|p2a: Farigiraf|Sitrus Berry|[eat]
|-heal|p2a: Farigiraf|52/100|[from] item: Sitrus Berry
|move|p1a: Archaludon|Dragon Pulse|p2b: Garchomp
|-activate|p2b: Garchomp|move: Protect
|
|-heal|p1a: Archaludon|90/100|[from] item: Leftovers
|-fieldend|move: Trick Room
|upkeep
|turn|8
|l| Finabas
|
|t:|1782500880
|switch|p2a: Charizard|Charizard-Mega-Y, L50, M|100/100
|-weather|SunnyDay|[from] ability: Drought|[of] p2a: Charizard
|move|p1b: Metagross|Protect|p1b: Metagross
|-singleturn|p1b: Metagross|Protect
|move|p2b: Garchomp|Earthquake|p1b: Metagross|[spread] p1a
|-activate|p1b: Metagross|move: Protect
|-immune|p2a: Charizard
|-supereffective|p1a: Archaludon|1
|-crit|p1a: Archaludon
|-damage|p1a: Archaludon|0 fnt
|faint|p1a: Archaludon
|-damage|p2b: Garchomp|80/100|[from] item: Life Orb
|
|-weather|SunnyDay|[upkeep]
|-sideend|p1: goodbye brede|move: Light Screen
|upkeep
|turn|9
|j| Triir
|j| Finabas
|j| Bytev24
|-message|goodbye brede forfeited.
|
|win|azulite_poke
||azulite_poke is ready for game 2.
||goodbye brede is ready for game 2.
|uhtml|next|Next: Game 2 of 3
|j| Soumetsu
|l| Finabas
|l| gahaku
|l| aurarayquaza
|l| Jsjdhhddcc
|j| gahaku
|l| gahaku
|j| Finabas
|j| gahaku
|l| Yoshiandlugia
|l| FBIsurveillanceman
|l| Bytev24
|l| starstruckbunni
|l| raging bolt stall
|l| gahaku
|j| Justified Joe
|j| raging bolt stall
|j| gahaku
|l| Dike Guard
|j| ZekromZeke
|l| Finabas
|l| ZekromZeke
|j| Finabas
|j| YOASOBI stan
|j| thacrow
|l| mnist trainer
|l| raging bolt stall
|l| Scotty1vgc
|j| Sudoz zen fan
|j| Galahad Excalibur
|j| Scotty1vgc
|j| A Regu1ar Guy
|l| Sudoz zen fan
|j| ZekromZeke
|l| gahaku
|l| YOASOBI stan
|l| thebusinesspiggy2
|l| Scotty1vgc
|l| Galahad Excalibur
|l| thacrow
|l| Triir
|l| Tang Strawberry
|l| ZekromZeke
|l| Axior
|l| Finabas
|l| Justified Joe
|l| A Regu1ar Guy
|l| superstar jamie
|l| parlayprince
|l| comfy n ez 2 wear
|j| Mogo
|l| Mogo
|j| tryingsomethingnew
|l| mousehouse 2
|l| templevgc
|l|Ōśågoodbye brede
|player|p1|
|l| ledinoleo
|l| tryingsomethingnew
|l| Flarefox
|j| kommander
|l| kommander
|j| ido1234567890
|l| ido1234567890
|j| CICCIOTT fan
|l| CICCIOTT fan
|n|Ōśåazulite_poke@!|azulitepoke
|j| MajorStar
|l| MajorStar
|l| KoonKyVGC
|n|Ōśåazulite_poke|azulitepoke
|j| Carlos cabal
|l| Carlos cabal
|j| Aeon_Twins
