|j|☆zzzssszzz
|j|☆Voidling242
|html|zzzssszzzVoidling242    
|uhtml|bestof|Game 2 of a best-of-3
|t:|1756586594
|gametype|doubles
|player|p1|zzzssszzz|pryce|1040
|player|p2|Voidling242|170|1000
|gen|9
|tier|[Gen 9] VGC 2025 Reg H (Bo3)
|rated|
|rule|Species Clause: Limit one of each Pokémon
|rule|Item Clause: Limit 1 of each item
|clearpoke
|poke|p1|Politoed, L50, F|
|poke|p1|Archaludon, L50, F|
|poke|p1|Kingdra, L50, F|
|poke|p1|Incineroar, L50, M|
|poke|p1|Amoonguss, L50, M|
|poke|p1|Gothitelle, L50, F|
|poke|p2|Primarina, L50, F|
|poke|p2|Rillaboom, L50, F|
|poke|p2|Ninetales-Alola, L50, F|
|poke|p2|Gothitelle, L50, F|
|poke|p2|Lapras, L50, F|
|poke|p2|Incineroar, L50, F|
|teampreview|4
|showteam|p1|Politoed||Leftovers|Drizzle|Protect,WeatherBall,PerishSong,Encore|||F|||50|,,,,,Grass]Archaludon||PowerHerb|Sturdy|Protect,ElectroShot,FlashCannon,DragonPulse|||F|||50|,,,,,Electric]Kingdra||LifeOrb|SwiftSwim|Protect,DracoMeteor,WeatherBall,MuddyWater|||F|||50|,,,,,Stellar]Incineroar||SafetyGoggles|Intimidate|FakeOut,KnockOff,PartingShot,Protect|||M|||50|,,,,,Ghost]Amoonguss||EjectButton|Regenerator|Protect,RagePowder,Spore,PollenPuff|||M|||50|,,,,,Fairy]Gothitelle||SitrusBerry|ShadowTag|Protect,Psychic,FakeOut,TrickRoom|||F|||50|,,,,,Dark
|showteam|p2|Primarina||MentalHerb|Torrent|Protect,PerishSong,WaterPledge,Moonblast|||F|||50|,,,,,Grass]Rillaboom||CovertCloak|GrassySurge|Protect,FakeOut,Uturn,GrassPledge|||F|||50|,,,,,Grass]Ninetales-Alola||LightClay|SnowWarning|Protect,Moonblast,AuroraVeil,IcyWind|||F|||50|,,,,,Ice]Gothitelle||SitrusBerry|ShadowTag|Protect,Psychic,FakeOut,TrickRoom|||F|||50|,,,,,Dark]Lapras||LifeOrb|WaterAbsorb|Protect,PerishSong,FreezeDry,SparklingAria|||F|||50|,,,,,Ice]Incineroar||SafetyGoggles|Intimidate|Protect,PartingShot,FakeOut,FirePledge|||F|||50|,,,,,Fire
|inactive|Battle timer is ON: inactive players will automatically lose when time's up. (requested by zzzssszzz)
|
|t:|1756586636
|teamsize|p1|4
|teamsize|p2|4
|start
|switch|p1a: Amoonguss|Amoonguss, L50, M|100/100
|switch|p1b: Politoed|Politoed, L50, F|100/100
|switch|p2a: Incineroar|Incineroar, L50, F|100/100
|switch|p2b: Rillaboom|Rillaboom, L50, F|100/100
|-weather|RainDance|[from] ability: Drizzle|[of] p1b: Politoed
|-fieldstart|move: Grassy Terrain|[from] ability: Grassy Surge|[of] p2b: Rillaboom
|-ability|p2a: Incineroar|Intimidate|boost
|-unboost|p1a: Amoonguss|atk|1
|-unboost|p1b: Politoed|atk|1
|turn|1
|
|t:|1756586657
|move|p1b: Politoed|Protect|p1b: Politoed
|-singleturn|p1b: Politoed|Protect
|move|p1a: Amoonguss|Protect|p1a: Amoonguss
|-singleturn|p1a: Amoonguss|Protect
|move|p2a: Incineroar|Fake Out|p1a: Amoonguss
|-activate|p1a: Amoonguss|move: Protect
|move|p2b: Rillaboom|U-turn|p1a: Amoonguss
|-activate|p1a: Amoonguss|move: Protect
|
|-weather|RainDance|[upkeep]
|upkeep
|turn|2
|
|t:|1756586673
|-terastallize|p1b: Politoed|Grass
|move|p1b: Politoed|Weather Ball|p2a: Incineroar
|-supereffective|p2a: Incineroar
|-damage|p2a: Incineroar|20/100
|move|p2b: Rillaboom|U-turn|p1a: Amoonguss
|-damage|p1a: Amoonguss|87/100
|-enditem|p1a: Amoonguss|Eject Button
|
|t:|1756586680
|switch|p1a: Incineroar|Incineroar, L50, M|100/100
|-ability|p1a: Incineroar|Intimidate|boost
|-unboost|p2a: Incineroar|atk|1
|-unboost|p2b: Rillaboom|atk|1
|move|p2a: Incineroar|Parting Shot|p1b: Politoed
|-unboost|p1b: Politoed|atk|1
|-unboost|p1b: Politoed|spa|1
|
|t:|1756586690
|switch|p2a: Gothitelle|Gothitelle, L50, F|100/100|[from] Parting Shot
|
|-weather|RainDance|[upkeep]
|upkeep
|turn|3
|-message|Voidling242 forfeited.
|
|win|zzzssszzz
|raw|zzzssszzz's rating: 1040 → 1070(+30 for winning)
|raw|Voidling242's rating: 1000 → 1000(+0 for losing)
