|j|☆Alecat
|j|☆DrXJ13
|html|AlecatDrXJ13    
|uhtml|bestof|Game 1 of a best-of-3
|t:|1757245764
|gametype|doubles
|player|p1|Alecat|scientistf|1213
|player|p2|DrXJ13|2|1131
|gen|9
|tier|[Gen 9] VGC 2025 Reg H (Bo3)
|rated|
|rule|Species Clause: Limit one of each Pokémon
|rule|Item Clause: Limit 1 of each item
|clearpoke
|poke|p1|Sneasler, L50, F|
|poke|p1|Rillaboom, L50, F|
|poke|p1|Magmar, L50, M|
|poke|p1|Espathra, L50, F|
|poke|p1|Kingambit, L50, F|
|poke|p1|Arcanine-Hisui, L50, M|
|poke|p2|Sinistcha, L50|
|poke|p2|Ursaluna-Bloodmoon, L50, M|
|poke|p2|Incineroar, L50, F|
|poke|p2|Sneasler, L50, F|
|poke|p2|Dragonite, L50, M|
|poke|p2|Corviknight, L50, F|
|teampreview|4
|showteam|p1|Sneasler||FocusSash|Unburden|FakeOut,CloseCombat,DireClaw,Coaching|||F|||50|,,,,,Ghost]Rillaboom||AssaultVest|GrassySurge|FakeOut,WoodHammer,GrassyGlide,HighHorsepower|||F|||50|,,,,,Fire]Magmar||Eviolite|VitalSpirit|Protect,HeatWave,Taunt,FollowMe|||M|||50|,,,,,Dragon]Espathra||GrassySeed|SpeedBoost|Protect,StoredPower,TeraBlast,CalmMind|||F|||50|,,,,,Fighting]Kingambit||SafetyGoggles|Defiant|Protect,KowtowCleave,SuckerPunch,SwordsDance|||F|||50|,,,,,Dark]Arcanine-Hisui||LoadedDice|Intimidate|Protect,FlareBlitz,RockBlast,ExtremeSpeed|||M|||50|,,,,,Ghost
|showteam|p2|Sinistcha||RockyHelmet|Hospitality|MatchaGotcha,ShadowBall,TrickRoom,RagePowder||||||50|,,,,,Water]Ursaluna-Bloodmoon||Leftovers|MindsEye|HyperVoice,EarthPower,CalmMind,Protect|||M|||50|,,,,,Water]Incineroar||SafetyGoggles|Intimidate|FakeOut,KnockOff,FlareBlitz,PartingShot|||F|||50|,,,,,Ghost]Sneasler||FocusSash|Unburden|Coaching,DireClaw,CloseCombat,Protect|||F|||50|,,,,,Stellar]Dragonite||LoadedDice|Multiscale|ScaleShot,ExtremeSpeed,Haze,Protect|||M|||50|,,,,,Fairy]Corviknight||CovertCloak|MirrorArmor|DualWingbeat,Tailwind,IronHead,Taunt|||F|||50|,,,,,Dragon
|inactive|Battle timer is ON: inactive players will automatically lose when time's up. (requested by DrXJ13)
|inactive|Alecat also wants the timer to be on.
|
|t:|1757245789
|teamsize|p1|4
|teamsize|p2|4
|start
|switch|p1a: Espathra|Espathra, L50, F|100/100
|switch|p1b: Magmar|Magmar, L50, M|100/100
|switch|p2a: Tuex|Sneasler, L50, F|100/100
|switch|p2b: Onichan|Dragonite, L50, M|100/100
|turn|1
|
|t:|1757245800
|move|p2a: Tuex|Coaching|p2b: Onichan
|-boost|p2b: Onichan|atk|1
|-boost|p2b: Onichan|def|1
|move|p2b: Onichan|Scale Shot|p1a: Espathra
|-damage|p1a: Espathra|77/100
|-damage|p1a: Espathra|53/100
|-damage|p1a: Espathra|26/100
|-crit|p1a: Espathra
|-damage|p1a: Espathra|0 fnt
|faint|p1a: Espathra
|-hitcount|p1: Espathra|4
|-unboost|p2b: Onichan|def|1
|-boost|p2b: Onichan|spe|1
|move|p1b: Magmar|Heat Wave|p2a: Tuex|[spread] p2a,p2b
|-resisted|p2b: Onichan
|-damage|p2a: Tuex|67/100
|-damage|p2b: Onichan|93/100
|
|upkeep
|
|t:|1757245808
|switch|p1a: Kingambit|Kingambit, L50, F|100/100
|turn|2
|inactive|DrXJ13 has 30 seconds left.
|
|t:|1757245834
|switch|p1b: Rillaboom|Rillaboom, L50, F|100/100
|-fieldstart|move: Grassy Terrain|[from] ability: Grassy Surge|[of] p1b: Rillaboom
|-terastallize|p1a: Kingambit|Dark
|move|p1a: Kingambit|Sucker Punch|p2b: Onichan
|-damage|p2b: Onichan|37/100
|move|p2b: Onichan|Scale Shot|p1b: Rillaboom
|-damage|p1b: Rillaboom|74/100
|-damage|p1b: Rillaboom|50/100
|-damage|p1b: Rillaboom|26/100
|-damage|p1b: Rillaboom|0 fnt
|faint|p1b: Rillaboom
|-hitcount|p1: Rillaboom|4
|-unboost|p2b: Onichan|def|1
|-boost|p2b: Onichan|spe|1
|move|p2a: Tuex|Close Combat|p1a: Kingambit
|-supereffective|p1a: Kingambit
|-damage|p1a: Kingambit|24/100
|-unboost|p2a: Tuex|def|1
|-unboost|p2a: Tuex|spd|1
|
|-heal|p2a: Tuex|73/100|[from] Grassy Terrain
|-heal|p1a: Kingambit|30/100|[from] Grassy Terrain
|upkeep
|
|t:|1757245846
|switch|p1b: Magmar|Magmar, L50, M|100/100
|turn|3
|
|t:|1757245861
|move|p1a: Kingambit|Sucker Punch|p2a: Tuex
|-resisted|p2a: Tuex
|-damage|p2a: Tuex|6/100
|move|p2b: Onichan|Scale Shot|p1a: Kingambit
|-damage|p1a: Kingambit|15/100
|-damage|p1a: Kingambit|0 fnt
|faint|p1a: Kingambit
|-hitcount|p1: Kingambit|2
|-unboost|p2b: Onichan|def|1
|-boost|p2b: Onichan|spe|1
|move|p2a: Tuex|Close Combat|p1b: Magmar
|-damage|p1b: Magmar|31/100
|-unboost|p2a: Tuex|def|1
|-unboost|p2a: Tuex|spd|1
|move|p1b: Magmar|Heat Wave|p2a: Tuex|[spread] p2a,p2b
|-resisted|p2b: Onichan
|-damage|p2a: Tuex|0 fnt
|-damage|p2b: Onichan|25/100
|faint|p2a: Tuex
|
|-heal|p1b: Magmar|37/100|[from] Grassy Terrain
|upkeep
|
|t:|1757245868
|switch|p2a: Wellington|Ursaluna-Bloodmoon, L50, M|100/100
|turn|4
|-message|Alecat forfeited.
|
|win|DrXJ13
||Alecat is ready for game 2.
||DrXJ13 is ready for game 2.
|uhtml|next|Next: Game 2 of 3
