|j|☆qduxs
|j|☆Isagii
|html|qduxsIsagii    
|uhtml|bestof|Game 1 of a best-of-3
|t:|1783192732
|gametype|doubles
|player|p1|qduxs|n|1110
|player|p2|Isagii|steven|1173
|gen|9
|tier|[Gen 9 Champions] VGC 2026 Reg M-B (Bo3)
|rated|
|rule|Species Clause: Limit one of each Pokémon
|rule|Item Clause: Limit 1 of each item
|clearpoke
|poke|p1|Meganium, L50, M|
|poke|p1|Pelipper, L50, F|
|poke|p1|Archaludon, L50, M|
|poke|p1|Kingambit, L50, F|
|poke|p1|Rotom-Wash, L50|
|poke|p1|Corviknight, L50, F|
|poke|p2|Metagross, L50, shiny|
|poke|p2|Grimmsnarl, L50, M, shiny|
|poke|p2|Toxapex, L50, M|
|poke|p2|Hydreigon, L50, F|
|poke|p2|Charizard, L50, M, shiny|
|poke|p2|Garchomp, L50, M, shiny|
|teampreview|4
|showteam|p1|Meganium||Meganiumite|LeafGuard|SolarBeam,WeatherBall,Protect,DazzlingGleam|Serious||M|||50|]Pelipper||FocusSash|Drizzle|Tailwind,WeatherBall,Protect,MuddyWater|Modest||F|||50|]Archaludon||Leftovers|Stamina|ElectroShot,Protect,FlashCannon,IronDefense|Modest||M|||50|]Kingambit||ChopleBerry|Defiant|SuckerPunch,KowtowCleave,Protect,LowKick|Adamant||F|||50|]Rotom-Wash||MentalHerb|Levitate|VoltSwitch,HydroPump,LightScreen,WillOWisp|Timid|||||50|]Corviknight||ExpertBelt|MirrorArmor|BraveBird,BulkUp,Tailwind,IronHead|Adamant||F|||50|
|showteam|p2|Metagross||Metagrossite|ClearBody|PsychicFangs,IronHead,BodyPress,Protect|Jolly|||||50|]Grimmsnarl||LightClay|Prankster|LightScreen,Reflect,PartingShot,SpiritBreak|Careful||M|||50|]Toxapex||Leftovers|Regenerator|Toxic,Infestation,WideGuard,BanefulBunker|Bold||M|||50|]Hydreigon||ChoiceScarf|Levitate|DracoMeteor,DarkPulse,HeatWave,Snarl|Modest||F|||50|]Charizard||CharizarditeY|Blaze|HeatWave,SolarBeam,WeatherBall,Protect|Modest||M|||50|]Garchomp||LifeOrb|RoughSkin|Earthquake,DragonClaw,RockSlide,Protect|Jolly||M|||50|
|inactive|Battle timer is ON: inactive players will automatically lose when time's up. (requested by Isagii)
|inactive|qduxs also wants the timer to be on.
|inactive|Isagii has 60 seconds left.
|
|t:|1783192784
|teamsize|p1|4
|teamsize|p2|4
|start
|switch|p1a: Archaludon|Archaludon, L50, M|100/100
|switch|p1b: Kingambit|Kingambit, L50, F|100/100
|switch|p2a: Grimmsnarl|Grimmsnarl, L50, M, shiny|100/100
|switch|p2b: Hydreigon|Hydreigon, L50, F|100/100
|turn|1
|inactive|qduxs has 30 seconds left.
|
|t:|1783192809
|move|p2b: Hydreigon|Draco Meteor|p1b: Kingambit
|-resisted|p1b: Kingambit|1
|-damage|p1b: Kingambit|63/100
|-unboost|p2b: Hydreigon|spa|2
|move|p1a: Archaludon|Flash Cannon|p2a: Grimmsnarl
|-supereffective|p2a: Grimmsnarl|1
|-damage|p2a: Grimmsnarl|27/100
|move|p2a: Grimmsnarl|Spirit Break|p1b: Kingambit
|-damage|p1b: Kingambit|42/100
|-unboost|p1b: Kingambit|spa|1
|-ability|p1b: Kingambit|Defiant|boost
|-boost|p1b: Kingambit|atk|2
|move|p1b: Kingambit|Low Kick|p2b: Hydreigon
|-supereffective|p2b: Hydreigon|1
|-damage|p2b: Hydreigon|0 fnt
|faint|p2b: Hydreigon
|
|upkeep
|
|t:|1783192819
|switch|p2b: Charizard|Charizard, L50, M, shiny|100/100
|turn|2
|
|t:|1783192833
|switch|p1b: Pelipper|Pelipper, L50, F|100/100
|-weather|RainDance|[from] ability: Drizzle|[of] p1b: Pelipper
|detailschange|p2b: Charizard|Charizard-Mega-Y, L50, M, shiny
|-mega|p2b: Charizard|Charizard|Charizardite Y
|-weather|SunnyDay|[from] ability: Drought|[of] p2b: Charizard
|move|p2a: Grimmsnarl|Light Screen|p2a: Grimmsnarl
|-sidestart|p2: Isagii|move: Light Screen
|move|p2b: Charizard|Heat Wave|p1b: Pelipper|[spread] p1a,p1b
|-resisted|p1b: Pelipper|1
|-damage|p1a: Archaludon|29/100
|-damage|p1b: Pelipper|54/100
|-status|p1b: Pelipper|brn
|-ability|p1a: Archaludon|Stamina|boost
|-boost|p1a: Archaludon|def|1
|move|p1a: Archaludon|Electro Shot||[still]
|-prepare|p1a: Archaludon|Electro Shot
|-boost|p1a: Archaludon|spa|1
|
|-weather|SunnyDay|[upkeep]
|-heal|p1a: Archaludon|35/100|[from] item: Leftovers
|-damage|p1b: Pelipper|48/100 brn|[from] brn
|upkeep
|turn|3
|
|t:|1783192857
|move|p2b: Charizard|Heat Wave|p1b: Pelipper|[spread] p1a,p1b
|-resisted|p1b: Pelipper|1
|-damage|p1a: Archaludon|0 fnt
|-damage|p1b: Pelipper|3/100 brn
|faint|p1a: Archaludon
|move|p1b: Pelipper|Muddy Water|p2b: Charizard|[spread] p2a,p2b
|-crit|p2a: Grimmsnarl
|-supereffective|p2b: Charizard|1
|-damage|p2a: Grimmsnarl|9/100
|-damage|p2b: Charizard|82/100
|move|p2a: Grimmsnarl|Spirit Break|p1b: Pelipper
|-damage|p1b: Pelipper|0 fnt
|faint|p1b: Pelipper
|
|-weather|SunnyDay|[upkeep]
|upkeep
|
|t:|1783192869
|switch|p1a: Meganium|Meganium, L50, M|100/100
|switch|p1b: Kingambit|Kingambit, L50, F|42/100
|turn|4
|
|t:|1783192881
|detailschange|p1a: Meganium|Meganium-Mega, L50, M
|-mega|p1a: Meganium|Meganium|Meganiumite
|move|p2a: Grimmsnarl|Reflect|p2a: Grimmsnarl
|-sidestart|p2: Isagii|Reflect
|move|p1b: Kingambit|Sucker Punch|p2b: Charizard
|-damage|p2b: Charizard|53/100
|move|p2b: Charizard|Heat Wave|p1b: Kingambit|[spread] p1a,p1b
|-supereffective|p1a: Meganium|1
|-supereffective|p1b: Kingambit|1
|-damage|p1a: Meganium|0 fnt
|-damage|p1b: Kingambit|0 fnt
|faint|p1a: Meganium
|faint|p1b: Kingambit
|
|win|Isagii
|l|☆qduxs
|player|p1|
|l|☆Isagii
|player|p2|
||qduxs is ready for game 2.
|j|☆Isagii
|player|p2|Isagii|steven|
|inactive|Isagii has 30 seconds to confirm battle start!
