|j|☆liamvgc1
|j|☆Crystneel
|html|liamvgc1Crystneel    
|uhtml|bestof|Game 2 of a best-of-3
|t:|1757165132
|gametype|doubles
|player|p1|liamvgc1|102|1238
|player|p2|Crystneel|ethan|1200
|gen|9
|tier|[Gen 9] VGC 2025 Reg H (Bo3)
|rated|
|rule|Species Clause: Limit one of each Pokémon
|rule|Item Clause: Limit 1 of each item
|clearpoke
|poke|p1|Typhlosion-Hisui, L50, F|
|poke|p1|Whimsicott, L50, F|
|poke|p1|Garchomp, L50, F|
|poke|p1|Annihilape, L50, M|
|poke|p1|Amoonguss, L50, M|
|poke|p1|Ursaluna-Bloodmoon, L50, M|
|poke|p2|Volcarona, L50, F|
|poke|p2|Electabuzz, L50, M|
|poke|p2|Sneasler, L50, F|
|poke|p2|Rillaboom, L50, F|
|poke|p2|Dragonite, L50, F|
|poke|p2|Ursaluna-Bloodmoon, L50, M|
|teampreview|4
|showteam|p1|Typhlosion-Hisui||ChoiceSpecs|Blaze|Eruption,HeatWave,Flamethrower,ShadowBall|||F|||50|,,,,,Fire]Whimsicott||CovertCloak|Prankster|SunnyDay,Tailwind,Encore,Moonblast|||F|||50|,,,,,Dark]Garchomp||LifeOrb|RoughSkin|Earthquake,StompingTantrum,DragonClaw,Protect|||F|||50|,,,,,Ground]Annihilape||SafetyGoggles|Defiant|CloseCombat,RageFist,FinalGambit,Protect|||M|||50|,,,,,Water]Amoonguss||SitrusBerry|EffectSpore|RagePowder,Spore,Protect,SludgeBomb|||M|||50|,,,,,Water]Ursaluna-Bloodmoon||AssaultVest|MindsEye|BloodMoon,HyperVoice,EarthPower,VacuumWave|||M|||50|,,,,,Water
|showteam|p2|Volcarona||Leftovers|FlameBody|FieryDance,QuiverDance,GigaDrain,Protect|||F|||50|,,,,,Water]Electabuzz||Eviolite|Static|FollowMe,Electroweb,VoltSwitch,Taunt|||M|||50|,,,,,Fairy]Sneasler||GrassySeed|Unburden|DireClaw,CloseCombat,ThroatChop,Protect|||F|||50|,,,,,Dark]Rillaboom||AssaultVest|GrassySurge|FakeOut,GrassyGlide,WoodHammer,Uturn|||F|||50|,,,,,Fire]Dragonite||LoadedDice|Multiscale|ExtremeSpeed,ScaleShot,IceSpinner,LowKick|||F|||50|,,,,,Normal]Ursaluna-Bloodmoon||ThroatSpray|MindsEye|BloodMoon,HyperVoice,EarthPower,Protect|||M|||50|,,,,,Poison
|inactive|Battle timer is ON: inactive players will automatically lose when time's up. (requested by liamvgc1)
|
|t:|1757165147
|teamsize|p1|4
|teamsize|p2|4
|start
|switch|p1a: Typhlosion|Typhlosion-Hisui, L50, F|100/100
|switch|p1b: Garchomp|Garchomp, L50, F|100/100
|switch|p2a: Sneasler|Sneasler, L50, F|100/100
|switch|p2b: Rillaboom|Rillaboom, L50, F|100/100
|-fieldstart|move: Grassy Terrain|[from] ability: Grassy Surge|[of] p2b: Rillaboom
|-enditem|p2a: Sneasler|Grassy Seed
|-boost|p2a: Sneasler|def|1|[from] item: Grassy Seed
|turn|1
|
|t:|1757165166
|switch|p1b: Whimsicott|Whimsicott, L50, F|100/100
|switch|p2b: Electabuzz|Electabuzz, L50, M|100/100
|-terastallize|p1a: Typhlosion|Fire
|move|p2a: Sneasler|Dire Claw|p1a: Typhlosion
|-damage|p1a: Typhlosion|40/100
|-status|p1a: Typhlosion|psn
|move|p1a: Typhlosion|Heat Wave|p2a: Sneasler|[spread] p2a,p2b
|-crit|p2a: Sneasler
|-damage|p2a: Sneasler|0 fnt
|-damage|p2b: Electabuzz|56/100
|faint|p2a: Sneasler
|
|-heal|p1a: Typhlosion|46/100 psn|[from] Grassy Terrain
|-heal|p2b: Electabuzz|62/100|[from] Grassy Terrain
|-damage|p1a: Typhlosion|34/100 psn|[from] psn
|upkeep
|
|t:|1757165180
|switch|p2a: Volcarona|Volcarona, L50, F|100/100
|turn|2
|
|t:|1757165190
|-terastallize|p2a: Volcarona|Water
|move|p1b: Whimsicott|Tailwind|p1b: Whimsicott
|-sidestart|p1: liamvgc1|move: Tailwind
|move|p1a: Typhlosion|Heat Wave|p2b: Electabuzz|[spread] p2a
|-miss|p1a: Typhlosion|p2b: Electabuzz
|-resisted|p2a: Volcarona
|-damage|p2a: Volcarona|58/100
|move|p2a: Volcarona|Fiery Dance|p1b: Whimsicott
|-supereffective|p1b: Whimsicott
|-damage|p1b: Whimsicott|18/100
|-boost|p2a: Volcarona|spa|1
|move|p2b: Electabuzz|Volt Switch|p1a: Typhlosion
|-damage|p1a: Typhlosion|3/100 psn
|
|t:|1757165204
|switch|p2b: Rillaboom|Rillaboom, L50, F|100/100|[from] Volt Switch
|
|-heal|p1a: Typhlosion|9/100 psn|[from] Grassy Terrain
|-heal|p1b: Whimsicott|23/100|[from] Grassy Terrain
|-heal|p2a: Volcarona|64/100|[from] Grassy Terrain
|-heal|p2a: Volcarona|70/100|[from] item: Leftovers
|-damage|p1a: Typhlosion|0 fnt|[from] psn
|faint|p1a: Typhlosion
|upkeep
|
|t:|1757165211
|switch|p1a: Annihilape|Annihilape, L50, M|100/100
|turn|3
|
|t:|1757165221
|move|p2a: Volcarona|Protect|p2a: Volcarona
|-singleturn|p2a: Volcarona|Protect
|move|p1b: Whimsicott|Moonblast|p2a: Volcarona
|-activate|p2a: Volcarona|move: Protect
|move|p1a: Annihilape|Close Combat|p2a: Volcarona
|-activate|p2a: Volcarona|move: Protect
|move|p2b: Rillaboom|U-turn|p1b: Whimsicott
|-damage|p1b: Whimsicott|0 fnt
|faint|p1b: Whimsicott
|-message|liamvgc1 forfeited.
|
|win|Crystneel
|raw|liamvgc1's rating: 1238 → 1210(-28 for losing)
|raw|Crystneel's rating: 1200 → 1228(+28 for winning)
|l|☆liamvgc1
|player|p1|
