|j|☆arthur.ayms
|j|☆Yuste3_
|html|arthur.aymsYuste3_    
|uhtml|bestof|Game 2 of a best-of-3
|t:|1756160108
|gametype|doubles
|player|p1|arthur.ayms|265|1121
|player|p2|Yuste3_|lucas|1074
|gen|9
|tier|[Gen 9] VGC 2025 Reg H (Bo3)
|rated|
|rule|Species Clause: Limit one of each Pokémon
|rule|Item Clause: Limit 1 of each item
|clearpoke
|poke|p1|Ursaluna-Bloodmoon, L50, M|
|poke|p1|Indeedee, L50, M|
|poke|p1|Decidueye-Hisui, L50, F|
|poke|p1|Talonflame, L50, M|
|poke|p1|Amoonguss, L50, F|
|poke|p1|Sneasler, L50, F|
|poke|p2|Dragonite, L50, F|
|poke|p2|Sneasler, L50, F|
|poke|p2|Volcarona, L50, M|
|poke|p2|Mandibuzz, L50, F|
|poke|p2|Indeedee, L50, M|
|poke|p2|Delphox, L50, M|
|teampreview|4
|showteam|p1|Ursaluna-Bloodmoon||LifeOrb|MindsEye|HyperVoice,EarthPower,BloodMoon,Protect|||M|||50|,,,,,Normal]Indeedee||FocusSash|PsychicSurge|ExpandingForce,Imprison,TrickRoom,DazzlingGleam|||M|||50|,,,,,Fairy]Decidueye-Hisui||RazorClaw|Scrappy|TripleArrows,LeafBlade,Haze,Protect|||F|||50|,,,,,Fire]Talonflame||CovertCloak|GaleWings|Tailwind,DualWingbeat,FlareBlitz,SunnyDay|||M|||50|,,,,,Steel]Amoonguss||SitrusBerry|EffectSpore|Spore,RagePowder,ClearSmog,Protect|||F|||50|,,,,,Water]Sneasler||PsychicSeed|Unburden|ThroatChop,DireClaw,CloseCombat,Protect|||F|||50|,,,,,Dark
|showteam|p2|Dragonite||LoadedDice|Multiscale|ScaleShot,BrickBreak,Haze,Protect|||F|||50|,,,,,Steel]Sneasler||FocusSash|Unburden|Acrobatics,CloseCombat,DireClaw,ThroatChop|||F|||50|,,,,,Dark]Volcarona||CovertCloak|FlameBody|HeatWave,StruggleBug,QuiverDance,Protect|||M|||50|,,,,,Bug]Mandibuzz||SitrusBerry|Overcoat|FoulPlay,Taunt,Roost,Tailwind|||F|||50|,,,,,Steel]Indeedee||ChoiceScarf|PsychicSurge|ExpandingForce,HyperVoice,Psychic,Trick|||M|||50|,,,,,Psychic]Delphox||PsychicSeed|Magician|HeatWave,ExpandingForce,TeraBlast,Protect|||M|||50|,,,,,Fighting
|inactive|Battle timer is ON: inactive players will automatically lose when time's up. (requested by Yuste3_)
|
|t:|1756160123
|teamsize|p1|4
|teamsize|p2|4
|start
|switch|p1a: Talonflame|Talonflame, L50, M|100/100
|switch|p1b: Ursaluna|Ursaluna-Bloodmoon, L50, M|100/100
|switch|p2a: Indeedee|Indeedee, L50, M|100/100
|switch|p2b: Delphox|Delphox, L50, M|100/100
|-fieldstart|move: Psychic Terrain|[from] ability: Psychic Surge|[of] p2a: Indeedee
|-enditem|p2b: Delphox|Psychic Seed
|-boost|p2b: Delphox|spd|1|[from] item: Psychic Seed
|turn|1
|
|t:|1756160145
|-terastallize|p2a: Indeedee|Psychic
|move|p1a: Talonflame|Tailwind|p1a: Talonflame
|-sidestart|p1: arthur.ayms|move: Tailwind
|move|p2a: Indeedee|Expanding Force|p1b: Ursaluna|[spread] p1a,p1b
|-damage|p1a: Talonflame|0 fnt
|-damage|p1b: Ursaluna|1/100
|faint|p1a: Talonflame
|move|p1b: Ursaluna|Blood Moon|p2a: Indeedee
|-damage|p2a: Indeedee|0 fnt
|faint|p2a: Indeedee
|-damage|p1b: Ursaluna|0 fnt|[from] item: Life Orb
|faint|p1b: Ursaluna
|move|p2b: Delphox|Expanding Force|p1: Talonflame|[notarget]
|-fail|p2b: Delphox
|
|upkeep
|
|t:|1756160162
|switch|p1a: Indeedee|Indeedee, L50, M|100/100
|switch|p2a: Volcarona|Volcarona, L50, M|100/100
|switch|p1b: Sneasler|Sneasler, L50, F|100/100
|-enditem|p1b: Sneasler|Psychic Seed
|-boost|p1b: Sneasler|spd|1|[from] item: Psychic Seed
|turn|2
|inactive|arthur.ayms has 30 seconds left.
|
|t:|1756160187
|-terastallize|p1b: Sneasler|Dark
|move|p1b: Sneasler|Throat Chop|p2b: Delphox
|-supereffective|p2b: Delphox
|-damage|p2b: Delphox|0 fnt
|faint|p2b: Delphox
|move|p1a: Indeedee|Expanding Force|p2a: Volcarona
|-damage|p2a: Volcarona|30/100
|move|p2a: Volcarona|Struggle Bug|p1a: Indeedee|[spread] p1a,p1b
|-supereffective|p1a: Indeedee
|-supereffective|p1b: Sneasler
|-damage|p1a: Indeedee|56/100
|-damage|p1b: Sneasler|76/100
|-unboost|p1a: Indeedee|spa|1
|-unboost|p1b: Sneasler|spa|1
|
|upkeep
|
|t:|1756160197
|switch|p2b: Sneasler|Sneasler, L50, F|100/100
|turn|3
|
|t:|1756160215
|move|p1b: Sneasler|Dire Claw|p2b: Sneasler
|-resisted|p2b: Sneasler
|-damage|p2b: Sneasler|58/100
|move|p1a: Indeedee|Expanding Force|p2a: Volcarona|[spread] p2a,p2b
|-supereffective|p2b: Sneasler
|-damage|p2a: Volcarona|0 fnt
|-damage|p2b: Sneasler|0 fnt
|faint|p2a: Volcarona
|faint|p2b: Sneasler
|
|win|arthur.ayms
|raw|arthur.ayms's rating: 1121 → 1143(+22 for winning)
|raw|Yuste3_'s rating: 1074 → 1056(-18 for losing)
