|j|☆Pokeventurer
|j|☆mr no sauce
|html|Pokeventurermr no sauce    
|uhtml|bestof|Game 2 of a best-of-3
|t:|1757908091
|gametype|doubles
|player|p1|Pokeventurer|266|1210
|player|p2|mr no sauce|courtney|1252
|gen|9
|tier|[Gen 9] VGC 2025 Reg H (Bo3)
|rated|
|rule|Species Clause: Limit one of each Pokémon
|rule|Item Clause: Limit 1 of each item
|clearpoke
|poke|p1|Incineroar, L50, M|
|poke|p1|Ursaluna-Bloodmoon, L50, M|
|poke|p1|Gholdengo, L50|
|poke|p1|Dragonite, L50, M|
|poke|p1|Sneasler, L50, F|
|poke|p1|Amoonguss, L50, F|
|poke|p2|Archaludon, L50, F|
|poke|p2|Pelipper, L50, F|
|poke|p2|Ursaluna, L50, M|
|poke|p2|Sinistcha, L50|
|poke|p2|Dragonite, L50, M|
|poke|p2|Annihilape, L50, F|
|teampreview|4
|showteam|p1|Incineroar||SafetyGoggles|Intimidate|FlareBlitz,KnockOff,PartingShot,FakeOut|||M|||50|,,,,,Ghost]Ursaluna-Bloodmoon||AssaultVest|MindsEye|HyperVoice,BloodMoon,EarthPower,VacuumWave|||M|||50|,,,,,Water]Gholdengo||LifeOrb|GoodasGold|MakeItRain,ShadowBall,NastyPlot,Protect||||||50|,,,,,Water]Dragonite||LoadedDice|InnerFocus|ScaleShot,Tailwind,Haze,ExtremeSpeed|||M|||50|,,,,,Fairy]Sneasler||FocusSash|Unburden|CloseCombat,DireClaw,FakeOut,Feint|||F|||50|,,,,,Stellar]Amoonguss||CovertCloak|Regenerator|PollenPuff,RagePowder,Spore,Protect|||F|||50|,,,,,Water
|showteam|p2|Archaludon||AssaultVest|Stamina|ElectroShot,FlashCannon,BodyPress,Snarl|||F|||50|,,,,,Fighting]Pelipper||FocusSash|Drizzle|Hurricane,WeatherBall,Tailwind,Protect|||F|||50|,,,,,Ghost]Ursaluna||FlameOrb|Guts|HeadlongRush,Facade,Earthquake,Protect|||M|||50|,,,,,Ghost]Sinistcha||MentalHerb|Hospitality|MatchaGotcha,TrickRoom,RagePowder,LifeDew||||||50|,,,,,Steel]Dragonite||LoadedDice|Multiscale|ScaleShot,Tailwind,Haze,Protect|||M|||50|,,,,,Steel]Annihilape||SafetyGoggles|Defiant|CloseCombat,RageFist,Coaching,FinalGambit|||F|||50|,,,,,Fire
|inactive|Battle timer is ON: inactive players will automatically lose when time's up. (requested by Pokeventurer)
|inactive|Pokeventurer has 60 seconds left.
|
|t:|1757908129
|teamsize|p1|4
|teamsize|p2|4
|start
|switch|p1a: Gholdengo|Gholdengo, L50|100/100
|switch|p1b: Sneasler|Sneasler, L50, F|100/100
|switch|p2a: Pelipper|Pelipper, L50, F|100/100
|switch|p2b: Sinistcha|Sinistcha, L50|100/100
|-weather|RainDance|[from] ability: Drizzle|[of] p2a: Pelipper
|turn|1
|inactive|mr no sauce has 30 seconds left.
|
|t:|1757908157
|move|p1b: Sneasler|Dire Claw|p2b: Sinistcha
|-damage|p2b: Sinistcha|56/100
|-status|p2b: Sinistcha|par
|move|p1a: Gholdengo|Make It Rain|p2b: Sinistcha|[spread] p2a,p2b
|-resisted|p2a: Pelipper
|-damage|p2a: Pelipper|43/100
|-damage|p2b: Sinistcha|0 fnt
|-unboost|p1a: Gholdengo|spa|1
|faint|p2b: Sinistcha
|-damage|p1a: Gholdengo|91/100|[from] item: Life Orb
|move|p2a: Pelipper|Tailwind|p2a: Pelipper
|-sidestart|p2: mr no sauce|move: Tailwind
|
|-weather|RainDance|[upkeep]
|upkeep
|
|t:|1757908171
|switch|p2b: Ursaluna|Ursaluna, L50, M|100/100
|turn|2
|
|t:|1757908195
|switch|p1a: Incineroar|Incineroar, L50, M|100/100
|-ability|p1a: Incineroar|Intimidate|boost
|-unboost|p2a: Pelipper|atk|1
|-unboost|p2b: Ursaluna|atk|1
|move|p2b: Ursaluna|Protect|p2b: Ursaluna
|-singleturn|p2b: Ursaluna|Protect
|move|p2a: Pelipper|Hurricane|p1b: Sneasler
|-supereffective|p1b: Sneasler
|-enditem|p1b: Sneasler|Focus Sash
|-damage|p1b: Sneasler|1/100
|move|p1b: Sneasler|Dire Claw|p2a: Pelipper
|-damage|p2a: Pelipper|0 fnt
|faint|p2a: Pelipper
|
|-weather|RainDance|[upkeep]
|-status|p2b: Ursaluna|brn|[from] item: Flame Orb
|upkeep
|
|t:|1757908199
|switch|p2a: Archaludon|Archaludon, L50, F|100/100
|turn|3
|inactive|Pokeventurer has 30 seconds left.
|inactive|mr no sauce has 30 seconds left.
|
|t:|1757908229
|-terastallize|p1a: Incineroar|Ghost
|move|p2b: Ursaluna|Protect|p2b: Ursaluna
|-singleturn|p2b: Ursaluna|Protect
|move|p1b: Sneasler|Close Combat|p2a: Archaludon
|-supereffective|p2a: Archaludon
|-damage|p2a: Archaludon|0 fnt
|-unboost|p1b: Sneasler|def|1
|-unboost|p1b: Sneasler|spd|1
|faint|p2a: Archaludon
|move|p1a: Incineroar|Parting Shot|p2b: Ursaluna
|-activate|p2b: Ursaluna|move: Protect
|
|-weather|RainDance|[upkeep]
|-damage|p2b: Ursaluna|95/100 brn|[from] brn
|upkeep
|turn|4
|
|t:|1757908247
|-terastallize|p2b: Ursaluna|Ghost
|move|p1b: Sneasler|Close Combat|p2b: Ursaluna
|-immune|p2b: Ursaluna
|move|p2b: Ursaluna|Earthquake|p1a: Incineroar|[spread] p1a,p1b
|-crit|p1a: Incineroar
|-supereffective|p1b: Sneasler
|-damage|p1a: Incineroar|15/100
|-damage|p1b: Sneasler|0 fnt
|faint|p1b: Sneasler
|move|p1a: Incineroar|Parting Shot|p2b: Ursaluna
|-unboost|p2b: Ursaluna|atk|1
|-unboost|p2b: Ursaluna|spa|1
|
|t:|1757908256
|switch|p1a: Gholdengo|Gholdengo, L50|91/100|[from] Parting Shot
|
|-weather|RainDance|[upkeep]
|-damage|p2b: Ursaluna|89/100 brn|[from] brn
|-sideend|p2: mr no sauce|move: Tailwind
|upkeep
|-message|mr no sauce forfeited.
|
|win|Pokeventurer
|raw|Pokeventurer's rating: 1210 → 1238(+28 for winning)
|raw|mr no sauce's rating: 1252 → 1224(-28 for losing)
|l|☆mr no sauce
|player|p2|
