|j|☆2BStellar
|j|☆manikman
|html|2BStellarmanikman    
|uhtml|bestof|Game 2 of a best-of-3
|t:|1783917563
|gametype|doubles
|player|p1|2BStellar|hilbert-wonderlauncher|1166
|player|p2|manikman|steven|1231
|gen|9
|tier|[Gen 9 Champions] VGC 2026 Reg M-B (Bo3)
|rated|
|rule|Species Clause: Limit one of each Pokémon
|rule|Item Clause: Limit 1 of each item
|clearpoke
|poke|p1|Garchomp, L50, M|
|poke|p1|Charizard, L50, M|
|poke|p1|Kingambit, L50, M|
|poke|p1|Sylveon, L50, M|
|poke|p1|Aerodactyl, L50, M|
|poke|p1|Incineroar, L50, M|
|poke|p2|Scolipede, L50, M|
|poke|p2|Raichu, L50, M|
|poke|p2|Sinistcha, L50|
|poke|p2|Weavile, L50, M|
|poke|p2|Ceruledge, L50, F|
|poke|p2|Milotic, L50, F|
|teampreview|4
|showteam|p1|Garchomp||LifeOrb|RoughSkin|Protect,StompingTantrum,DragonClaw,Earthquake|Jolly||M|||50|]Charizard||CharizarditeY|Blaze|Protect,HeatWave,SolarBeam,WeatherBall|Modest||M|||50|]Kingambit||FocusSash|Defiant|Protect,SuckerPunch,IronHead,KowtowCleave|Adamant||M|||50|]Sylveon||FairyFeather|Pixilate|Detect,HyperVoice,HyperBeam,QuickAttack|Modest||M|||50|]Aerodactyl||Aerodactylite|Unnerve|Protect,Tailwind,DualWingbeat,RockSlide|Jolly||M|||50|]Incineroar||SitrusBerry|Intimidate|FakeOut,PartingShot,DarkestLariat,FlareBlitz|Impish||M|||50|
|showteam|p2|Scolipede||Scolipite|SpeedBoost|LeechLife,PoisonJab,SwordsDance,Protect|Jolly||M|||50|]Raichu||RaichuniteY|LightningRod|ZapCannon,FocusBlast,Protect,FakeOut|Timid||M|||50|]Sinistcha||KasibBerry|Hospitality|MatchaGotcha,LifeDew,Protect,RagePowder|Relaxed|||||50|]Weavile||FocusSash|Pickpocket|KnockOff,TripleAxel,LowKick,FakeOut|Jolly||M|||50|]Ceruledge||ColburBerry|FlashFire|BitterBlade,ShadowSneak,Protect,BulkUp|Adamant||F|||50|]Milotic||Leftovers|Competitive|MuddyWater,Coil,Protect,Hypnosis|Calm||F|||50|
|inactive|Battle timer is ON: inactive players will automatically lose when time's up. (requested by manikman)
|inactive|2BStellar has 60 seconds left.
|
|t:|1783917611
|teamsize|p1|4
|teamsize|p2|4
|start
|switch|p1a: Aerodactyl|Aerodactyl, L50, M|100/100
|switch|p1b: Garchomp|Garchomp, L50, M|100/100
|switch|p2a: Raichu|Raichu, L50, M|100/100
|switch|p2b: Weavile|Weavile, L50, M|100/100
|-ability|p1a: Aerodactyl|Unnerve
|turn|1
|
|t:|1783917633
|detailschange|p2a: Raichu|Raichu-Mega-Y, L50, M
|-mega|p2a: Raichu|Raichu|Raichunite Y
|move|p1a: Aerodactyl|Protect|p1a: Aerodactyl
|-singleturn|p1a: Aerodactyl|Protect
|move|p1b: Garchomp|Protect|p1b: Garchomp
|-singleturn|p1b: Garchomp|Protect
|move|p2b: Weavile|Fake Out|p1a: Aerodactyl
|-activate|p1a: Aerodactyl|move: Protect
|move|p2a: Raichu|Zap Cannon|p1a: Aerodactyl
|-activate|p1a: Aerodactyl|move: Protect
|
|upkeep
|turn|2
|inactive|2BStellar has 30 seconds left.
|inactive|manikman has 30 seconds left.
|inactive|2BStellar has 20 seconds left.
|
|t:|1783917672
|switch|p1b: Kingambit|Kingambit, L50, M|100/100
|move|p2a: Raichu|Protect|p2a: Raichu
|-singleturn|p2a: Raichu|Protect
|move|p2b: Weavile|Triple Axel|p1b: Kingambit
|-resisted|p1b: Kingambit|1
|-damage|p1b: Kingambit|96/100
|-resisted|p1b: Kingambit|1
|-damage|p1b: Kingambit|88/100
|-resisted|p1b: Kingambit|1
|-damage|p1b: Kingambit|77/100
|-hitcount|p1b: Kingambit|3
|move|p1a: Aerodactyl|Tailwind|p1a: Aerodactyl
|-sidestart|p1: 2BStellar|move: Tailwind
|
|upkeep
|turn|3
|inactive|2BStellar has 30 seconds left.
|inactive|manikman has 30 seconds left.
|
|t:|1783917704
|switch|p2b: Sinistcha|Sinistcha, L50|100/100
|move|p1b: Kingambit|Sucker Punch|p2a: Raichu
|-damage|p2a: Raichu|42/100
|move|p1a: Aerodactyl|Rock Slide|p2b: Sinistcha|[spread] p2a,p2b
|-damage|p2a: Raichu|11/100
|-damage|p2b: Sinistcha|82/100
|cant|p2a: Raichu|flinch
|
|upkeep
|turn|4
|inactive|2BStellar has 30 seconds left.
|inactive|manikman has 30 seconds left.
|
|t:|1783917732
|move|p1a: Aerodactyl|Rock Slide|p2a: Raichu|[spread] p2a,p2b
|-damage|p2a: Raichu|0 fnt
|-damage|p2b: Sinistcha|64/100
|faint|p2a: Raichu
|move|p1b: Kingambit|Kowtow Cleave|p2b: Sinistcha
|-supereffective|p2b: Sinistcha|1
|-damage|p2b: Sinistcha|0 fnt
|faint|p2b: Sinistcha
|
|upkeep
|
|t:|1783917735
|switch|p2a: Weavile|Weavile, L50, M|100/100
|switch|p2b: Milotic|Milotic, L50, F|100/100
|turn|5
|-message|manikman forfeited.
|
|win|2BStellar
|raw|2BStellar's rating: 1166 → 1196(+30 for winning)
|raw|manikman's rating: 1231 → 1201(-30 for losing)
|l|☆manikman
|player|p2|
|j|☆manikman
|player|p2|manikman|steven|
|c|☆2BStellar|gg
