|j|☆Virginio.jr
|j|☆CoolMeDownB
|html|Virginio.jrCoolMeDownB    
|uhtml|bestof|Game 2 of a best-of-3
|t:|1782610515
|gametype|doubles
|player|p1|Virginio.jr|169|1038
|player|p2|CoolMeDownB|crasherwake|1204
|gen|9
|tier|[Gen 9 Champions] VGC 2026 Reg M-B (Bo3)
|rated|
|rule|Species Clause: Limit one of each Pokémon
|rule|Item Clause: Limit 1 of each item
|clearpoke
|poke|p1|Staraptor, L50, F, shiny|
|poke|p1|Whimsicott, L50, F, shiny|
|poke|p1|Eelektross, L50, M, shiny|
|poke|p1|Garchomp, L50, F|
|poke|p1|Basculegion, L50, M|
|poke|p1|Kingambit, L50, M|
|poke|p2|Incineroar, L50, F, shiny|
|poke|p2|Gholdengo, L50|
|poke|p2|Sneasler, L50, F|
|poke|p2|Sylveon, L50, M, shiny|
|poke|p2|Froslass, L50, F|
|poke|p2|Aerodactyl, L50, M|
|teampreview|4
|showteam|p1|Staraptor||Staraptite|Intimidate|BraveBird,CloseCombat,Roost,Protect|Jolly||F|||50|]Whimsicott||FocusSash|Prankster|Moonblast,Tailwind,Charm,Encore|Timid||F|||50|]Eelektross||Eelektrossite|Levitate|GrassKnot,Thunder,DragonPulse,Protect|Quiet||M|||50|]Garchomp||LifeOrb|RoughSkin|RockSlide,Earthquake,DragonClaw,Protect|Serious||F|||50|]Basculegion||ChoiceScarf|Adaptability|WaveCrash,AquaJet,FlipTurn,LastRespects|Jolly||M|||50|]Kingambit||BlackGlasses|Defiant|KowtowCleave,SuckerPunch,IronHead,Protect|Adamant||M|||50|
|showteam|p2|Incineroar||SitrusBerry|Intimidate|FlareBlitz,FakeOut,PartingShot,ThroatChop|Careful||F|||50|]Gholdengo||ShucaBerry|GoodasGold|ShadowBall,MakeItRain,NastyPlot,Protect|Timid|||||50|]Sneasler||WhiteHerb|Unburden|CloseCombat,DireClaw,Protect,FakeOut|Jolly||F|||50|]Sylveon||FairyFeather|Pixilate|HyperVoice,HyperBeam,QuickAttack,Detect|Modest||M|||50|]Froslass||Froslassite|SnowCloak|Blizzard,ShadowBall,AuroraVeil,Protect|Timid||F|||50|]Aerodactyl||Aerodactylite|RockHead|RockSlide,DualWingbeat,WideGuard,Tailwind|Jolly||M|||50|
|inactive|Battle timer is ON: inactive players will automatically lose when time's up. (requested by CoolMeDownB)
|inactive|Virginio.jr has 60 seconds left.
|inactive|Virginio.jr has 30 seconds left.
|inactive|Virginio.jr has 20 seconds left.
|inactive|Virginio.jr has 15 seconds left.
|inactive|Virginio.jr has 10 seconds left.
|inactive|Virginio.jr has 5 seconds left.
|
|t:|1782610672
|teamsize|p1|4
|teamsize|p2|4
|start
|switch|p1a: Staraptor|Staraptor, L50, F, shiny|100/100
|switch|p1b: Whimsicott|Whimsicott, L50, F, shiny|100/100
|switch|p2a: Froslass|Froslass, L50, F|100/100
|switch|p2b: Sneasler|Sneasler, L50, F|100/100
|-ability|p1a: Staraptor|Intimidate|boost
|-unboost|p2a: Froslass|atk|1
|-unboost|p2b: Sneasler|atk|1
|-enditem|p2b: Sneasler|White Herb
|-clearnegativeboost|p2b: Sneasler|[silent]
|turn|1
|inactive|Virginio.jr has 30 seconds left.
|inactive|Virginio.jr has 20 seconds left.
|inactive|Virginio.jr has 15 seconds left.
|inactive|Virginio.jr has 10 seconds left.
|inactive|Virginio.jr has 5 seconds left.
|
|t:|1782610727
|detailschange|p2a: Froslass|Froslass-Mega, L50, F
|-mega|p2a: Froslass|Froslass|Froslassite
|-weather|Snowscape|[from] ability: Snow Warning|[of] p2a: Froslass
|move|p2b: Sneasler|Fake Out|p1b: Whimsicott
|-damage|p1b: Whimsicott|77/100
|move|p2a: Froslass|Blizzard|p1a: Staraptor|[spread] p1a,p1b
|-supereffective|p1a: Staraptor|1
|-supereffective|p1b: Whimsicott|1
|-damage|p1a: Staraptor|0 fnt
|-damage|p1b: Whimsicott|0 fnt
|faint|p1a: Staraptor
|faint|p1b: Whimsicott
|
|-weather|Snowscape|[upkeep]
|upkeep
|inactive|Virginio.jr has 30 seconds left.
|inactive|Virginio.jr has 20 seconds left.
|inactive|Virginio.jr has 15 seconds left.
|inactive|Virginio.jr has 10 seconds left.
|inactive|Virginio.jr has 5 seconds left.
|
|t:|1782610782
|switch|p1b: Garchomp|Garchomp, L50, F|100/100
|switch|p1a: Eelektross|Eelektross, L50, M, shiny|100/100
|turn|2
|inactive|Virginio.jr has 30 seconds left.
|inactive|Virginio.jr has 20 seconds left.
|inactive|Virginio.jr has 15 seconds left.
|inactive|Virginio.jr has 10 seconds left.
|inactive|Virginio.jr has 5 seconds left.
|
|t:|1782610838
|move|p2b: Sneasler|Close Combat|p1a: Eelektross
|-damage|p1a: Eelektross|24/100
|-unboost|p2b: Sneasler|def|1
|-unboost|p2b: Sneasler|spd|1
|move|p2a: Froslass|Blizzard|p1b: Garchomp|[spread] p1a,p1b
|-supereffective|p1b: Garchomp|2
|-damage|p1a: Eelektross|0 fnt
|-damage|p1b: Garchomp|0 fnt
|faint|p1a: Eelektross
|faint|p1b: Garchomp
|
|win|CoolMeDownB
|raw|Virginio.jr's rating: 1038 → 1029(-9 for losing)
|raw|CoolMeDownB's rating: 1204 → 1218(+14 for winning)
|c|☆CoolMeDownB|gg
