|j|☆BakingSoda+Lemon
|j|☆wowiekazowee
|html|BakingSoda+Lemonwowiekazowee    
|uhtml|bestof|Game 2 of a best-of-3
|t:|1756158506
|gametype|doubles
|player|p1|BakingSoda+Lemon|artist-gen4|1142
|player|p2|wowiekazowee|idol|1062
|gen|9
|tier|[Gen 9] VGC 2025 Reg H (Bo3)
|rated|
|rule|Species Clause: Limit one of each Pokémon
|rule|Item Clause: Limit 1 of each item
|clearpoke
|poke|p1|Dragonite, L50, F|
|poke|p1|Samurott-Hisui, L50, M|
|poke|p1|Whimsicott, L50, M|
|poke|p1|Delphox, L50, F|
|poke|p1|Indeedee-F, L50, F|
|poke|p1|Gholdengo, L50|
|poke|p2|Pelipper, L50, M|
|poke|p2|Basculegion, L50, M|
|poke|p2|Archaludon, L50, F|
|poke|p2|Incineroar, L50, F|
|poke|p2|Sinistcha, L50|
|poke|p2|Ursaluna, L50, M|
|teampreview|4
|showteam|p1|Dragonite||LoadedDice|Multiscale|ScaleShot,Haze,Protect,StompingTantrum|||F|||50|,,,,,Fairy]Samurott-Hisui||AssaultVest|Sharpness|CeaselessEdge,SuckerPunch,AquaCutter,SacredSword|||M|||50|,,,,,Poison]Whimsicott||FocusSash|Prankster|Moonblast,Taunt,Protect,Tailwind|||M|||50|,,,,,Ghost]Delphox||LifeOrb|Blaze|ExpandingForce,HeatWave,Protect,DazzlingGleam|||F|||50|,,,,,Fairy]Indeedee-F||RockyHelmet|PsychicSurge|HelpingHand,FollowMe,TrickRoom,DazzlingGleam|||F|||50|,,,,,Water]Gholdengo||MetalCoat|GoodasGold|MakeItRain,NastyPlot,Protect,ShadowBall||||||50|,,,,,Steel
|showteam|p2|Pelipper||FocusSash|Drizzle|Hurricane,WeatherBall,Tailwind,WideGuard|||M|||50|,,,,,Ghost]Basculegion||MysticWater|SwiftSwim|Protect,WaveCrash,AquaJet,LastRespects|||M|||50|,,,,,Water]Archaludon||AssaultVest|Stamina|ElectroShot,DracoMeteor,FlashCannon,BodyPress|||F|||50|,,,,,Grass]Incineroar||SafetyGoggles|Intimidate|FakeOut,FlareBlitz,KnockOff,PartingShot|||F|||50|,,,,,Water]Sinistcha||SitrusBerry|Hospitality|MatchaGotcha,LifeDew,RagePowder,TrickRoom||||||50|,,,,,Water]Ursaluna||FlameOrb|Guts|Facade,HeadlongRush,SwordsDance,Protect|||M|||50|,,,,,Ghost
|inactive|Battle timer is ON: inactive players will automatically lose when time's up. (requested by BakingSoda+Lemon)
|inactive|BakingSoda+Lemon has 60 seconds left.
|
|t:|1756158549
|teamsize|p1|4
|teamsize|p2|4
|start
|switch|p1a: Whimsicott|Whimsicott, L50, M|100/100
|switch|p1b: Samurott|Samurott-Hisui, L50, M|100/100
|switch|p2a: Pelipper|Pelipper, L50, M|100/100
|switch|p2b: Archaludon|Archaludon, L50, F|100/100
|-weather|RainDance|[from] ability: Drizzle|[of] p2a: Pelipper
|turn|1
|inactive|BakingSoda+Lemon has 30 seconds left.
|inactive|wowiekazowee has 30 seconds left.
|inactive|BakingSoda+Lemon has 20 seconds left.
|
|t:|1756158585
|-terastallize|p2b: Archaludon|Grass
|move|p1a: Whimsicott|Moonblast|p2b: Archaludon
|-damage|p2b: Archaludon|80/100
|-ability|p2b: Archaludon|Stamina|boost
|-boost|p2b: Archaludon|def|1
|move|p1b: Samurott|Sacred Sword|p2b: Archaludon
|-damage|p2b: Archaludon|49/100
|-ability|p2b: Archaludon|Stamina|boost
|-boost|p2b: Archaludon|def|1
|move|p2b: Archaludon|Electro Shot||[still]
|-prepare|p2b: Archaludon|Electro Shot
|-boost|p2b: Archaludon|spa|1
|-anim|p2b: Archaludon|Electro Shot|p1b: Samurott
|-supereffective|p1b: Samurott
|-damage|p1b: Samurott|0 fnt
|faint|p1b: Samurott
|move|p2a: Pelipper|Hurricane|p1a: Whimsicott
|-supereffective|p1a: Whimsicott
|-enditem|p1a: Whimsicott|Focus Sash
|-damage|p1a: Whimsicott|1/100
|
|-weather|RainDance|[upkeep]
|upkeep
|
|t:|1756158592
|switch|p1b: Gholdengo|Gholdengo, L50|100/100
|turn|2
|
|t:|1756158615
|move|p1a: Whimsicott|Taunt|p2a: Pelipper
|-start|p2a: Pelipper|move: Taunt
|move|p1b: Gholdengo|Nasty Plot|p1b: Gholdengo
|-boost|p1b: Gholdengo|spa|2
|move|p2b: Archaludon|Electro Shot||[still]
|-prepare|p2b: Archaludon|Electro Shot
|-boost|p2b: Archaludon|spa|1
|-anim|p2b: Archaludon|Electro Shot|p1b: Gholdengo
|-damage|p1b: Gholdengo|18/100
|move|p2a: Pelipper|Weather Ball|p1b: Gholdengo
|-damage|p1b: Gholdengo|0 fnt
|faint|p1b: Gholdengo
|
|-weather|RainDance|[upkeep]
|upkeep
|
|t:|1756158620
|switch|p1b: Dragonite|Dragonite, L50, F|100/100
|turn|3
|-message|BakingSoda+Lemon forfeited.
|
|win|wowiekazowee
|raw|BakingSoda+Lemon's rating: 1142 → 1111(-31 for losing)
|raw|wowiekazowee's rating: 1062 → 1100(+38 for winning)
|l|☆BakingSoda+Lemon
|player|p1|
