|j|☆Oriozz
|j|☆wenas noches 2
|html|Oriozzwenas noches 2    
|uhtml|bestof|Game 1 of a best-of-3
|t:|1783548390
|gametype|doubles
|player|p1|Oriozz|2|1114
|player|p2|wenas noches 2|169|1000
|gen|9
|tier|[Gen 9 Champions] VGC 2026 Reg M-B (Bo3)
|rated|
|rule|Species Clause: Limit one of each Pokémon
|rule|Item Clause: Limit 1 of each item
|clearpoke
|poke|p1|Kingambit, L50, M|
|poke|p1|Floette-Eternal, L50, F|
|poke|p1|Sneasler, L50, M|
|poke|p1|Incineroar, L50, F|
|poke|p1|Garchomp, L50, F|
|poke|p1|Sinistcha, L50|
|poke|p2|Ninetales, L50, F|
|poke|p2|Delphox, L50, F|
|poke|p2|Farigiraf, L50, F|
|poke|p2|Gholdengo, L50|
|poke|p2|Gyarados, L50, M|
|poke|p2|Excadrill, L50, M|
|teampreview|4
|showteam|p1|Kingambit||ChopleBerry|Defiant|KowtowCleave,Protect,SuckerPunch,IronHead|Adamant||M|||50|]Floette-Eternal||Floettite|FlowerVeil|DazzlingGleam,DrainingKiss,Protect,CalmMind|Bold||F|||50|]Sneasler||FocusSash|Unburden|FakeOut,DireClaw,CloseCombat,Coaching|Jolly||M|||50|]Incineroar||Leftovers|Intimidate|FakeOut,FlareBlitz,PartingShot,HelpingHand|Careful||F|||50|]Garchomp||Garchompite|RoughSkin|Earthquake,StompingTantrum,RockSlide,Protect|Adamant||F|||50|]Sinistcha||SitrusBerry|Hospitality|Protect,MatchaGotcha,TrickRoom,RagePowder|Bold|||||50|
|showteam|p2|Ninetales||Charcoal|Drought|HelpingHand,Snarl,Protect,WeatherBall|Timid||F|||50|]Delphox||Delphoxite|Magician|HeatWave,NastyPlot,Protect,Psychic|Timid||F|||50|]Farigiraf||SitrusBerry|ArmorTail|TrickRoom,HelpingHand,TwinBeam,AllySwitch|Relaxed||F|||50|]Gholdengo||LifeOrb|GoodasGold|NastyPlot,MakeItRain,ShadowBall,Protect|Quiet|||||50|]Gyarados||Leftovers|Intimidate|Waterfall,ThunderWave,Protect,Roar|Impish||M|||50|]Excadrill||ChoiceScarf|MoldBreaker|HighHorsepower,IronHead,SunnyDay,RockSlide|Jolly||M|||50|
|inactive|Battle timer is ON: inactive players will automatically lose when time's up. (requested by Oriozz)
|inactive|Oriozz has 60 seconds left.
|inactive|Oriozz has 30 seconds left.
|inactive|Oriozz has 20 seconds left.
|inactive|Oriozz has 15 seconds left.
|inactive|Oriozz has 10 seconds left.
|
|t:|1783548471
|teamsize|p1|4
|teamsize|p2|4
|start
|switch|p1a: Garchomp|Garchomp, L50, F|100/100
|switch|p1b: Kingambit|Kingambit, L50, M|100/100
|switch|p2a: Farigiraf|Farigiraf, L50, F|100/100
|switch|p2b: Gyarados|Gyarados, L50, M|100/100
|-ability|p2b: Gyarados|Intimidate|boost
|-unboost|p1a: Garchomp|atk|1
|-unboost|p1b: Kingambit|atk|1
|-ability|p1b: Kingambit|Defiant|boost
|-boost|p1b: Kingambit|atk|2
|turn|1
|inactive|Oriozz has 30 seconds left.
|inactive|Oriozz has 20 seconds left.
|inactive|Oriozz has 15 seconds left.
|
|t:|1783548514
|detailschange|p1a: Garchomp|Garchomp-Mega, L50, F
|-mega|p1a: Garchomp|Garchomp|Garchompite
|move|p1a: Garchomp|Rock Slide|p2b: Gyarados|[spread] p2a,p2b
|-supereffective|p2b: Gyarados|1
|-damage|p2a: Farigiraf|88/100
|-damage|p2b: Gyarados|69/100
|move|p1b: Kingambit|Kowtow Cleave|p2a: Farigiraf
|-supereffective|p2a: Farigiraf|1
|-damage|p2a: Farigiraf|0 fnt
|faint|p2a: Farigiraf
|move|p2b: Gyarados|Roar|p1b: Kingambit
|drag|p1b: Sneasler|Sneasler, L50, M|100/100
|
|-heal|p2b: Gyarados|75/100|[from] item: Leftovers
|upkeep
|
|t:|1783548529
|switch|p2a: Delphox|Delphox, L50, F|100/100
|turn|2
|
|t:|1783548552
|switch|p1b: Incineroar|Incineroar, L50, F|100/100
|-ability|p1b: Incineroar|Intimidate|boost
|-unboost|p2a: Delphox|atk|1
|-unboost|p2b: Gyarados|atk|1
|detailschange|p2a: Delphox|Delphox-Mega, L50, F
|-mega|p2a: Delphox|Delphox|Delphoxite
|move|p2b: Gyarados|Protect|p2b: Gyarados
|-singleturn|p2b: Gyarados|Protect
|move|p2a: Delphox|Psychic|p1b: Incineroar
|-immune|p1b: Incineroar
|move|p1a: Garchomp|Rock Slide|p2a: Delphox|[spread] p2a
|-activate|p2b: Gyarados|move: Protect
|-supereffective|p2a: Delphox|1
|-damage|p2a: Delphox|48/100
|
|-heal|p2b: Gyarados|81/100|[from] item: Leftovers
|upkeep
|turn|3
|-message|wenas noches 2 forfeited.
|
|win|Oriozz
|l|☆wenas noches 2
|player|p2|
|raw|Oriozz's rating: 1114 → 1131(+17 for winning)
|raw|wenas noches 2's rating: 1000 → 1000(+0 for losing)
