|j|☆thecrazur
|j|☆julielovesfroslass
|html|thecrazurjulielovesfroslass    
|uhtml|bestof|Game 3 of a best-of-3
|t:|1784669524
|gametype|doubles
|player|p1|thecrazur|1|1175
|player|p2|julielovesfroslass|waitress|1137
|gen|9
|tier|[Gen 9 Champions] VGC 2026 Reg M-B (Bo3)
|rated|
|rule|Species Clause: Limit one of each Pokémon
|rule|Item Clause: Limit 1 of each item
|clearpoke
|poke|p1|Blaziken, L50, M|
|poke|p1|Ninetales-Alola, L50, M|
|poke|p1|Sinistcha, L50|
|poke|p1|Aerodactyl, L50, F|
|poke|p1|Kingambit, L50, F|
|poke|p1|Basculegion, L50, M|
|poke|p2|Charizard, L50, F, shiny|
|poke|p2|Metagross, L50|
|poke|p2|Hydreigon, L50, M|
|poke|p2|Incineroar, L50, M|
|poke|p2|Toxapex, L50, F|
|poke|p2|Annihilape, L50, M|
|teampreview|4
|showteam|p1|Blaziken||Blazikenite|SpeedBoost|AuraSphere,HeatWave,ScorchingSands,Detect|Modest||M|||50|]Ninetales-Alola||LifeOrb|SnowWarning|Blizzard,FreezeDry,Moonblast,Protect|Timid||M|||50|]Sinistcha||ColburBerry|Hospitality|MatchaGotcha,Protect,TrickRoom,RagePowder|Bold|||||50|]Aerodactyl||Aerodactylite|Unnerve|RockSlide,DualWingbeat,Protect,Tailwind|Jolly||F|||50|]Kingambit||FocusSash|Defiant|SuckerPunch,IronHead,LowKick,KowtowCleave|Adamant||F|||50|]Basculegion||ChoiceScarf|Adaptability|LastRespects,WaveCrash,AquaJet,FlipTurn|Jolly||M|||50|
|showteam|p2|Charizard||CharizarditeY|Blaze|HeatWave,WeatherBall,SolarBeam,Protect|Modest||F|||50|]Metagross||Metagrossite|ClearBody|PsychicFangs,BulletPunch,IcePunch,Protect|Jolly|||||50|]Hydreigon||ChoiceScarf|Levitate|DarkPulse,DracoMeteor,Snarl,EarthPower|Modest||M|||50|]Incineroar||SitrusBerry|Intimidate|FlareBlitz,ThroatChop,PartingShot,FakeOut|Impish||M|||50|]Toxapex||Leftovers|Regenerator|Infestation,Toxic,WideGuard,BanefulBunker|Relaxed||F|||50|]Annihilape||FocusSash|Defiant|PhantomForce,CloseCombat,RockTomb,Protect|Jolly||M|||50|
|inactive|Battle timer is ON: inactive players will automatically lose when time's up. (requested by julielovesfroslass)
|inactive|thecrazur has 60 seconds left.
|inactive|julielovesfroslass has 60 seconds left.
|
|t:|1784669567
|teamsize|p1|4
|teamsize|p2|4
|start
|switch|p1a: Ninetales|Ninetales-Alola, L50, M|100/100
|switch|p1b: Blaziken|Blaziken, L50, M|100/100
|switch|p2a: Charizard|Charizard, L50, F, shiny|100/100
|switch|p2b: Toxapex|Toxapex, L50, F|100/100
|-weather|Snowscape|[from] ability: Snow Warning|[of] p1a: Ninetales
|turn|1
|inactive|thecrazur has 30 seconds left.
|
|t:|1784669598
|switch|p1b: Aerodactyl|Aerodactyl, L50, F|100/100
|-ability|p1b: Aerodactyl|Unnerve
|detailschange|p2a: Charizard|Charizard-Mega-Y, L50, F, shiny
|-mega|p2a: Charizard|Charizard|Charizardite Y
|-weather|SunnyDay|[from] ability: Drought|[of] p2a: Charizard
|move|p1a: Ninetales|Protect|p1a: Ninetales
|-singleturn|p1a: Ninetales|Protect
|move|p2b: Toxapex|Baneful Bunker|p2b: Toxapex
|-singleturn|p2b: Toxapex|move: Protect
|move|p2a: Charizard|Heat Wave|p1b: Aerodactyl|[spread] p1b
|-activate|p1a: Ninetales|move: Protect
|-resisted|p1b: Aerodactyl|1
|-damage|p1b: Aerodactyl|52/100
|
|-weather|SunnyDay|[upkeep]
|upkeep
|turn|2
|
|t:|1784669618
|move|p2b: Toxapex|Wide Guard|p2b: Toxapex
|-singleturn|p2b: Toxapex|Wide Guard
|move|p1b: Aerodactyl|Tailwind|p1b: Aerodactyl
|-sidestart|p1: thecrazur|move: Tailwind
|move|p1a: Ninetales|Freeze-Dry|p2a: Charizard
|-damage|p2a: Charizard|65/100
|-damage|p1a: Ninetales|90/100|[from] item: Life Orb
|move|p2a: Charizard|Heat Wave|p1b: Aerodactyl|[spread] p1a,p1b
|-supereffective|p1a: Ninetales|1
|-resisted|p1b: Aerodactyl|1
|-damage|p1a: Ninetales|0 fnt
|-damage|p1b: Aerodactyl|8/100
|faint|p1a: Ninetales
|
|-weather|SunnyDay|[upkeep]
|upkeep
|
|t:|1784669631
|switch|p1a: Blaziken|Blaziken, L50, M|100/100
|turn|3
|
|t:|1784669654
|detailschange|p1a: Blaziken|Blaziken-Mega, L50, M
|-mega|p1a: Blaziken|Blaziken|Blazikenite
|move|p2a: Charizard|Protect|p2a: Charizard
|-singleturn|p2a: Charizard|Protect
|move|p1b: Aerodactyl|Dual Wingbeat|p2a: Charizard
|-activate|p2a: Charizard|move: Protect
|move|p1a: Blaziken|Aura Sphere|p2a: Charizard
|-activate|p2a: Charizard|move: Protect
|move|p2b: Toxapex|Toxic|p1a: Blaziken
|-status|p1a: Blaziken|tox
|
|-weather|SunnyDay|[upkeep]
|-damage|p1a: Blaziken|93/100 tox|[from] psn
|-ability|p1a: Blaziken|Speed Boost|boost
|-boost|p1a: Blaziken|spe|1
|upkeep
|turn|4
|
|t:|1784669676
|move|p2b: Toxapex|Wide Guard|p2b: Toxapex
|-singleturn|p2b: Toxapex|Wide Guard
|move|p1a: Blaziken|Heat Wave|p2b: Toxapex|[spread] 
|-activate|p2a: Charizard|move: Wide Guard
|-activate|p2b: Toxapex|move: Wide Guard
|move|p1b: Aerodactyl|Rock Slide|p2a: Charizard|[spread] 
|-activate|p2a: Charizard|move: Wide Guard
|-activate|p2b: Toxapex|move: Wide Guard
|move|p2a: Charizard|Heat Wave|p1a: Blaziken|[spread] p1a,p1b
|-resisted|p1a: Blaziken|1
|-resisted|p1b: Aerodactyl|1
|-damage|p1a: Blaziken|52/100 tox
|-damage|p1b: Aerodactyl|0 fnt
|faint|p1b: Aerodactyl
|
|-weather|SunnyDay|[upkeep]
|-damage|p1a: Blaziken|40/100 tox|[from] psn
|-ability|p1a: Blaziken|Speed Boost|boost
|-boost|p1a: Blaziken|spe|1
|upkeep
|-message|thecrazur forfeited.
|
|win|julielovesfroslass
|raw|thecrazur's rating: 1175 → 1147(-28 for losing)
|raw|julielovesfroslass's rating: 1137 → 1165(+28 for winning)
|l|☆thecrazur
|player|p1|
