|j|☆heshade11
|j|☆Yokikies
|html|heshade11Yokikies    
|uhtml|bestof|Game 3 of a best-of-3
|t:|1782473421
|gametype|doubles
|player|p1|heshade11|265|1116
|player|p2|Yokikies|whitney|1230
|gen|9
|tier|[Gen 9 Champions] VGC 2026 Reg M-B (Bo3)
|rated|
|rule|Species Clause: Limit one of each Pokémon
|rule|Item Clause: Limit 1 of each item
|clearpoke
|poke|p1|Mawile, L50, M|
|poke|p1|Pelipper, L50, M|
|poke|p1|Basculegion, L50, M|
|poke|p1|Archaludon, L50, F|
|poke|p1|Sinistcha, L50|
|poke|p1|Swampert, L50, M|
|poke|p2|Gengar, L50, F, shiny|
|poke|p2|Whimsicott, L50, F|
|poke|p2|Annihilape, L50, M|
|poke|p2|Incineroar, L50, M|
|poke|p2|Ninetales-Alola, L50, F|
|poke|p2|Sneasler, L50, M|
|teampreview|4
|showteam|p1|Mawile||Mawilite|HyperCutter|Protect,PlayRough,BrickBreak,SuckerPunch|Adamant||M|||50|]Pelipper||FocusSash|Drizzle|WeatherBall,Hurricane,Protect,Tailwind|Modest||M|||50|]Basculegion||ChoiceScarf|Adaptability|AquaJet,FlipTurn,LastRespects,WaveCrash|Jolly||M|||50|]Archaludon||Leftovers|Stamina|FlashCannon,Protect,ElectroShot,DragonPulse|Modest||F|||50|]Sinistcha||KasibBerry|Hospitality|MatchaGotcha,RagePowder,TrickRoom,Protect|Bold|||||50|]Swampert||Swampertite|Torrent|HighHorsepower,IcePunch,Protect,WaveCrash|Adamant||M|||50|
|showteam|p2|Gengar||Gengarite|CursedBody|SludgeBomb,ShadowBall,Protect,Disable|Modest||F|||50|]Whimsicott||FocusSash|Prankster|Moonblast,Encore,Protect,Tailwind|Timid||F|||50|]Annihilape||Leftovers|Defiant|DrainPunch,RageFist,Protect,BulkUp|Adamant||M|||50|]Incineroar||ChopleBerry|Intimidate|FakeOut,PartingShot,ThroatChop,FlareBlitz|Careful||M|||50|]Ninetales-Alola||NeverMeltIce|SnowWarning|Blizzard,FreezeDry,Protect,AuroraVeil|Timid||F|||50|]Sneasler||WhiteHerb|Unburden|CloseCombat,DireClaw,Protect,FakeOut|Jolly||M|||50|
|inactive|Battle timer is ON: inactive players will automatically lose when time's up. (requested by Yokikies)
|c|☆heshade11|why would you you where just doing protect lol
|inactive|Yokikies has 60 seconds left.
|c|☆Yokikies|there was still a chance to win
|c|☆Yokikies|never ff
|c|☆heshade11|how lol
|c|☆Yokikies|double quadruple protect and u make mistakes
|c|☆Yokikies|it could happen
|c|☆heshade11|sure
|c|☆Yokikies|dont discredit it
|inactive|Yokikies has 30 seconds left.
|c|☆heshade11|dude you had 0%
|c|☆Yokikies|nope
|inactive|Yokikies has 20 seconds left.
|c|☆heshade11|yes
|inactive|Yokikies has 15 seconds left.
|
|t:|1782473497
|teamsize|p1|4
|teamsize|p2|4
|start
|switch|p1a: Basculegion|Basculegion, L50, M|100/100
|switch|p1b: Sinistcha|Sinistcha, L50|100/100
|switch|p2a: Gengar|Gengar, L50, F, shiny|100/100
|switch|p2b: Incineroar|Incineroar, L50, M|100/100
|-ability|p2b: Incineroar|Intimidate|boost
|-unboost|p1a: Basculegion|atk|1
|-unboost|p1b: Sinistcha|atk|1
|turn|1
|inactive|heshade11 has 30 seconds left.
|inactive|Yokikies has 30 seconds left.
|inactive|heshade11 has 20 seconds left.
|inactive|heshade11 has 15 seconds left.
|inactive|heshade11 has 10 seconds left.
|
|t:|1782473544
|switch|p1b: Pelipper|Pelipper, L50, M|100/100
|-weather|RainDance|[from] ability: Drizzle|[of] p1b: Pelipper
|detailschange|p2a: Gengar|Gengar-Mega, L50, F, shiny
|-mega|p2a: Gengar|Gengar|Gengarite
|move|p1a: Basculegion|Wave Crash|p2b: Incineroar
|-supereffective|p2b: Incineroar|1
|-damage|p2b: Incineroar|0 fnt
|faint|p2b: Incineroar
|-damage|p1a: Basculegion|65/100|[from] Recoil
|move|p2a: Gengar|Sludge Bomb|p1b: Pelipper
|-enditem|p1b: Pelipper|Focus Sash
|-damage|p1b: Pelipper|1/100
|
|-weather|RainDance|[upkeep]
|upkeep
|
|t:|1782473555
|switch|p2b: Ninetales|Ninetales-Alola, L50, F|100/100
|-weather|Snowscape|[from] ability: Snow Warning|[of] p2b: Ninetales
|turn|2
|inactive|heshade11 has 30 seconds left.
|inactive|Yokikies has 30 seconds left.
|inactive|heshade11 has 20 seconds left.
|inactive|heshade11 has 15 seconds left.
|inactive|heshade11 has 10 seconds left.
|
|t:|1782473604
|switch|p1a: Swampert|Swampert, L50, M|100/100
|move|p2a: Gengar|Sludge Bomb|p1b: Pelipper
|-damage|p1b: Pelipper|0 fnt
|faint|p1b: Pelipper
|move|p2b: Ninetales|Aurora Veil|p2b: Ninetales
|-sidestart|p2: Yokikies|move: Aurora Veil
|
|-weather|Snowscape|[upkeep]
|upkeep
|
|t:|1782473616
|switch|p1b: Sinistcha|Sinistcha, L50|100/100
|turn|3
|
|t:|1782473634
|switch|p2a: Whimsicott|Whimsicott, L50, F|100/100
|move|p1a: Swampert|Protect|p1a: Swampert
|-singleturn|p1a: Swampert|Protect
|move|p2b: Ninetales|Blizzard|p1a: Swampert|[spread] p1b
|-activate|p1a: Swampert|move: Protect
|-supereffective|p1b: Sinistcha|1
|-damage|p1b: Sinistcha|20/100y
|move|p1b: Sinistcha|Trick Room|p1b: Sinistcha
|-fieldstart|move: Trick Room|[of] p1b: Sinistcha
|
|-weather|Snowscape|[upkeep]
|upkeep
|turn|4
|
|t:|1782473658
|detailschange|p1a: Swampert|Swampert-Mega, L50, M
|-mega|p1a: Swampert|Swampert|Swampertite
|move|p2a: Whimsicott|Encore|p1a: Swampert
|-start|p1a: Swampert|Encore
|move|p1a: Swampert|Protect||[still]
|-fail|p1a: Swampert
|move|p1b: Sinistcha|Matcha Gotcha|p2a: Whimsicott|[spread] p2a
|-miss|p1b: Sinistcha|p2b: Ninetales
|-resisted|p2a: Whimsicott|1
|-crit|p2a: Whimsicott
|-damage|p2a: Whimsicott|70/100
|-heal|p1b: Sinistcha|32/100|[from] drain|[of] p2a: Whimsicott
|move|p2b: Ninetales|Blizzard|p1a: Swampert|[spread] p1a,p1b
|-supereffective|p1b: Sinistcha|1
|-damage|p1a: Swampert|68/100
|-damage|p1b: Sinistcha|0 fnt
|faint|p1b: Sinistcha
|
|-weather|Snowscape|[upkeep]
|upkeep
|
|t:|1782473673
|switch|p1b: Basculegion|Basculegion, L50, M|65/100
|turn|5
|c|☆Yokikies|and after all that complaining u still lost
|c|☆Yokikies|wow
|
|t:|1782473687
|move|p1a: Swampert|Protect|p1a: Swampert
|-singleturn|p1a: Swampert|Protect
|move|p2b: Ninetales|Freeze-Dry|p1b: Basculegion
|-supereffective|p1b: Basculegion|1
|-damage|p1b: Basculegion|0 fnt
|faint|p1b: Basculegion
|move|p2a: Whimsicott|Moonblast|p1a: Swampert
|-activate|p1a: Swampert|move: Protect
|
|-weather|Snowscape|[upkeep]
|upkeep
|turn|6
|c|☆heshade11|and that doesn't mean i was not right
|c|☆heshade11|reetarded
|c|☆Yokikies|someone's mad
|inactive|heshade11 has 30 seconds left.
|c|☆heshade11|if i where you now i try 10 protects like yoy
|inactive|heshade11 has 20 seconds left.
|c|☆heshade11|piece of shit
|c|☆Yokikies|go ahead
|inactive|heshade11 has 15 seconds left.
|c|☆heshade11|i'km not that stupid
|inactive|heshade11 has 10 seconds left.
|-message|heshade11 forfeited.
|
|win|Yokikies
