|j|☆ashnext
|j|☆wc123456789
|html|ashnextwc123456789    
|uhtml|bestof|Game 2 of a best-of-3
|t:|1756410789
|gametype|doubles
|player|p1|ashnext|lucas|1056
|player|p2|wc123456789|1|1000
|gen|9
|tier|[Gen 9] VGC 2025 Reg H (Bo3)
|rated|
|rule|Species Clause: Limit one of each Pokémon
|rule|Item Clause: Limit 1 of each item
|clearpoke
|poke|p1|Charizard, L50, F|
|poke|p1|Torkoal, L50, M|
|poke|p1|Porygon2, L50|
|poke|p1|Incineroar, L50, M|
|poke|p1|Jumpluff, L50, F|
|poke|p1|Ursaluna, L50, M|
|poke|p2|Archaludon, L50, M|
|poke|p2|Maushold, L50|
|poke|p2|Annihilape, L50, M|
|poke|p2|Pelipper, L50, F|
|poke|p2|Incineroar, L50, F|
|poke|p2|Dragonite, L50, F|
|teampreview|4
|showteam|p1|Charizard||ChoiceScarf|SolarPower|HeatWave,WeatherBall,AirSlash,SolarBeam|||F|||50|,,,,,Fire]Torkoal||EjectPack|Drought|Eruption,Overheat,HelpingHand,Protect|||M|||50|,,,,,Fire]Porygon2||Eviolite|Download|TrickRoom,Recover,IceBeam,TeraBlast||||||50|,,,,,Fighting]Incineroar||AssaultVest|Intimidate|FakeOut,KnockOff,PartingShot,FlareBlitz|||M|||50|,,,,,Ghost]Jumpluff||CovertCloak|Chlorophyll|Tailwind,LeechSeed,RagePowder,SunnyDay|||F|||50|,,,,,Water]Ursaluna||FlameOrb|Guts|Facade,HeadlongRush,Protect,Earthquake|||M|||50|,,,,,Ghost
|showteam|p2|Archaludon||AssaultVest|Stamina|BodyPress,DragonPulse,FlashCannon,ElectroShot|||M|||50|,,,,,Grass]Maushold||WideLens|FriendGuard|FollowMe,PopulationBomb,Protect,BeatUp||||||50|,,,,,Normal]Annihilape||SafetyGoggles|Defiant|BulkUp,DrainPunch,RageFist,Protect|||M|||50|,,,,,Water]Pelipper||FocusSash|Drizzle|WeatherBall,Hurricane,Tailwind,Protect|||F|||50|,,,,,Flying]Incineroar||RockyHelmet|Blaze|Uturn,KnockOff,FireBlast,WillOWisp|||F|||50|,,,,,Ghost]Dragonite||LoadedDice|InnerFocus|ScaleShot,ExtremeSpeed,Haze,Protect|||F|||50|,,,,,Fairy
|inactive|Battle timer is ON: inactive players will automatically lose when time's up. (requested by ashnext)
|
|t:|1756410819
|teamsize|p1|4
|teamsize|p2|4
|start
|switch|p1a: Jumpluff|Jumpluff, L50, F|100/100
|switch|p1b: Charizard|Charizard, L50, F|100/100
|switch|p2a: Archaludon|Archaludon, L50, M|100/100
|switch|p2b: Annihilape|Annihilape, L50, M|100/100
|turn|1
|inactive|wc123456789 has 30 seconds left.
|
|t:|1756410846
|switch|p2b: Pelipper|Pelipper, L50, F, shiny|100/100
|-weather|RainDance|[from] ability: Drizzle|[of] p2b: Pelipper
|move|p1b: Charizard|Heat Wave|p2a: Archaludon|[spread] p2a,p2b
|-resisted|p2b: Pelipper
|-damage|p2a: Archaludon|88/100
|-damage|p2b: Pelipper|90/100
|-ability|p2a: Archaludon|Stamina|boost
|-boost|p2a: Archaludon|def|1
|move|p1a: Jumpluff|Tailwind|p1a: Jumpluff
|-sidestart|p1: ashnext|move: Tailwind
|move|p2a: Archaludon|Electro Shot||[still]
|-prepare|p2a: Archaludon|Electro Shot
|-boost|p2a: Archaludon|spa|1
|-anim|p2a: Archaludon|Electro Shot|p1b: Charizard
|-supereffective|p1b: Charizard
|-damage|p1b: Charizard|0 fnt
|faint|p1b: Charizard
|
|-weather|RainDance|[upkeep]
|upkeep
|
|t:|1756410869
|switch|p1b: Ursaluna|Ursaluna, L50, M|100/100
|turn|2
|
|t:|1756410889
|-terastallize|p2a: Archaludon|Grass
|move|p1a: Jumpluff|Sunny Day|p1a: Jumpluff
|-weather|SunnyDay
|move|p1b: Ursaluna|Headlong Rush|p2a: Archaludon
|-resisted|p2a: Archaludon
|-damage|p2a: Archaludon|71/100
|-unboost|p1b: Ursaluna|def|1
|-unboost|p1b: Ursaluna|spd|1
|-ability|p2a: Archaludon|Stamina|boost
|-boost|p2a: Archaludon|def|1
|move|p2a: Archaludon|Electro Shot||[still]
|-prepare|p2a: Archaludon|Electro Shot
|-boost|p2a: Archaludon|spa|1
|move|p2b: Pelipper|Hurricane|p1a: Jumpluff|[miss]
|-miss|p2b: Pelipper|p1a: Jumpluff
|
|-weather|SunnyDay|[upkeep]
|-status|p1b: Ursaluna|brn|[from] item: Flame Orb
|upkeep
|turn|3
|inactive|wc123456789 has 30 seconds left.
|
|t:|1756410914
|move|p1a: Jumpluff|Leech Seed|p2b: Pelipper
|-start|p2b: Pelipper|move: Leech Seed
|move|p1b: Ursaluna|Facade|p2a: Archaludon
|-damage|p2a: Archaludon|29/100
|-ability|p2a: Archaludon|Stamina|boost
|-boost|p2a: Archaludon|def|1
|move|p2a: Archaludon|Electro Shot|p1a: Jumpluff|[from] lockedmove
|-damage|p1a: Jumpluff|21/100
|move|p2b: Pelipper|Tailwind|p2b: Pelipper
|-sidestart|p2: wc123456789|move: Tailwind
|
|-weather|SunnyDay|[upkeep]
|-damage|p2b: Pelipper|78/100|[from] Leech Seed|[of] p1a: Jumpluff
|-heal|p1a: Jumpluff|32/100|[silent]
|-damage|p1b: Ursaluna|95/100 brn|[from] brn
|upkeep
|turn|4
|
|t:|1756410932
|move|p1a: Jumpluff|Tailwind||[still]
|-fail|p1a: Jumpluff
|move|p2a: Archaludon|Body Press|p1b: Ursaluna
|-supereffective|p1b: Ursaluna
|-damage|p1b: Ursaluna|0 fnt
|faint|p1b: Ursaluna
|move|p2b: Pelipper|Weather Ball|p1a: Jumpluff
|-supereffective|p1a: Jumpluff
|-damage|p1a: Jumpluff|0 fnt
|faint|p1a: Jumpluff
|
|-weather|SunnyDay|[upkeep]
|-sideend|p1: ashnext|move: Tailwind
|upkeep
|-message|ashnext forfeited.
|
|win|wc123456789
|raw|ashnext's rating: 1056 → 1035(-21 for losing)
|raw|wc123456789's rating: 1000 → 1046(+46 for winning)
|l|☆ashnext
|player|p1|
