|j|☆Robopup27
|j|☆NoitUK_VGC
|html|Robopup27NoitUK_VGC    
|uhtml|bestof|Game 1 of a best-of-3
|t:|1782508732
|gametype|doubles
|player|p1|Robopup27|1|1072
|player|p2|NoitUK_VGC|2|1000
|gen|9
|tier|[Gen 9 Champions] VGC 2026 Reg M-B (Bo3)
|rated|
|rule|Species Clause: Limit one of each Pokémon
|rule|Item Clause: Limit 1 of each item
|clearpoke
|poke|p1|Sinistcha-Masterpiece, L50|
|poke|p1|Staraptor, L50, M|
|poke|p1|Garchomp, L50, M|
|poke|p1|Scrafty, L50, M|
|poke|p1|Delphox, L50, F|
|poke|p1|Sylveon, L50, F|
|poke|p2|Raichu, L50, M, shiny|
|poke|p2|Pelipper, L50, F|
|poke|p2|Sableye, L50, M|
|poke|p2|Swampert, L50, M|
|poke|p2|Archaludon, L50, F|
|poke|p2|Sinistcha-Masterpiece, L50, shiny|
|teampreview|4
|showteam|p1|Sinistcha-Masterpiece||ColburBerry|Hospitality|MatchaGotcha,StrengthSap,RagePowder,TrickRoom|Bold|||||50|]Staraptor||Staraptite|Intimidate|CloseCombat,BraveBird,Tailwind,Protect|Jolly||M|||50|]Garchomp||YacheBerry|RoughSkin|StompingTantrum,RockSlide,DragonClaw,Protect|Jolly||M|||50|]Scrafty||SitrusBerry|Intimidate|KnockOff,DrainPunch,FakeOut,Protect|Careful||M|||50|]Delphox||Delphoxite|Blaze|HeatWave,Flamethrower,Psychic,Protect|Timid||F|||50|]Sylveon||FairyFeather|Pixilate|HyperVoice,ShadowBall,QuickAttack,Protect|Modest||F|||50|
|showteam|p2|Raichu||RaichuniteX|LightningRod|PlayRough,VoltTackle,VoltSwitch,FakeOut|Hasty||M|||50|]Pelipper||SitrusBerry|Drizzle|WeatherBall,Hurricane,Tailwind,WideGuard|Bold||F|||50|]Sableye||RoseliBerry|Prankster|FakeOut,FoulPlay,Quash,RainDance|Relaxed||M|||50|]Swampert||Swampertite|Torrent|Protect,WaveCrash,HighHorsepower,Earthquake|Adamant||M|||50|]Archaludon||Leftovers|Stamina|Protect,ElectroShot,DragonPulse,FlashCannon|Modest||F|||50|]Sinistcha-Masterpiece||KasibBerry|Hospitality|Protect,MatchaGotcha,RagePowder,TrickRoom|Bold|||||50|
|inactive|Battle timer is ON: inactive players will automatically lose when time's up. (requested by NoitUK_VGC)
|inactive|NoitUK_VGC has 60 seconds left.
|
|t:|1782508794
|teamsize|p1|4
|teamsize|p2|4
|start
|switch|p1a: Sinistcha|Sinistcha-Masterpiece, L50|100/100
|switch|p1b: Delphox|Delphox, L50, F|100/100
|switch|p2a: Raichu|Raichu, L50, M, shiny|100/100
|switch|p2b: Archaludon|Archaludon, L50, F|100/100
|turn|1
|
|t:|1782508815
|detailschange|p1b: Delphox|Delphox-Mega, L50, F
|-mega|p1b: Delphox|Delphox|Delphoxite
|move|p2a: Raichu|Fake Out|p1b: Delphox
|-damage|p1b: Delphox|86/100
|move|p1a: Sinistcha|Rage Powder|p1a: Sinistcha
|-singleturn|p1a: Sinistcha|move: Rage Powder
|cant|p1b: Delphox|flinch
|move|p2b: Archaludon|Dragon Pulse|p1a: Sinistcha
|-damage|p1a: Sinistcha|46/100
|
|upkeep
|turn|2
|inactive|NoitUK_VGC has 30 seconds left.
|
|t:|1782508842
|switch|p2a: Pelipper|Pelipper, L50, F|100/100
|-weather|RainDance|[from] ability: Drizzle|[of] p2a: Pelipper
|switch|p1a: Sylveon|Sylveon, L50, F|100/100
|move|p1b: Delphox|Heat Wave|p2b: Archaludon|[spread] p2a,p2b
|-resisted|p2a: Pelipper|1
|-damage|p2a: Pelipper|89/100
|-damage|p2b: Archaludon|78/100
|-ability|p2b: Archaludon|Stamina|boost
|-boost|p2b: Archaludon|def|1
|move|p2b: Archaludon|Dragon Pulse|p1b: Delphox
|-damage|p1b: Delphox|49/100
|
|-weather|RainDance|[upkeep]
|-heal|p2b: Archaludon|84/100|[from] item: Leftovers
|upkeep
|turn|3
|
|t:|1782508858
|move|p2a: Pelipper|Wide Guard|p2a: Pelipper
|-singleturn|p2a: Pelipper|Wide Guard
|move|p1b: Delphox|Psychic|p2a: Pelipper
|-damage|p2a: Pelipper|32/100
|-enditem|p2a: Pelipper|Sitrus Berry|[eat]
|-heal|p2a: Pelipper|57/100|[from] item: Sitrus Berry
|move|p2b: Archaludon|Electro Shot||[still]
|-prepare|p2b: Archaludon|Electro Shot
|-boost|p2b: Archaludon|spa|1
|-anim|p2b: Archaludon|Electro Shot|p1b: Delphox
|-damage|p1b: Delphox|0 fnt
|faint|p1b: Delphox
|move|p1a: Sylveon|Hyper Voice|p2b: Archaludon|[spread] 
|-activate|p2a: Pelipper|move: Wide Guard
|-activate|p2b: Archaludon|move: Wide Guard
|
|-weather|RainDance|[upkeep]
|-heal|p2b: Archaludon|90/100|[from] item: Leftovers
|upkeep
|-message|Robopup27 forfeited.
|
|win|NoitUK_VGC
|l|☆Robopup27
|player|p1|
|raw|Robopup27's rating: 1072 → 1047(-25 for losing)
|raw|NoitUK_VGC's rating: 1000 → 1048(+48 for winning)
