|j|☆ProtectThyKing34
|j|☆68gyubh hnn
|html|ProtectThyKing3468gyubh hnn    
|uhtml|bestof|Game 2 of a best-of-3
|t:|1784763613
|gametype|doubles
|player|p1|ProtectThyKing34|rocketgrunt|1072
|player|p2|68gyubh hnn|169|1000
|gen|9
|tier|[Gen 9 Champions] VGC 2026 Reg M-B (Bo3)
|rated|
|rule|Species Clause: Limit one of each Pokémon
|rule|Item Clause: Limit 1 of each item
|clearpoke
|poke|p1|Delphox, L50, F|
|poke|p1|Incineroar, L50, F|
|poke|p1|Sneasler, L50, F|
|poke|p1|Sinistcha, L50|
|poke|p1|Kingambit, L50, F|
|poke|p1|Blastoise, L50, F|
|poke|p2|Raichu, L50, F|
|poke|p2|Whimsicott, L50, M|
|poke|p2|Floette-Eternal, L50, F|
|poke|p2|Basculegion, L50, M|
|poke|p2|Garchomp, L50, M|
|poke|p2|Gholdengo, L50|
|teampreview|4
|showteam|p1|Delphox||Delphoxite|Blaze|NastyPlot,Protect,Psyshock,HeatWave|Timid||F|||50|]Incineroar||SitrusBerry|Intimidate|FakeOut,PartingShot,FlareBlitz,DarkestLariat|Impish||F|||50|]Sneasler||FocusSash|PoisonTouch|GunkShot,FakeOut,CloseCombat,QuickGuard|Jolly||F|||50|]Sinistcha||OccaBerry|Hospitality|MatchaGotcha,RagePowder,TrickRoom,Protect|Calm|||||50|]Kingambit||BlackGlasses|Defiant|SuckerPunch,KowtowCleave,LowKick,Protect|Adamant||F|||50|]Blastoise||Blastoisinite|RainDish|ShellSmash,WaterSpout,DarkPulse,Protect|Timid||F|||50|
|showteam|p2|Raichu||RaichuniteY|LightningRod|Protect,ZapCannon,FocusBlast,FakeOut|Modest||F|||50|]Whimsicott||FocusSash|Prankster|Protect,Moonblast,Tailwind,Encore|Timid||M|||50|]Floette-Eternal||Floettite|FlowerVeil|Protect,Moonblast,LightofRuin,DazzlingGleam|Modest||F|||50|]Basculegion||MysticWater|Adaptability|Protect,WaveCrash,LastRespects,AquaJet|Adamant||M|||50|]Garchomp||SitrusBerry|RoughSkin|RockSlide,StompingTantrum,DragonClaw,Protect|Adamant||M|||50|]Gholdengo||LifeOrb|GoodasGold|Protect,MakeItRain,NastyPlot,ShadowBall|Modest|||||50|
|inactive|Battle timer is ON: inactive players will automatically lose when time's up. (requested by 68gyubh hnn)
|inactive|ProtectThyKing34 has 60 seconds left.
|inactive|68gyubh hnn has 60 seconds left.
|inactive|68gyubh hnn has 30 seconds left.
|
|t:|1784763681
|teamsize|p1|4
|teamsize|p2|4
|start
|switch|p1a: Delphox|Delphox, L50, F|100/100
|switch|p1b: Sinistcha|Sinistcha, L50|100/100
|switch|p2a: Raichu|Raichu, L50, F|100/100
|switch|p2b: Gholdengo|Gholdengo, L50|100/100
|turn|1
|inactive|68gyubh hnn has 30 seconds left.
|
|t:|1784763707
|switch|p2b: Basculegion|Basculegion, L50, M|100/100
|detailschange|p1a: Delphox|Delphox-Mega, L50, F
|-mega|p1a: Delphox|Delphox|Delphoxite
|detailschange|p2a: Raichu|Raichu-Mega-Y, L50, F
|-mega|p2a: Raichu|Raichu|Raichunite Y
|move|p2a: Raichu|Protect|p2a: Raichu
|-singleturn|p2a: Raichu|Protect
|move|p1a: Delphox|Heat Wave|p2b: Basculegion|[spread] p2b
|-activate|p2a: Raichu|move: Protect
|-resisted|p2b: Basculegion|1
|-damage|p2b: Basculegion|76/100
|move|p1b: Sinistcha|Trick Room|p1b: Sinistcha
|-fieldstart|move: Trick Room|[of] p1b: Sinistcha
|
|upkeep
|turn|2
|inactive|68gyubh hnn has 30 seconds left.
|
|t:|1784763734
|switch|p1a: Incineroar|Incineroar, L50, F|100/100
|-ability|p1a: Incineroar|Intimidate|boost
|-unboost|p2a: Raichu|atk|1
|-unboost|p2b: Basculegion|atk|1
|move|p1b: Sinistcha|Matcha Gotcha|p2b: Basculegion|[spread] p2a,p2b
|-supereffective|p2b: Basculegion|1
|-damage|p2a: Raichu|67/100
|-damage|p2b: Basculegion|23/100
|move|p2b: Basculegion|Last Respects|p1a: Incineroar
|-resisted|p1a: Incineroar|1
|-damage|p1a: Incineroar|91/100
|move|p2a: Raichu|Zap Cannon|p1b: Sinistcha
|-resisted|p1b: Sinistcha|1
|-damage|p1b: Sinistcha|66/100
|-status|p1b: Sinistcha|par
|
|upkeep
|turn|3
|inactive|ProtectThyKing34 has 30 seconds left.
|inactive|68gyubh hnn has 30 seconds left.
|
|t:|1784763762
|move|p2a: Raichu|Protect|p2a: Raichu
|-singleturn|p2a: Raichu|Protect
|move|p1b: Sinistcha|Matcha Gotcha|p2a: Raichu|[spread] p2b
|-activate|p2a: Raichu|move: Protect
|-supereffective|p2b: Basculegion|1
|-damage|p2b: Basculegion|0 fnt
|-heal|p1b: Sinistcha|80/100 par|[from] drain|[of] p2b: Basculegion
|faint|p2b: Basculegion
|move|p1a: Incineroar|Flare Blitz|p2a: Raichu
|-activate|p2a: Raichu|move: Protect
|
|upkeep
|l|☆68gyubh hnn
|inactive|68gyubh hnn disconnected and has a minute to reconnect!
|player|p2|
|inactive|68gyubh hnn has 30 seconds left.
|inactive|68gyubh hnn has 20 seconds left.
|inactive|68gyubh hnn has 15 seconds left.
|inactive|68gyubh hnn has 10 seconds left.
|inactive|68gyubh hnn has 5 seconds left.
|-message|68gyubh hnn lost due to inactivity.
|
|win|ProtectThyKing34
||ProtectThyKing34 is ready for game 3.
|inactive|68gyubh hnn has 0 seconds to reconnect!
|raw|ProtectThyKing34's rating: 1072 → 1095(+23 for winning)
|raw|68gyubh hnn's rating: 1000 → 1000(+0 for losing)
