|j|☆myshirtisdirty
|j|☆Cobrite
|html|myshirtisdirtyCobrite    
|uhtml|bestof|Game 1 of a best-of-3
|t:|1757913912
|gametype|doubles
|player|p1|myshirtisdirty|1|1219
|player|p2|Cobrite|102|1207
|gen|9
|tier|[Gen 9] VGC 2025 Reg H (Bo3)
|rated|
|rule|Species Clause: Limit one of each Pokémon
|rule|Item Clause: Limit 1 of each item
|clearpoke
|poke|p1|Indeedee-F, L50, F|
|poke|p1|Gallade, L50, M|
|poke|p1|Ursaluna, L50, F|
|poke|p1|Torkoal, L50, M|
|poke|p1|Hatterene, L50, F|
|poke|p1|Lilligant-Hisui, L50, F|
|poke|p2|Archaludon, L50, F|
|poke|p2|Basculegion, L50, M|
|poke|p2|Pelipper, L50, F|
|poke|p2|Amoonguss, L50, M|
|poke|p2|Incineroar, L50, F|
|poke|p2|Maushold, L50|
|teampreview|4
|showteam|p1|Indeedee-F||SafetyGoggles|PsychicSurge|DazzlingGleam,HelpingHand,TrickRoom,FollowMe|||F|||50|,,,,,Fairy]Gallade||ClearAmulet|Sharpness|PsychoCut,SacredSword,TrickRoom,WideGuard|||M|||50|,,,,,Steel]Ursaluna||FlameOrb|Guts|Facade,Earthquake,HeadlongRush,Protect|||F|||50|,,,,,Ghost]Torkoal||ChoiceSpecs|Drought|WeatherBall,HeatWave,Eruption,EarthPower|||M|||50|,,,,,Grass]Hatterene||LifeOrb|MagicBounce|ExpandingForce,DazzlingGleam,MysticalFire,TrickRoom|||F|||50|,,,,,Water]Lilligant-Hisui||FocusSash|Chlorophyll|SleepPowder,AfterYou,CloseCombat,SolarBlade|||F|||50|,,,,,Ghost
|showteam|p2|Archaludon||AssaultVest|Stamina|ElectroShot,DragonPulse,FlashCannon,BodyPress|||F|||50|,,,,,Grass]Basculegion||MysticWater|SwiftSwim|Protect,WaveCrash,AquaJet,LastRespects|||M|||50|,,,,,Water]Pelipper||FocusSash|Drizzle|Hurricane,WeatherBall,Tailwind,Protect|||F|||50|,,,,,Ghost]Amoonguss||SitrusBerry|Regenerator|Spore,RagePowder,PollenPuff,ClearSmog|||M|||50|,,,,,Water]Incineroar||SafetyGoggles|Intimidate|FakeOut,FlareBlitz,KnockOff,PartingShot|||F|||50|,,,,,Ghost]Maushold||WideLens|Technician|PopulationBomb,FollowMe,Taunt,Protect||||||50|,,,,,Grass
|inactive|Battle timer is ON: inactive players will automatically lose when time's up. (requested by Cobrite)
|
|t:|1757914004
|teamsize|p1|4
|teamsize|p2|4
|start
|switch|p1a: Indeedee|Indeedee-F, L50, F|100/100
|switch|p1b: Gallade|Gallade, L50, M, shiny|100/100
|switch|p2a: Basculegion|Basculegion, L50, M|100/100
|switch|p2b: Maushold|Maushold, L50|100/100
|-fieldstart|move: Psychic Terrain|[from] ability: Psychic Surge|[of] p1a: Indeedee
|turn|1
|inactive|myshirtisdirty has 30 seconds left.
|
|t:|1757914034
|move|p1a: Indeedee|Follow Me|p1a: Indeedee
|-singleturn|p1a: Indeedee|move: Follow Me
|move|p2b: Maushold|Population Bomb|p1a: Indeedee
|-damage|p1a: Indeedee|90/100
|-damage|p1a: Indeedee|80/100
|-damage|p1a: Indeedee|69/100
|-crit|p1a: Indeedee
|-damage|p1a: Indeedee|53/100
|-damage|p1a: Indeedee|41/100
|-damage|p1a: Indeedee|29/100
|-damage|p1a: Indeedee|17/100
|-damage|p1a: Indeedee|5/100
|-damage|p1a: Indeedee|0 fnt
|faint|p1a: Indeedee
|-hitcount|p1: Indeedee|9
|move|p2a: Basculegion|Wave Crash|p1b: Gallade
|-damage|p1b: Gallade|0 fnt
|faint|p1b: Gallade
|-damage|p2a: Basculegion|71/100|[from] Recoil
|
|upkeep
|
|t:|1757914042
|switch|p1a: Torkoal|Torkoal, L50, M, shiny|100/100
|switch|p1b: Ursaluna|Ursaluna, L50, F|100/100
|-weather|SunnyDay|[from] ability: Drought|[of] p1a: Torkoal
|turn|2
|
|t:|1757914065
|-terastallize|p1a: Torkoal|Grass
|move|p2a: Basculegion|Protect|p2a: Basculegion
|-singleturn|p2a: Basculegion|Protect
|move|p2b: Maushold|Population Bomb|p1a: Torkoal
|-damage|p1a: Torkoal|91/100
|-damage|p1a: Torkoal|82/100
|-damage|p1a: Torkoal|74/100
|-damage|p1a: Torkoal|65/100
|-damage|p1a: Torkoal|55/100
|-damage|p1a: Torkoal|46/100
|-damage|p1a: Torkoal|36/100
|-damage|p1a: Torkoal|28/100
|-damage|p1a: Torkoal|19/100
|-damage|p1a: Torkoal|10/100
|-hitcount|p1a: Torkoal|10
|move|p1b: Ursaluna|Headlong Rush|p2a: Basculegion
|-activate|p2a: Basculegion|move: Protect
|move|p1a: Torkoal|Heat Wave|p2b: Maushold|[spread] 
|-activate|p2a: Basculegion|move: Protect
|-miss|p1a: Torkoal|p2b: Maushold
|
|-weather|SunnyDay|[upkeep]
|-status|p1b: Ursaluna|brn|[from] item: Flame Orb
|upkeep
|turn|3
|
|t:|1757914085
|-terastallize|p2a: Basculegion|Water
|move|p1b: Ursaluna|Protect|p1b: Ursaluna
|-singleturn|p1b: Ursaluna|Protect
|move|p2b: Maushold|Population Bomb|p1a: Torkoal
|-damage|p1a: Torkoal|1/100
|-damage|p1a: Torkoal|0 fnt
|faint|p1a: Torkoal
|-hitcount|p1: Torkoal|2
|move|p2a: Basculegion|Wave Crash|p1b: Ursaluna
|-activate|p1b: Ursaluna|move: Protect
|
|-weather|SunnyDay|[upkeep]
|-damage|p1b: Ursaluna|95/100 brn|[from] brn
|upkeep
|turn|4
|
|t:|1757914107
|switch|p2b: Pelipper|Pelipper, L50, F|100/100
|-weather|RainDance|[from] ability: Drizzle|[of] p2b: Pelipper
|move|p2a: Basculegion|Wave Crash|p1b: Ursaluna
|-supereffective|p1b: Ursaluna
|-damage|p1b: Ursaluna|0 fnt
|faint|p1b: Ursaluna
|-damage|p2a: Basculegion|33/100|[from] Recoil
|
|win|Cobrite
||Cobrite is ready for game 2.
||myshirtisdirty is ready for game 2.
|uhtml|next|Next: Game 2 of 3
