|j|☆tbpgerard
|j|☆ScotNoah
|html|tbpgerardScotNoah    
|uhtml|bestof|Game 2 of a best-of-3
|t:|1757801860
|gametype|doubles
|player|p1|tbpgerard|guitarist|1140
|player|p2|ScotNoah|hilbert|1045
|gen|9
|tier|[Gen 9] VGC 2025 Reg H (Bo3)
|rated|
|rule|Species Clause: Limit one of each Pokémon
|rule|Item Clause: Limit 1 of each item
|clearpoke
|poke|p1|Indeedee-F, L50, F|
|poke|p1|Hatterene, L50, F|
|poke|p1|Gallade, L50, M|
|poke|p1|Ursaluna, L50, M|
|poke|p1|Lilligant-Hisui, L50, F|
|poke|p1|Torkoal, L50, M|
|poke|p2|Archaludon, L50, F|
|poke|p2|Basculegion, L50, M|
|poke|p2|Pelipper, L50, M|
|poke|p2|Amoonguss, L50, F|
|poke|p2|Primarina, L50, M|
|poke|p2|Ursaluna, L50, F|
|teampreview|4
|showteam|p1|Indeedee-F||SafetyGoggles|PsychicSurge|DazzlingGleam,FollowMe,HelpingHand,TrickRoom|||F|||50|,,,,,Fairy]Hatterene||LifeOrb|MagicBounce|ExpandingForce,DazzlingGleam,Protect,TrickRoom|||F|||50|,,,,,Water]Gallade||ClearAmulet|Sharpness|SacredSword,PsychoCut,WideGuard,TrickRoom|||M|||50|,,,,,Grass]Ursaluna||FlameOrb|Guts|Facade,HeadlongRush,Substitute,Protect|||M|||50|,,,,,Ghost]Lilligant-Hisui||FocusSash|Chlorophyll|CloseCombat,LeafBlade,SleepPowder,AfterYou|||F|||50|,,,,,Ghost]Torkoal||ChoiceSpecs|Drought|Eruption,HeatWave,Flamethrower,ClearSmog|||M|||50|,,,,,Fire
|showteam|p2|Archaludon||AssaultVest|Stamina|ElectroShot,DracoMeteor,FlashCannon,BodyPress|||F|||50|,,,,,Electric]Basculegion||ClearAmulet|SwiftSwim|WaveCrash,PsychicFangs,FlipTurn,LastRespects|||M|||50|,,,,,Water]Pelipper||FocusSash|Drizzle|WeatherBall,Tailwind,Hurricane,Protect|||M|||50|,,,,,Ghost]Amoonguss||SitrusBerry|Regenerator|Spore,RagePowder,PollenPuff,SludgeBomb|||F|||50|,,,,,Water]Primarina||LifeOrb|LiquidVoice|HyperVoice,Moonblast,ShadowBall,Protect|||M|||50|,,,,,Poison]Ursaluna||FlameOrb|Guts|Facade,HeadlongRush,Earthquake,Protect|||F|||50|,,,,,Ghost
|
|t:|1757801883
|teamsize|p1|4
|teamsize|p2|4
|start
|switch|p1a: labubu|Indeedee-F, L50, F|100/100
|switch|p1b: clairo|Hatterene, L50, F, shiny|100/100
|switch|p2a: Ursaluna|Ursaluna, L50, F|100/100
|switch|p2b: Pelipper|Pelipper, L50, M|100/100
|-weather|RainDance|[from] ability: Drizzle|[of] p2b: Pelipper
|-fieldstart|move: Psychic Terrain|[from] ability: Psychic Surge|[of] p1a: labubu
|turn|1
|
|t:|1757801907
|move|p1a: labubu|Follow Me|p1a: labubu
|-singleturn|p1a: labubu|move: Follow Me
|move|p2b: Pelipper|Weather Ball|p1a: labubu
|-damage|p1a: labubu|50/100
|move|p2a: Ursaluna|Earthquake|p1b: clairo|[spread] p1a,p1b
|-immune|p2b: Pelipper
|-damage|p1a: labubu|10/100
|-damage|p1b: clairo|49/100
|move|p1b: clairo|Trick Room|p1b: clairo
|-fieldstart|move: Trick Room|[of] p1b: clairo
|
|-weather|RainDance|[upkeep]
|-status|p2a: Ursaluna|brn|[from] item: Flame Orb
|upkeep
|turn|2
|
|t:|1757801931
|move|p2b: Pelipper|Protect|p2b: Pelipper
|-singleturn|p2b: Pelipper|Protect
|move|p1b: clairo|Expanding Force|p2b: Pelipper|[spread] p2a
|-activate|p2b: Pelipper|move: Protect
|-damage|p2a: Ursaluna|20/100 brn
|-damage|p1b: clairo|39/100|[from] item: Life Orb
|move|p2a: Ursaluna|Earthquake|p1b: clairo|[spread] p1a,p1b
|-activate|p2b: Pelipper|move: Protect
|-damage|p1a: labubu|0 fnt
|-damage|p1b: clairo|0 fnt
|faint|p1a: labubu
|faint|p1b: clairo
|
|-weather|RainDance|[upkeep]
|-damage|p2a: Ursaluna|14/100 brn|[from] brn
|upkeep
|
|t:|1757801945
|switch|p1b: laufey|Lilligant-Hisui, L50, F, shiny|100/100
|switch|p1a: matcha|Gallade, L50, M|100/100
|turn|3
|
|t:|1757801960
|-terastallize|p1b: laufey|Ghost
|move|p2a: Ursaluna|Headlong Rush|p1a: matcha
|-damage|p1a: matcha|0 fnt
|-unboost|p2a: Ursaluna|def|1
|-unboost|p2a: Ursaluna|spd|1
|faint|p1a: matcha
|move|p2b: Pelipper|Hurricane|p1b: laufey
|-damage|p1b: laufey|43/100
|-start|p1b: laufey|confusion
|-activate|p1b: laufey|confusion
|move|p1b: laufey|Leaf Blade|p2b: Pelipper
|-damage|p2b: Pelipper|60/100
|
|-weather|RainDance|[upkeep]
|-damage|p2a: Ursaluna|8/100 brn|[from] brn
|upkeep
|turn|4
|
|t:|1757801985
|move|p2a: Ursaluna|Headlong Rush|p1b: laufey
|-damage|p1b: laufey|0 fnt
|-unboost|p2a: Ursaluna|def|1
|-unboost|p2a: Ursaluna|spd|1
|faint|p1b: laufey
|
|win|ScotNoah
||tbpgerard is ready for game 3.
||ScotNoah is ready for game 3.
|uhtml|next|Next: Game 3 of 3
