|j|☆Refanner
|j|☆Logialaw
|html|RefannerLogialaw    
|uhtml|bestof|Game 1 of a best-of-3
|t:|1756195366
|gametype|doubles
|player|p1|Refanner|1|1091
|player|p2|Logialaw|101|1178
|gen|9
|tier|[Gen 9] VGC 2025 Reg H (Bo3)
|rated|
|rule|Species Clause: Limit one of each Pokémon
|rule|Item Clause: Limit 1 of each item
|clearpoke
|poke|p1|Ursaluna-Bloodmoon, L50, M|
|poke|p1|Amoonguss, L50, F|
|poke|p1|Farigiraf, L50, M|
|poke|p1|Dragapult, L50, M|
|poke|p1|Incineroar, L50, F|
|poke|p1|Talonflame, L50, M|
|poke|p2|Lilligant-Hisui, L50, F|
|poke|p2|Indeedee-F, L50, F|
|poke|p2|Torkoal, L50, F|
|poke|p2|Ursaluna, L50, M|
|poke|p2|Gallade, L50, M|
|poke|p2|Hatterene, L50, F|
|teampreview|4
|showteam|p1|Ursaluna-Bloodmoon||LifeOrb|MindsEye|EarthPower,HyperVoice,Protect,BloodMoon|||M|||50|,,,,,Dragon]Amoonguss||SitrusBerry|Regenerator|PollenPuff,RagePowder,Protect,Spore|||F|||50|,,,,,Water]Farigiraf||ThroatSpray|ArmorTail|HyperVoice,Psychic,TrickRoom,Protect|||M|||50|,,,,,Fairy]Dragapult||ChoiceBand|ClearBody|DragonDarts,PhantomForce,Uturn,SuckerPunch|||M|||50|,,,,,Dragon]Incineroar||SafetyGoggles|Intimidate|KnockOff,FakeOut,PartingShot,WillOWisp|||F|||50|,,,,,Ghost]Talonflame||CovertCloak|GaleWings|DualWingbeat,FlareBlitz,Tailwind,Taunt|||M|||50|,,,,,Flying
|showteam|p2|Lilligant-Hisui||FocusSash|Chlorophyll|CloseCombat,AfterYou,SolarBlade,SleepPowder|||F|||50|,,,,,Ghost]Indeedee-F||RockyHelmet|PsychicSurge|Psychic,FollowMe,TrickRoom,HelpingHand|||F|||50|,,,,,Grass]Torkoal||Charcoal|Drought|Eruption,EarthPower,WeatherBall,ClearSmog|||F|||50|,,,,,Fire]Ursaluna||FlameOrb|Guts|Facade,HeadlongRush,Protect,Earthquake|||M|||50|,,,,,Ghost]Gallade||ClearAmulet|Sharpness|SacredSword,PsychoCut,WideGuard,TrickRoom|||M|||50|,,,,,Fire]Hatterene||LifeOrb|MagicBounce|DazzlingGleam,ExpandingForce,TeraBlast,TrickRoom|||F|||50|,,,,,Water
|inactive|Battle timer is ON: inactive players will automatically lose when time's up. (requested by Logialaw)
|
|t:|1756195447
|teamsize|p1|4
|teamsize|p2|4
|start
|switch|p1a: Incineroar|Incineroar, L50, F|100/100
|switch|p1b: Ursaluna|Ursaluna-Bloodmoon, L50, M|100/100
|switch|p2a: Phyllis|Indeedee-F, L50, F, shiny|100/100
|switch|p2b: Locke|Hatterene, L50, F, shiny|100/100
|-fieldstart|move: Psychic Terrain|[from] ability: Psychic Surge|[of] p2a: Phyllis
|-ability|p1a: Incineroar|Intimidate|boost
|-unboost|p2a: Phyllis|atk|1
|-unboost|p2b: Locke|atk|1
|turn|1
|inactive|Refanner has 30 seconds left.
|inactive|Refanner has 20 seconds left.
|inactive|Refanner has 15 seconds left.
|
|t:|1756195492
|move|p2a: Phyllis|Follow Me|p2a: Phyllis
|-singleturn|p2a: Phyllis|move: Follow Me
|move|p1a: Incineroar|Knock Off|p2a: Phyllis
|-supereffective|p2a: Phyllis
|-damage|p2a: Phyllis|23/100
|-damage|p1a: Incineroar|84/100|[from] item: Rocky Helmet|[of] p2a: Phyllis
|-enditem|p2a: Phyllis|Rocky Helmet|[from] move: Knock Off|[of] p1a: Incineroar
|move|p1b: Ursaluna|Hyper Voice|p2a: Phyllis|[spread] p2a,p2b
|-damage|p2a: Phyllis|0 fnt
|-damage|p2b: Locke|48/100
|faint|p2a: Phyllis
|-damage|p1b: Ursaluna|91/100|[from] item: Life Orb
|move|p2b: Locke|Trick Room|p2b: Locke
|-fieldstart|move: Trick Room|[of] p2b: Locke
|
|upkeep
|
|t:|1756195509
|switch|p2a: Terapagoat|Torkoal, L50, F, shiny|100/100
|-weather|SunnyDay|[from] ability: Drought|[of] p2a: Terapagoat
|turn|2
|
|t:|1756195534
|-terastallize|p2a: Terapagoat|Fire
|move|p1b: Ursaluna|Protect|p1b: Ursaluna
|-singleturn|p1b: Ursaluna|Protect
|move|p2a: Terapagoat|Eruption|p1b: Ursaluna|[spread] p1a
|-activate|p1b: Ursaluna|move: Protect
|-resisted|p1a: Incineroar
|-damage|p1a: Incineroar|36/100
|move|p2b: Locke|Dazzling Gleam|p1b: Ursaluna|[spread] p1a
|-activate|p1b: Ursaluna|move: Protect
|-damage|p1a: Incineroar|0 fnt
|faint|p1a: Incineroar
|-damage|p2b: Locke|38/100|[from] item: Life Orb
|
|-weather|SunnyDay|[upkeep]
|upkeep
|
|t:|1756195554
|switch|p1a: Amoonguss|Amoonguss, L50, F|100/100
|turn|3
|inactive|Refanner has 30 seconds left.
|
|t:|1756195588
|switch|p1b: Farigiraf|Farigiraf, L50, M|100/100
|-terastallize|p1a: Amoonguss|Water
|move|p2a: Terapagoat|Eruption|p1b: Farigiraf|[spread] p1a,p1b
|-resisted|p1a: Amoonguss
|-damage|p1a: Amoonguss|54/100
|-damage|p1b: Farigiraf|0 fnt
|faint|p1b: Farigiraf
|move|p2b: Locke|Expanding Force|p1a: Amoonguss
|-damage|p1a: Amoonguss|0 fnt
|faint|p1a: Amoonguss
|-damage|p2b: Locke|29/100|[from] item: Life Orb
|
|-weather|SunnyDay|[upkeep]
|upkeep
|-message|Refanner forfeited.
|
|win|Logialaw
||Refanner is ready for game 2.
||Logialaw is ready for game 2.
|uhtml|next|Next: Game 2 of 3
