|j|☆tenshiarmpit
|j|☆ToastedArt2
|html|tenshiarmpitToastedArt2    
|uhtml|bestof|Game 1 of a best-of-3
|t:|1783862077
|gametype|doubles
|player|p1|tenshiarmpit|maid|1040
|player|p2|ToastedArt2|iris|1082
|gen|9
|tier|[Gen 9 Champions] VGC 2026 Reg M-B (Bo3)
|rated|
|rule|Species Clause: Limit one of each Pokémon
|rule|Item Clause: Limit 1 of each item
|clearpoke
|poke|p1|Swampert, L50, M, shiny|
|poke|p1|Scizor, L50, M, shiny|
|poke|p1|Pelipper, L50, F, shiny|
|poke|p1|Sableye, L50, F, shiny|
|poke|p1|Basculegion, L50, M|
|poke|p1|Sinistcha, L50|
|poke|p2|Sinistcha, L50|
|poke|p2|Chesnaught, L50, M, shiny|
|poke|p2|Delphox, L50, F|
|poke|p2|Sneasler, L50, M|
|poke|p2|Incineroar, L50, M|
|poke|p2|Toxapex, L50, F|
|teampreview|4
|showteam|p1|Swampert||Swampertite|Torrent|HighHorsepower,FlipTurn,KnockOff,Protect|Adamant||M|||50|]Scizor||Scizorite|Technician|BulletPunch,Protect,SwordsDance,DualWingbeat|Adamant||M|||50|]Pelipper||FocusSash|Drizzle|WeatherBall,Tailwind,WideGuard,Hurricane|Timid||F|||50|]Sableye||MentalHerb|Prankster|Encore,Quash,RainDance,FakeOut|Calm||F|||50|]Basculegion||ChoiceScarf|Adaptability|WaveCrash,AquaJet,FlipTurn,LastRespects|Adamant||M|||50|]Sinistcha||SitrusBerry|Hospitality|MatchaGotcha,RagePowder,Protect,StrengthSap|Calm|||||50|
|showteam|p2|Sinistcha||OccaBerry|Hospitality|MatchaGotcha,RagePowder,TrickRoom,Protect|Calm|||||50|]Chesnaught||Chesnaughtite|Bulletproof|BodyPress,IronDefense,WideGuard,SpikyShield|Impish||M|||50|]Delphox||Delphoxite|Blaze|HeatWave,Psychic,NastyPlot,Protect|Timid||F|||50|]Sneasler||FocusSash|PoisonTouch|CloseCombat,PoisonJab,QuickGuard,FakeOut|Jolly||M|||50|]Incineroar||SitrusBerry|Intimidate|FlareBlitz,DarkestLariat,PartingShot,FakeOut|Impish||M|||50|]Toxapex||Leftovers|Regenerator|Toxic,Infestation,BanefulBunker,WideGuard|Impish||F|||50|
|inactive|Battle timer is ON: inactive players will automatically lose when time's up. (requested by ToastedArt2)
|
|t:|1783862108
|teamsize|p1|4
|teamsize|p2|4
|start
|switch|p1a: Sableye|Sableye, L50, F, shiny|100/100
|switch|p1b: Scizor|Scizor, L50, M, shiny|100/100
|switch|p2a: Chesnaught|Chesnaught, L50, M, shiny|100/100
|switch|p2b: Sneasler|Sneasler, L50, M|100/100
|turn|1
|inactive|ToastedArt2 has 30 seconds left.
|inactive|ToastedArt2 has 20 seconds left.
|inactive|ToastedArt2 has 15 seconds left.
|inactive|ToastedArt2 has 10 seconds left.
|
|t:|1783862157
|detailschange|p1b: Scizor|Scizor-Mega, L50, M, shiny
|-mega|p1b: Scizor|Scizor|Scizorite
|detailschange|p2a: Chesnaught|Chesnaught-Mega, L50, M, shiny
|-mega|p2a: Chesnaught|Chesnaught|Chesnaughtite
|move|p2b: Sneasler|Fake Out|p1b: Scizor
|-resisted|p1b: Scizor|1
|-damage|p1b: Scizor|94/100
|move|p1a: Sableye|Fake Out|p2a: Chesnaught
|-damage|p2a: Chesnaught|96/100
|cant|p1b: Scizor|flinch
|cant|p2a: Chesnaught|flinch
|
|upkeep
|turn|2
|inactive|ToastedArt2 has 30 seconds left.
|
|t:|1783862184
|switch|p2a: Toxapex|Toxapex, L50, F|100/100
|move|p1a: Sableye|Quash|p2b: Sneasler
|-activate|p2b: Sneasler|move: Quash
|move|p1b: Scizor|Dual Wingbeat|p2a: Toxapex
|-damage|p2a: Toxapex|83/100
|-damage|p2a: Toxapex|66/100
|-hitcount|p2a: Toxapex|2
|move|p2b: Sneasler|Close Combat|p1b: Scizor
|-damage|p1b: Scizor|50/100g
|-unboost|p2b: Sneasler|def|1
|-unboost|p2b: Sneasler|spd|1
|
|-heal|p2a: Toxapex|71/100|[from] item: Leftovers
|upkeep
|turn|3
|
|t:|1783862204
|switch|p2b: Sinistcha|Sinistcha, L50|100/100
|-heal|p2a: Toxapex|96/100|[from] ability: Hospitality|[of] p2b: Sinistcha
|move|p1a: Sableye|Quash||[still]
|-fail|p1a: Sableye
|move|p1b: Scizor|Dual Wingbeat|p2b: Sinistcha
|-supereffective|p2b: Sinistcha|1
|-damage|p2b: Sinistcha|57/100
|-supereffective|p2b: Sinistcha|1
|-damage|p2b: Sinistcha|11/100
|-hitcount|p2b: Sinistcha|2
|move|p2a: Toxapex|Infestation|p1b: Scizor
|-resisted|p1b: Scizor|1
|-damage|p1b: Scizor|49/100
|-activate|p1b: Scizor|move: Infestation|[of] p2a: Toxapex
|
|-heal|p2a: Toxapex|100/100|[from] item: Leftovers
|-damage|p1b: Scizor|36/100|[from] move: Infestation|[partiallytrapped]
|upkeep
|turn|4
|
|t:|1783862222
|switch|p1a: Pelipper|Pelipper, L50, F, shiny|100/100
|-weather|RainDance|[from] ability: Drizzle|[of] p1a: Pelipper
|switch|p2a: Sneasler|Sneasler, L50, M|100/100
|move|p2b: Sinistcha|Protect|p2b: Sinistcha
|-singleturn|p2b: Sinistcha|Protect
|move|p1b: Scizor|Dual Wingbeat|p2a: Sneasler
|-supereffective|p2a: Sneasler|1
|-crit|p2a: Sneasler
|-enditem|p2a: Sneasler|Focus Sash
|-damage|p2a: Sneasler|1/100
|-supereffective|p2a: Sneasler|1
|-damage|p2a: Sneasler|0 fnt
|faint|p2a: Sneasler
|-hitcount|p2: Sneasler|2
|
|-weather|RainDance|[upkeep]
|-end|p1b: Scizor|Infestation|[partiallytrapped]|[silent]
|upkeep
|-message|ToastedArt2 forfeited.
|
|win|tenshiarmpit
|l|☆ToastedArt2
|player|p2|
||ToastedArt2 is ready for game 2.
