|j|☆spellbreakvgc
|j|☆dericos
|html|spellbreakvgcdericos    
|uhtml|bestof|Game 1 of a best-of-3
|t:|1756217843
|gametype|doubles
|player|p1|spellbreakvgc|lance|1239
|player|p2|dericos|266|1280
|gen|9
|tier|[Gen 9] VGC 2025 Reg H (Bo3)
|rated|
|rule|Species Clause: Limit one of each Pokémon
|rule|Item Clause: Limit 1 of each item
|clearpoke
|poke|p1|Whimsicott, L50, M|
|poke|p1|Typhlosion-Hisui, L50, M|
|poke|p1|Dragapult, L50, F|
|poke|p1|Electabuzz, L50, M|
|poke|p1|Torkoal, L50, F|
|poke|p1|Lilligant-Hisui, L50, F|
|poke|p2|Sneasler, L50, F|
|poke|p2|Indeedee, L50, M|
|poke|p2|Ursaluna-Bloodmoon, L50, M|
|poke|p2|Electabuzz, L50, F|
|poke|p2|Incineroar, L50, M|
|poke|p2|Talonflame, L50, F|
|teampreview|4
|showteam|p1|Whimsicott||CovertCloak|Prankster|Tailwind,SunnyDay,Encore,Moonblast|||M|||50|,,,,,Ghost]Typhlosion-Hisui||ChoiceSpecs|Blaze|Eruption,HeatWave,ShadowBall,Overheat|||M|||50|,,,,,Fire]Dragapult||ChoiceBand|ClearBody|DragonDarts,Outrage,SuckerPunch,Uturn|||F|||50|,,,,,Dragon]Electabuzz||Eviolite|VitalSpirit|VoltSwitch,FollowMe,Feint,Protect|||M|||50|,,,,,Ghost]Torkoal||LifeOrb|Drought|Eruption,HeatWave,WeatherBall,EarthPower|||F|||50|,,,,,Fire]Lilligant-Hisui||FocusSash|Chlorophyll|CloseCombat,SleepPowder,AfterYou,LeafBlade|||F|||50|,,,,,Ghost
|showteam|p2|Sneasler||PsychicSeed|Unburden|CloseCombat,DireClaw,ThroatChop,Protect|||F|||50|,,,,,Dark]Indeedee||FocusSash|PsychicSurge|ExpandingForce,TrickRoom,HelpingHand,Protect|||M|||50|,,,,,Psychic]Ursaluna-Bloodmoon||LifeOrb|MindsEye|BloodMoon,HyperVoice,EarthPower,Protect|||M|||50|,,,,,Normal]Electabuzz||Eviolite|VitalSpirit|Electroweb,FollowMe,Taunt,Protect|||F|||50|,,,,,Dragon]Incineroar||SafetyGoggles|Intimidate|FlareBlitz,KnockOff,PartingShot,FakeOut|||M|||50|,,,,,Ghost]Talonflame||CovertCloak|GaleWings|FlareBlitz,DualWingbeat,WillOWisp,Tailwind|||F|||50|,,,,,Fairy
|inactive|Battle timer is ON: inactive players will automatically lose when time's up. (requested by spellbreakvgc)
|inactive|spellbreakvgc has 60 seconds left.
|inactive|dericos has 60 seconds left.
|inactive|spellbreakvgc has 30 seconds left.
|
|t:|1756217917
|teamsize|p1|4
|teamsize|p2|4
|start
|switch|p1a: Whimsicott|Whimsicott, L50, M|100/100
|switch|p1b: Typhlosion|Typhlosion-Hisui, L50, M|100/100
|switch|p2a: Indeedee|Indeedee, L50, M|100/100
|switch|p2b: Talonflame|Talonflame, L50, F|100/100
|-fieldstart|move: Psychic Terrain|[from] ability: Psychic Surge|[of] p2a: Indeedee
|turn|1
|inactive|spellbreakvgc has 30 seconds left.
|inactive|dericos has 30 seconds left.
|
|t:|1756217952
|-terastallize|p1b: Typhlosion|Fire
|move|p2b: Talonflame|Tailwind|p2b: Talonflame
|-sidestart|p2: dericos|move: Tailwind
|move|p1a: Whimsicott|Tailwind|p1a: Whimsicott
|-sidestart|p1: spellbreakvgc|move: Tailwind
|move|p2a: Indeedee|Expanding Force|p1a: Whimsicott|[spread] p1a,p1b
|-damage|p1a: Whimsicott|10/100
|-damage|p1b: Typhlosion|29/100
|move|p1b: Typhlosion|Heat Wave|p2a: Indeedee|[spread] p2a
|-miss|p1b: Typhlosion|p2b: Talonflame
|-enditem|p2a: Indeedee|Focus Sash
|-damage|p2a: Indeedee|1/100
|
|upkeep
|turn|2
|
|t:|1756217970
|switch|p1b: Dragapult|Dragapult, L50, F|100/100
|move|p2b: Talonflame|Flare Blitz|p1a: Whimsicott
|-supereffective|p1a: Whimsicott
|-damage|p1a: Whimsicott|0 fnt
|faint|p1a: Whimsicott
|-damage|p2b: Talonflame|98/100|[from] Recoil
|move|p2a: Indeedee|Expanding Force|p1b: Dragapult
|-damage|p1b: Dragapult|4/100
|
|upkeep
|-message|spellbreakvgc forfeited.
|
|win|dericos
