|j|☆Caporosso74
|j|☆PamamoDaisukiKo
|html|Caporosso74PamamoDaisukiKo    
|uhtml|bestof|Game 1 of a best-of-3
|t:|1756231408
|gametype|doubles
|player|p1|Caporosso74|2|1013
|player|p2|PamamoDaisukiKo|dawn|1148
|gen|9
|tier|[Gen 9] VGC 2025 Reg H (Bo3)
|rated|
|rule|Species Clause: Limit one of each Pokémon
|rule|Item Clause: Limit 1 of each item
|clearpoke
|poke|p1|Pelipper, L50, M|
|poke|p1|Basculegion, L50, M|
|poke|p1|Archaludon, L50, M|
|poke|p1|Amoonguss, L50, F|
|poke|p1|Kingambit, L50, M|
|poke|p1|Incineroar, L50, F|
|poke|p2|Ursaluna-Bloodmoon, L50, M|
|poke|p2|Murkrow, L50, M|
|poke|p2|Gholdengo, L50|
|poke|p2|Pawmot, L50, F|
|poke|p2|Indeedee, L50, M|
|poke|p2|Sneasler, L50, F|
|teampreview|4
|showteam|p1|Pelipper||FocusSash|Drizzle|Hurricane,Protect,WeatherBall,Tailwind|||M|||50|,,,,,Grass]Basculegion||LifeOrb|SwiftSwim|LastRespects,AquaJet,WaveCrash,PsychicFangs|||M|||50|,,,,,Water]Archaludon||AssaultVest|Stamina|DracoMeteor,ElectroShot,FlashCannon,Thunder|||M|||50|,,,,,Fairy]Amoonguss||SitrusBerry|EffectSpore|PollenPuff,RagePowder,Protect,Spore|||F|||50|,,,,,Water]Kingambit||SafetyGoggles|Defiant|LowKick,KowtowCleave,SuckerPunch,Protect|||M|||50|,,,,,Dark]Incineroar||CovertCloak|Intimidate|FlareBlitz,FakeOut,Uturn,KnockOff|||F|||50|,,,,,Dragon
|showteam|p2|Ursaluna-Bloodmoon||LifeOrb|MindsEye|EarthPower,BloodMoon,HyperVoice,Protect|||M|||50|,,,,,Normal]Murkrow||Eviolite|Prankster|Tailwind,Haze,FoulPlay,Quash|||M|||50|,,,,,Ghost]Gholdengo||ChoiceSpecs|GoodasGold|MakeItRain,ShadowBall,PowerGem,Trick||||||50|,,,,,Steel]Pawmot||FocusSash|VoltAbsorb|FakeOut,DoubleShock,CloseCombat,Nuzzle|||F|||50|,,,,,Stellar]Indeedee||ChoiceScarf|PsychicSurge|ExpandingForce,TeraBlast,Trick,Protect|||M|||50|,,,,,Psychic]Sneasler||PsychicSeed|Unburden|CloseCombat,DireClaw,ThroatChop,Protect|||F|||50|,,,,,Dark
|inactive|Battle timer is ON: inactive players will automatically lose when time's up. (requested by Caporosso74)
|inactive|PamamoDaisukiKo has 60 seconds left.
|
|t:|1756231522
|teamsize|p1|4
|teamsize|p2|4
|start
|switch|p1a: Pelipper|Pelipper, L50, M|100/100
|switch|p1b: Basculegion|Basculegion, L50, M|100/100
|switch|p2a: Indeedee|Indeedee, L50, M|100/100
|switch|p2b: Sneasler|Sneasler, L50, F|100/100
|-fieldstart|move: Psychic Terrain|[from] ability: Psychic Surge|[of] p2a: Indeedee
|-enditem|p2b: Sneasler|Psychic Seed
|-boost|p2b: Sneasler|spd|1|[from] item: Psychic Seed
|-weather|RainDance|[from] ability: Drizzle|[of] p1a: Pelipper
|turn|1
|inactive|Caporosso74 has 30 seconds left.
|inactive|PamamoDaisukiKo has 30 seconds left.
|inactive|PamamoDaisukiKo has 20 seconds left.
|inactive|PamamoDaisukiKo has 15 seconds left.
|inactive|PamamoDaisukiKo has 10 seconds left.
|inactive|PamamoDaisukiKo has 5 seconds left.
|
|t:|1756231573
|-terastallize|p2b: Sneasler|Dark
|move|p2b: Sneasler|Throat Chop|p1b: Basculegion
|-supereffective|p1b: Basculegion
|-damage|p1b: Basculegion|0 fnt
|faint|p1b: Basculegion
|move|p2a: Indeedee|Expanding Force|p1a: Pelipper
|-enditem|p1a: Pelipper|Focus Sash
|-damage|p1a: Pelipper|1/100
|move|p1a: Pelipper|Tailwind|p1a: Pelipper
|-sidestart|p1: Caporosso74|move: Tailwind
|
|-weather|RainDance|[upkeep]
|upkeep
|
|t:|1756231589
|switch|p1b: Kingambit|Kingambit, L50, M|100/100
|turn|2
|
|t:|1756231610
|move|p2b: Sneasler|Close Combat|p1b: Kingambit
|-supereffective|p1b: Kingambit
|-damage|p1b: Kingambit|0 fnt
|-unboost|p2b: Sneasler|def|1
|-unboost|p2b: Sneasler|spd|1
|faint|p1b: Kingambit
|move|p2a: Indeedee|Expanding Force|p1a: Pelipper
|-damage|p1a: Pelipper|0 fnt
|faint|p1a: Pelipper
|
|-weather|RainDance|[upkeep]
|upkeep
|inactive|Caporosso74 has 30 seconds left.
|inactive|Caporosso74 has 20 seconds left.
|
|t:|1756231650
|switch|p1b: Archaludon|Archaludon, L50, M|100/100
|turn|3
|
|t:|1756231662
|switch|p2a: Ursaluna|Ursaluna-Bloodmoon, L50, M|100/100
|move|p2b: Sneasler|Close Combat|p1b: Archaludon
|-supereffective|p1b: Archaludon
|-damage|p1b: Archaludon|0 fnt
|-unboost|p2b: Sneasler|def|1
|-unboost|p2b: Sneasler|spd|1
|faint|p1b: Archaludon
|
|win|PamamoDaisukiKo
