|j|☆Rantix D Red
|j|☆davirru5
|html|Rantix D Reddavirru5    
|uhtml|bestof|Game 2 of a best-of-3
|t:|1756480105
|gametype|doubles
|player|p1|Rantix D Red|102|1127
|player|p2|davirru5|ghetsis|1043
|gen|9
|tier|[Gen 9] VGC 2025 Reg H (Bo3)
|rated|
|rule|Species Clause: Limit one of each Pokémon
|rule|Item Clause: Limit 1 of each item
|clearpoke
|poke|p1|Pelipper, L50, F|
|poke|p1|Archaludon, L50, F|
|poke|p1|Sinistcha-Masterpiece, L50|
|poke|p1|Gholdengo, L50|
|poke|p1|Ursaluna, L50, F|
|poke|p1|Dragonite, L50, M|
|poke|p2|Sneasler, L50, M|
|poke|p2|Rillaboom, L50, F|
|poke|p2|Electabuzz, L50, M|
|poke|p2|Dragonite, L50, M|
|poke|p2|Volcarona, L50, M|
|poke|p2|Kingambit, L50, M|
|teampreview|4
|showteam|p1|Pelipper||LifeOrb|Drizzle|Hurricane,MuddyWater,Tailwind,WideGuard|||F|||50|,,,,,Steel]Archaludon||AssaultVest|Stamina|ElectroShot,DracoMeteor,FlashCannon,BodyPress|||F|||50|,,,,,Bug]Sinistcha-Masterpiece||SitrusBerry|Hospitality|RagePowder,LifeDew,MatchaGotcha,ShadowBall||||||50|,,,,,Fire]Gholdengo||ChoiceScarf|GoodasGold|MakeItRain,ShadowBall,Trick,Protect||||||50|,,,,,Steel]Ursaluna||FlameOrb|Guts|Earthquake,HeadlongRush,Facade,Protect|||F|||50|,,,,,Ghost]Dragonite||LoadedDice|Multiscale|Tailwind,ScaleShot,Haze,Encore|||M|||50|,,,,,Ghost
|showteam|p2|Sneasler||FocusSash|PoisonTouch|CloseCombat,DireClaw,Coaching,FakeOut|||M|||50|,,,,,Ghost]Rillaboom||AssaultVest|GrassySurge|WoodHammer,GrassyGlide,HighHorsepower,FakeOut|||F|||50|,,,,,Fire]Electabuzz||Eviolite|VitalSpirit|Thunderbolt,FollowMe,Taunt,Protect|||M|||50|,,,,,Ghost]Dragonite||LoadedDice|Multiscale|ScaleShot,ExtremeSpeed,Haze,Protect|||M|||50|,,,,,Fairy]Volcarona||Leftovers|FlameBody|HeatWave,TeraBlast,QuiverDance,Protect|||M|||50|,,,,,Fairy]Kingambit||BlackGlasses|Defiant|KowtowCleave,SuckerPunch,SwordsDance,Protect|||M|||50|,,,,,Dark
|inactive|Battle timer is ON: inactive players will automatically lose when time's up. (requested by davirru5)
|
|t:|1756480135
|teamsize|p1|4
|teamsize|p2|4
|start
|switch|p1a: Archaludon|Archaludon, L50, F, shiny|100/100
|switch|p1b: Dragonite|Dragonite, L50, M|100/100
|switch|p2a: Electabuzz|Electabuzz, L50, M|100/100
|switch|p2b: Volcarona|Volcarona, L50, M|100/100
|turn|1
|inactive|davirru5 has 30 seconds left.
|
|t:|1756480164
|switch|p1b: Pelipper|Pelipper, L50, F|100/100
|-weather|RainDance|[from] ability: Drizzle|[of] p1b: Pelipper
|move|p2a: Electabuzz|Follow Me|p2a: Electabuzz
|-singleturn|p2a: Electabuzz|move: Follow Me
|move|p2b: Volcarona|Quiver Dance|p2b: Volcarona
|-boost|p2b: Volcarona|spa|1
|-boost|p2b: Volcarona|spd|1
|-boost|p2b: Volcarona|spe|1
|move|p1a: Archaludon|Electro Shot||[still]
|-prepare|p1a: Archaludon|Electro Shot
|-boost|p1a: Archaludon|spa|1
|-anim|p1a: Archaludon|Electro Shot|p2a: Electabuzz
|-resisted|p2a: Electabuzz
|-damage|p2a: Electabuzz|78/100
|
|-weather|RainDance|[upkeep]
|upkeep
|turn|2
|inactive|Rantix D Red has 30 seconds left.
|inactive|davirru5 has 30 seconds left.
|inactive|Rantix D Red has 20 seconds left.
|-message|Rantix D Red forfeited.
|
|win|davirru5
|raw|Rantix D Red's rating: 1127 → 1096(-31 for losing)
|raw|davirru5's rating: 1043 → 1085(+42 for winning)
|l|☆Rantix D Red
|player|p1|
