|j|☆bobsparents
|j|☆we_are_toasted
|html|bobsparentswe_are_toasted    
|uhtml|bestof|Game 1 of a best-of-3
|t:|1784328288
|gametype|doubles
|player|p1|bobsparents|cynthia|1022
|player|p2|we_are_toasted|169|1182
|gen|9
|tier|[Gen 9 Champions] VGC 2026 Reg M-B (Bo3)
|rated|
|rule|Species Clause: Limit one of each Pokémon
|rule|Item Clause: Limit 1 of each item
|clearpoke
|poke|p1|Clawitzer, L50, F|
|poke|p1|Farigiraf, L50, M|
|poke|p1|Camerupt, L50, F|
|poke|p1|Mawile, L50, M|
|poke|p1|Vanilluxe, L50, M|
|poke|p1|Staraptor, L50, F|
|poke|p2|Pelipper, L50, F|
|poke|p2|Archaludon, L50, M|
|poke|p2|Venusaur, L50, F|
|poke|p2|Basculegion, L50, M|
|poke|p2|Grimmsnarl, L50, M|
|poke|p2|Charizard, L50, M|
|teampreview|4
|showteam|p1|Clawitzer||LifeOrb|MegaLauncher|WaterPulse,DarkPulse,AuraSphere,Protect|Quiet||F|||50|]Farigiraf||SitrusBerry|ArmorTail|HyperVoice,AllySwitch,TrickRoom,Protect|Relaxed||M|||50|]Camerupt||Cameruptite|AngerPoint|HeatWave,EarthPower,AncientPower,Protect|Quiet||F|||50|]Mawile||Mawilite|HyperCutter|PlayRough,IronHead,SuckerPunch,RockSlide|Brave||M|||50|]Vanilluxe||NeverMeltIce|SnowWarning|Blizzard,IceShard,FreezeDry,Protect|Quiet||M|||50|]Staraptor||ChoiceScarf|Intimidate|FinalGambit,CloseCombat,BraveBird,Uturn|Jolly||F|||50|
|showteam|p2|Pelipper||SitrusBerry|Drizzle|WeatherBall,Hurricane,WideGuard,Tailwind|Modest||F|||50|]Archaludon||Leftovers|Stamina|FlashCannon,ElectroShot,DragonPulse,Protect|Calm||M|||50|]Venusaur||FocusSash|Chlorophyll|SleepPowder,SludgeBomb,EarthPower,Protect|Modest||F|||50|]Basculegion||ChoiceScarf|Adaptability|WaveCrash,FlipTurn,LastRespects,AquaJet|Jolly||M|||50|]Grimmsnarl||LightClay|Prankster|SpiritBreak,Reflect,LightScreen,PartingShot|Sassy||M|||50|]Charizard||CharizarditeY|Blaze|HeatWave,WeatherBall,SolarBeam,Protect|Modest||M|||50|
|inactive|Battle timer is ON: inactive players will automatically lose when time's up. (requested by we_are_toasted)
|inactive|we_are_toasted has 60 seconds left.
|inactive|we_are_toasted has 30 seconds left.
|
|t:|1784328362
|teamsize|p1|4
|teamsize|p2|4
|start
|switch|p1a: Staraptor|Staraptor, L50, F|100/100
|switch|p1b: Farigiraf|Farigiraf, L50, M|100/100
|switch|p2a: Charizard|Charizard, L50, M|100/100
|switch|p2b: Venusaur|Venusaur, L50, F|100/100
|-ability|p1a: Staraptor|Intimidate|boost
|-unboost|p2a: Charizard|atk|1
|-unboost|p2b: Venusaur|atk|1
|turn|1
|inactive|bobsparents has 30 seconds left.
|inactive|bobsparents has 20 seconds left.
|inactive|bobsparents has 15 seconds left.
|inactive|bobsparents has 10 seconds left.
|inactive|bobsparents has 5 seconds left.
|
|t:|1784328416
|move|p2a: Charizard|Protect|p2a: Charizard
|-singleturn|p2a: Charizard|Protect
|move|p1b: Farigiraf|Protect|p1b: Farigiraf
|-singleturn|p1b: Farigiraf|Protect
|move|p1a: Staraptor|Brave Bird|p2b: Venusaur
|-supereffective|p2b: Venusaur|1
|-enditem|p2b: Venusaur|Focus Sash
|-damage|p2b: Venusaur|1/100
|-damage|p1a: Staraptor|73/100|[from] Recoil
|move|p2b: Venusaur|Sleep Powder|p1b: Farigiraf
|-activate|p1b: Farigiraf|move: Protect
|
|upkeep
|turn|2
|inactive|we_are_toasted has 30 seconds left.
|inactive|bobsparents has 30 seconds left.
|
|t:|1784328462
|detailschange|p2a: Charizard|Charizard-Mega-Y, L50, M
|-mega|p2a: Charizard|Charizard|Charizardite Y
|-weather|SunnyDay|[from] ability: Drought|[of] p2a: Charizard
|move|p1b: Farigiraf|Ally Switch|p1b: Farigiraf
|swap|p1b: Farigiraf|0|[from] move: Ally Switch
|move|p2b: Venusaur|Sleep Powder|p1b: Staraptor|[miss]
|-miss|p2b: Venusaur|p1b: Staraptor
|move|p1b: Staraptor|Brave Bird|p2b: Venusaur
|-supereffective|p2b: Venusaur|1
|-damage|p2b: Venusaur|0 fnt
|faint|p2b: Venusaur
|-damage|p1b: Staraptor|72/100|[from] Recoil
|move|p2a: Charizard|Heat Wave|p1b: Staraptor|[spread] p1a,p1b
|-damage|p1a: Farigiraf|46/100
|-damage|p1b: Staraptor|0 fnt
|-enditem|p1a: Farigiraf|Sitrus Berry|[eat]
|-heal|p1a: Farigiraf|71/100|[from] item: Sitrus Berry
|faint|p1b: Staraptor
|
|-weather|SunnyDay|[upkeep]
|upkeep
|
|t:|1784328477
|switch|p1b: Camerupt|Camerupt, L50, F|100/100
|switch|p2b: Pelipper|Pelipper, L50, F|100/100
|-weather|RainDance|[from] ability: Drizzle|[of] p2b: Pelipper
|turn|3
|inactive|we_are_toasted has 30 seconds left.
|
|t:|1784328509
|move|p1b: Camerupt|Protect|p1b: Camerupt
|-singleturn|p1b: Camerupt|Protect
|move|p2a: Charizard|Weather Ball|p1a: Farigiraf
|-crit|p1a: Farigiraf
|-damage|p1a: Farigiraf|0 fnt
|faint|p1a: Farigiraf
|move|p2b: Pelipper|Weather Ball|p1b: Camerupt
|-activate|p1b: Camerupt|move: Protect
|
|-weather|RainDance|[upkeep]
|upkeep
|
|t:|1784328520
|switch|p1a: Clawitzer|Clawitzer, L50, F|100/100
|turn|4
|-message|bobsparents forfeited.
|
|win|we_are_toasted
