|j|☆lettitripppp
|j|☆Pacek_Panama
|html|lettitrippppPacek_Panama    
|uhtml|bestof|Game 1 of a best-of-3
|t:|1784764850
|gametype|doubles
|player|p1|lettitripppp|lucas|1244
|player|p2|Pacek_Panama|hiker-gen4|1136
|gen|9
|tier|[Gen 9 Champions] VGC 2026 Reg M-B (Bo3)
|rated|
|rule|Species Clause: Limit one of each Pokémon
|rule|Item Clause: Limit 1 of each item
|clearpoke
|poke|p1|Charizard, L50, F, shiny|
|poke|p1|Basculegion, L50, M, shiny|
|poke|p1|Pelipper, L50, M|
|poke|p1|Venusaur, L50, M|
|poke|p1|Archaludon, L50, F|
|poke|p1|Grimmsnarl, L50, M, shiny|
|poke|p2|Pyroar, L50, F|
|poke|p2|Torkoal, L50, F|
|poke|p2|Farigiraf, L50, M|
|poke|p2|Venusaur, L50, M|
|poke|p2|Floette-Eternal, L50, F|
|poke|p2|Mamoswine, L50, M|
|teampreview|4
|showteam|p1|Charizard||CharizarditeY|Blaze|WeatherBall,SolarBeam,HeatWave,Protect|Modest||F|||50|]Basculegion||ChoiceScarf|Adaptability|LastRespects,WaveCrash,FlipTurn,AquaJet|Jolly||M|||50|]Pelipper||SitrusBerry|Drizzle|WeatherBall,WideGuard,Hurricane,Tailwind|Modest||M|||50|]Venusaur||FocusSash|Chlorophyll|SleepPowder,SludgeBomb,EarthPower,Protect|Modest||M|||50|]Archaludon||Leftovers|Stamina|FlashCannon,DragonPulse,ElectroShot,Protect|Calm||F|||50|]Grimmsnarl||LightClay|Prankster|PartingShot,LightScreen,SpiritBreak,Reflect|Relaxed||M|||50|
|showteam|p2|Pyroar||Pyroarite|Rivalry|Protect,HeatWave,Overheat,SolarBeam|Timid||F|||50|]Torkoal||Charcoal|Drought|Protect,Eruption,WeatherBall,HelpingHand|Quiet||F|||50|]Farigiraf||SitrusBerry|ArmorTail|Psychic,Thunderbolt,TrickRoom,HelpingHand|Bold||M|||50|]Venusaur||LifeOrb|Chlorophyll|Protect,LeafStorm,EarthPower,SleepPowder|Modest||M|||50|]Floette-Eternal||Floettite|FlowerVeil|Protect,Moonblast,DrainingKiss,CalmMind|Modest||F|||50|]Mamoswine||FocusSash|Oblivious|Protect,HighHorsepower,RockSlide,IceShard|Adamant||M|||50|
|inactive|Battle timer is ON: inactive players will automatically lose when time's up. (requested by lettitripppp)
|inactive|lettitripppp has 60 seconds left.
|inactive|Pacek_Panama has 60 seconds left.
|inactive|Pacek_Panama has 30 seconds left.
|
|t:|1784764912
|teamsize|p1|4
|teamsize|p2|4
|start
|switch|p1a: AGNI|Charizard, L50, F, shiny|100/100
|switch|p1b: SOFT-SLEEP|Venusaur, L50, M|100/100
|switch|p2a: Pyroar|Pyroar, L50, F|100/100
|switch|p2b: Venusaur|Venusaur, L50, M|100/100
|turn|1
|
|t:|1784764934
|detailschange|p1a: AGNI|Charizard-Mega-Y, L50, F, shiny
|-mega|p1a: AGNI|Charizard|Charizardite Y
|-weather|SunnyDay|[from] ability: Drought|[of] p1a: AGNI
|move|p2a: Pyroar|Protect|p2a: Pyroar
|-singleturn|p2a: Pyroar|Protect
|move|p1a: AGNI|Protect|p1a: AGNI
|-singleturn|p1a: AGNI|Protect
|move|p1b: SOFT-SLEEP|Sleep Powder|p2a: Pyroar
|-activate|p2a: Pyroar|move: Protect
|move|p2b: Venusaur|Sleep Powder|p1a: AGNI
|-activate|p1a: AGNI|move: Protect
|
|-weather|SunnyDay|[upkeep]
|upkeep
|turn|2
|
|t:|1784764954
|detailschange|p2a: Pyroar|Pyroar-Mega, L50, F
|-mega|p2a: Pyroar|Pyroar|Pyroarite
|move|p1b: SOFT-SLEEP|Sleep Powder|p2a: Pyroar
|-status|p2a: Pyroar|slp|[from] move: Sleep Powder
|move|p2b: Venusaur|Sleep Powder|p1a: AGNI
|-status|p1a: AGNI|slp|[from] move: Sleep Powder
|cant|p2a: Pyroar|slp
|cant|p1a: AGNI|slp
|
|-weather|SunnyDay|[upkeep]
|upkeep
|turn|3
|
|t:|1784764968
|move|p1b: SOFT-SLEEP|Earth Power|p2a: Pyroar
|-supereffective|p2a: Pyroar|1
|-damage|p2a: Pyroar|31/100 slp
|move|p2b: Venusaur|Earth Power|p1b: SOFT-SLEEP
|-damage|p1b: SOFT-SLEEP|58/100
|-damage|p2b: Venusaur|90/100|[from] item: Life Orb
|cant|p2a: Pyroar|slp
|cant|p1a: AGNI|slp
|
|-weather|SunnyDay|[upkeep]
|upkeep
|turn|4
|
|t:|1784764987
|switch|p2a: Farigiraf|Farigiraf, L50, M|100/100
|move|p1b: SOFT-SLEEP|Sludge Bomb|p2a: Farigiraf
|-damage|p2a: Farigiraf|60/100
|-status|p2a: Farigiraf|psn
|move|p2b: Venusaur|Earth Power|p1b: SOFT-SLEEP
|-damage|p1b: SOFT-SLEEP|15/100
|-damage|p2b: Venusaur|80/100|[from] item: Life Orb
|-curestatus|p1a: AGNI|slp|[msg]
|move|p1a: AGNI|Weather Ball|p2b: Venusaur
|-supereffective|p2b: Venusaur|1
|-damage|p2b: Venusaur|0 fnt
|faint|p2b: Venusaur
|
|-weather|SunnyDay|[upkeep]
|-damage|p2a: Farigiraf|48/100 psn|[from] psn
|upkeep
|-enditem|p2a: Farigiraf|Sitrus Berry|[eat]
|-heal|p2a: Farigiraf|72/100 psn|[from] item: Sitrus Berry
|
|t:|1784764994
|switch|p2b: Pyroar|Pyroar-Mega, L50, F|31/100 slp
|turn|5
|inactive|lettitripppp has 30 seconds left.
|
|t:|1784765021
|-curestatus|p2b: Pyroar|slp|[msg]
|move|p2b: Pyroar|Protect|p2b: Pyroar
|-singleturn|p2b: Pyroar|Protect
|move|p1b: SOFT-SLEEP|Sludge Bomb|p2b: Pyroar
|-activate|p2b: Pyroar|move: Protect
|move|p1a: AGNI|Weather Ball|p2a: Farigiraf
|-damage|p2a: Farigiraf|0 fnt
|faint|p2a: Farigiraf
|
|-weather|none
|upkeep
|-message|Pacek_Panama forfeited.
|raw|lettitripppp's rating: 1244 → 1261(+17 for winning)
|raw|Pacek_Panama's rating: 1136 → 1119(-17 for losing)
|
|win|lettitripppp
|l|☆Pacek_Panama
|player|p2|
