|j|‽battle sim trainer
|j|☆mysteriousmeatman
|html|battle sim trainermysteriousmeatman    
|uhtml|bestof|Game 1 of a best-of-3
|t:|1756213995
|gametype|doubles
|player|p1|battle sim trainer|turo|1046
|player|p2|mysteriousmeatman|266|1019
|gen|9
|tier|[Gen 9] VGC 2025 Reg H (Bo3)
|rated|
|rule|Species Clause: Limit one of each Pokémon
|rule|Item Clause: Limit 1 of each item
|clearpoke
|poke|p1|Ursaluna, L50, F|
|poke|p1|Indeedee-F, L50, F|
|poke|p1|Torkoal, L50, M|
|poke|p1|Gallade, L50, M|
|poke|p1|Annihilape, L50, M|
|poke|p1|Armarouge, L50, M|
|poke|p2|Palafin, L50, F|
|poke|p2|Pelipper, L50, M|
|poke|p2|Incineroar, L50, F|
|poke|p2|Amoonguss, L50, F|
|poke|p2|Gholdengo, L50|
|poke|p2|Dragapult, L50, F|
|teampreview|4
|showteam|p1|Ursaluna||FlameOrb|Guts|Earthquake,Facade,Protect,HeadlongRush|||F|||50|,,,,,Ghost]Indeedee-F||RockyHelmet|PsychicSurge|HelpingHand,TrickRoom,FollowMe,Psychic|||F|||50|,,,,,Steel]Torkoal||Charcoal|Drought|Eruption,WeatherBall,ClearSmog,SolarBeam|||M|||50|,,,,,Fire]Gallade||ClearAmulet|Sharpness|PsychoCut,SacredSword,NightSlash,TrickRoom|||M|||50|,,,,,Fire]Annihilape||ChoiceScarf|Defiant|Taunt,CloseCombat,RageFist,FinalGambit|||M|||50|,,,,,Fighting]Armarouge||PsychicSeed|FlashFire|ExpandingForce,Flamethrower,WideGuard,TrickRoom|||M|||50|,,,,,Grass
|showteam|p2|Palafin||ChoiceScarf|ZerotoHero|FlipTurn,JetPunch,WaveCrash,DrainPunch|||F|||50|,,,,,Grass]Pelipper||EjectButton|Drizzle|HydroPump,Hurricane,Tailwind,Protect|||M|||50|,,,,,Ground]Incineroar||SafetyGoggles|Intimidate|FakeOut,KnockOff,PartingShot,Protect|||F|||50|,,,,,Ghost]Amoonguss||RedCard|Regenerator|SludgeBomb,GigaDrain,PollenPuff,Protect|||F|||50|,,,,,Dark]Gholdengo||MirrorHerb|GoodasGold|Hex,MakeItRain,MetalSound,Protect||||||50|,,,,,Steel]Dragapult||Leftovers|ClearBody|Thunder,DracoMeteor,TeraBlast,Substitute|||F|||50|,,,,,Fairy
|inactive|Battle timer is ON: inactive players will automatically lose when time's up. (requested by mysteriousmeatman)
|inactive|battle sim trainer has 60 seconds left.
|
|t:|1756214030
|teamsize|p1|4
|teamsize|p2|4
|start
|switch|p1a: Annihilape|Annihilape, L50, M|100/100
|switch|p1b: Gallade|Gallade, L50, M|100/100
|switch|p2a: Amoonguss|Amoonguss, L50, F, shiny|100/100
|switch|p2b: Palafin|Palafin, L50, F, shiny|100/100
|turn|1
|inactive|battle sim trainer has 30 seconds left.
|inactive|mysteriousmeatman has 30 seconds left.
|inactive|battle sim trainer has 20 seconds left.
|
|t:|1756214068
|move|p2b: Palafin|Flip Turn|p1a: Annihilape
|-damage|p1a: Annihilape|81/100
|
|t:|1756214071
|detailschange|p2b: Palafin|Palafin-Hero, L50, F, shiny
|switch|p2b: Pelipper|Pelipper, L50, M, shiny|100/100|[from] Flip Turn
|-weather|RainDance|[from] ability: Drizzle|[of] p2b: Pelipper
|move|p1a: Annihilape|Final Gambit|p2b: Pelipper
|-damage|p2b: Pelipper|0 fnt
|faint|p1a: Annihilape
|faint|p2b: Pelipper
|move|p1b: Gallade|Psycho Cut|p2a: Amoonguss
|-supereffective|p2a: Amoonguss
|-damage|p2a: Amoonguss|0 fnt
|faint|p2a: Amoonguss
|
|-weather|RainDance|[upkeep]
|upkeep
|j| CornAria
|
|t:|1756214083
|switch|p1a: Torkoal|Torkoal, L50, M|100/100
|switch|p2b: Incineroar|Incineroar, L50, F, shiny|100/100
|switch|p2a: Palafin|Palafin-Hero, L50, F, shiny|100/100
|-activate|p2a: Palafin|ability: Zero to Hero
|-ability|p2b: Incineroar|Intimidate|boost
|-unboost|p1a: Torkoal|atk|1
|-fail|p1b: Gallade|unboost|[from] item: Clear Amulet|[of] p1b: Gallade
|-weather|SunnyDay|[from] ability: Drought|[of] p1a: Torkoal
|turn|2
|inactive|battle sim trainer has 30 seconds left.
|
|t:|1756214118
|switch|p1a: Armarouge|Armarouge, L50, M|100/100
|move|p2b: Incineroar|Fake Out|p1b: Gallade
|-damage|p1b: Gallade|84/100
|move|p2a: Palafin|Wave Crash|p1a: Armarouge
|-supereffective|p1a: Armarouge
|-damage|p1a: Armarouge|35/100
|-damage|p2a: Palafin|76/100|[from] Recoil
|cant|p1b: Gallade|flinch
|
|-weather|SunnyDay|[upkeep]
|upkeep
|turn|3
|
|t:|1756214140
|move|p2a: Palafin|Wave Crash|p1b: Gallade
|-damage|p1b: Gallade|36/100
|-damage|p2a: Palafin|60/100|[from] Recoil
|move|p2b: Incineroar|Knock Off|p1a: Armarouge
|-supereffective|p1a: Armarouge
|-damage|p1a: Armarouge|0 fnt
|-enditem|p1a: Armarouge|Psychic Seed|[from] move: Knock Off|[of] p2b: Incineroar
|faint|p1a: Armarouge
|move|p1b: Gallade|Trick Room|p1b: Gallade
|-fieldstart|move: Trick Room|[of] p1b: Gallade
|
|-weather|SunnyDay|[upkeep]
|upkeep
|
|t:|1756214150
|switch|p1a: Torkoal|Torkoal, L50, M|100/100
|turn|4
|
|t:|1756214162
|-terastallize|p1a: Torkoal|Fire
|move|p1a: Torkoal|Eruption|p2a: Palafin|[spread] p2a,p2b
|-resisted|p2a: Palafin
|-resisted|p2b: Incineroar
|-damage|p2a: Palafin|0 fnt
|-damage|p2b: Incineroar|63/100
|faint|p2a: Palafin
|move|p2b: Incineroar|Parting Shot|p1a: Torkoal
|-unboost|p1a: Torkoal|atk|1
|-unboost|p1a: Torkoal|spa|1
|move|p1b: Gallade|Sacred Sword|p2b: Incineroar
|-supereffective|p2b: Incineroar
|-crit|p2b: Incineroar
|-damage|p2b: Incineroar|0 fnt
|faint|p2b: Incineroar
|
|win|battle sim trainer
||mysteriousmeatman is ready for game 2.
