|j|☆caverna1
|j|☆hehbeue
|html|caverna1hehbeue    
|uhtml|bestof|Game 1 of a best-of-3
|t:|1783156992
|gametype|doubles
|player|p1|caverna1|boarder|1032
|player|p2|hehbeue|1|1038
|gen|9
|tier|[Gen 9 Champions] VGC 2026 Reg M-B (Bo3)
|rated|
|rule|Species Clause: Limit one of each Pokémon
|rule|Item Clause: Limit 1 of each item
|clearpoke
|poke|p1|Sceptile, L50, M|
|poke|p1|Aerodactyl, L50, M|
|poke|p1|Gholdengo, L50|
|poke|p1|Rotom-Heat, L50|
|poke|p1|Pelipper, L50, M|
|poke|p1|Milotic, L50, F|
|poke|p2|Garchomp, L50, M|
|poke|p2|Archaludon, L50, F|
|poke|p2|Pelipper, L50, F|
|poke|p2|Sinistcha-Masterpiece, L50|
|poke|p2|Sceptile, L50, M|
|poke|p2|Heliolisk, L50, F|
|teampreview|4
|showteam|p1|Sceptile||Sceptilite|Overgrow|Protect,EarthPower,EnergyBall,VacuumWave|Timid||M|||50|]Aerodactyl||FocusSash|Unnerve|Tailwind,Earthquake,RockSlide,DualWingbeat|Jolly||M|||50|]Gholdengo||LifeOrb|GoodasGold|Protect,NastyPlot,ShadowBall,MakeItRain|Modest|||||50|]Rotom-Heat||ChoiceScarf|Levitate|Trick,Discharge,Overheat,Thunder|Timid|||||50|]Pelipper||SitrusBerry|Drizzle|Hurricane,Protect,WeatherBall,Tailwind|Modest||M|||50|]Milotic||Leftovers|Competitive|Protect,Scald,LifeDew,IcyWind|Bold||F|||50|
|showteam|p2|Garchomp||LifeOrb|RoughSkin|Bulldoze,DragonClaw,PoisonJab,Protect|Jolly||M|||50|]Archaludon||ExpertBelt|Stamina|AuraSphere,HeavySlam,ElectroShot,Protect|Naive||F|||50|]Pelipper||Leftovers|Drizzle|Surf,AirSlash,Agility,Protect|Modest||F|||50|]Sinistcha-Masterpiece||SitrusBerry|Hospitality|MatchaGotcha,LifeDew,CalmMind,Protect|Bold|||||50|]Sceptile||Sceptilite|Overgrow|GigaDrain,SolarBeam,Protect,DragonPulse|Timid||M|||50|]Heliolisk||FocusSash|DrySkin|Discharge,SunnyDay,VoltSwitch,Protect|Timid||F|||50|
|inactive|Battle timer is ON: inactive players will automatically lose when time's up. (requested by caverna1)
|inactive|caverna1 has 60 seconds left.
|inactive|hehbeue has 60 seconds left.
|inactive|caverna1 has 30 seconds left.
|inactive|caverna1 has 20 seconds left.
|inactive|caverna1 has 15 seconds left.
|inactive|caverna1 has 10 seconds left.
|inactive|caverna1 has 5 seconds left.
|
|t:|1783157078
|teamsize|p1|4
|teamsize|p2|4
|start
|switch|p1a: Rotom|Rotom-Heat, L50|100/100
|switch|p1b: Sceptile|Sceptile, L50, M|100/100
|switch|p2a: Garchomp|Garchomp, L50, M|100/100
|switch|p2b: Archaludon|Archaludon, L50, F|100/100
|turn|1
|inactive|caverna1 has 30 seconds left.
|inactive|hehbeue has 30 seconds left.
|inactive|caverna1 has 20 seconds left.
|inactive|hehbeue has 20 seconds left.
|inactive|caverna1 has 15 seconds left.
|inactive|hehbeue has 15 seconds left.
|inactive|caverna1 has 10 seconds left.
|
|t:|1783157125
|switch|p2a: Pelipper|Pelipper, L50, F|100/100
|-weather|RainDance|[from] ability: Drizzle|[of] p2a: Pelipper
|detailschange|p1b: Sceptile|Sceptile-Mega, L50, M
|-mega|p1b: Sceptile|Sceptile|Sceptilite
|move|p1a: Rotom|Overheat|p2b: Archaludon
|-damage|p2b: Archaludon|54/100
|-unboost|p1a: Rotom|spa|2
|-ability|p2b: Archaludon|Stamina|boost
|-boost|p2b: Archaludon|def|1
|move|p1b: Sceptile|Earth Power|p2b: Archaludon
|-supereffective|p2b: Archaludon|1
|-damage|p2b: Archaludon|0 fnt
|faint|p2b: Archaludon
|
|-weather|RainDance|[upkeep]
|upkeep
|-message|hehbeue forfeited.
|raw|caverna1's rating: 1032 → 1068(+36 for winning)
|raw|hehbeue's rating: 1038 → 1022(-16 for losing)
|
|win|caverna1
|l|☆hehbeue
|player|p2|
