|j|☆sam0el
|j|☆jeanryupr
|html|sam0eljeanryupr    
|uhtml|bestof|Game 1 of a best-of-3
|t:|1756585002
|gametype|doubles
|player|p1|sam0el|veteran|1144
|player|p2|jeanryupr|101|1099
|gen|9
|tier|[Gen 9] VGC 2025 Reg H (Bo3)
|rated|
|rule|Species Clause: Limit one of each Pokémon
|rule|Item Clause: Limit 1 of each item
|clearpoke
|poke|p1|Hatterene, L50, F|
|poke|p1|Indeedee-F, L50, F|
|poke|p1|Gallade, L50, M|
|poke|p1|Torkoal, L50, M|
|poke|p1|Zoroark-Hisui, L50, M|
|poke|p1|Ursaluna-Bloodmoon, L50, M|
|poke|p2|Incineroar, L50, M|
|poke|p2|Amoonguss, L50, F|
|poke|p2|Rillaboom, L50, M|
|poke|p2|Sylveon, L50, M|
|poke|p2|Dragonite, L50, M|
|poke|p2|Gholdengo, L50|
|teampreview|4
|showteam|p1|Hatterene||MindPlate|MagicBounce|ExpandingForce,DazzlingGleam,Protect,TrickRoom|||F|||50|,,,,,Fire]Indeedee-F||PsychicSeed|PsychicSurge|FollowMe,HelpingHand,TrickRoom,HealPulse|||F|||50|,,,,,Water]Gallade||ClearAmulet|Sharpness|SacredSword,PsychoCut,WideGuard,TrickRoom|||M|||50|,,,,,Grass]Torkoal||ChoiceSpecs|Drought|Eruption,HeatWave,WeatherBall,EarthPower|||M|||50|,,,,,Fire]Zoroark-Hisui||LifeOrb|Illusion|HyperBeam,ShadowBall,Protect,Flamethrower|||M|||50|,,,,,Stellar]Ursaluna-Bloodmoon||SilkScarf|MindsEye|EarthPower,BloodMoon,HyperVoice,HyperBeam|||M|||50|,,,,,Normal
|showteam|p2|Incineroar||SafetyGoggles|Intimidate|FakeOut,FlareBlitz,PartingShot,KnockOff|||M|||50|,,,,,Water]Amoonguss||RockyHelmet|Regenerator|RagePowder,Spore,PollenPuff,Protect|||F|||50|,,,,,Water]Rillaboom||AssaultVest|GrassySurge|GrassyGlide,WoodHammer,FakeOut,Uturn|||M|||50|,,,,,Fire]Sylveon||ThroatSpray|Pixilate|HyperVoice,TeraBlast,Protect,QuickAttack|||M|||50|,,,,,Fire]Dragonite||LoadedDice|InnerFocus|ScaleShot,Haze,IceSpinner,ExtremeSpeed|||M|||50|,,,,,Normal]Gholdengo||Leftovers|GoodasGold|MakeItRain,ShadowBall,Protect,NastyPlot||||||50|,,,,,Steel
|
|t:|1756585059
|teamsize|p1|4
|teamsize|p2|4
|start
|switch|p1a: Hatterene|Hatterene, L50, F|100/100
|switch|p1b: Indeedee|Indeedee-F, L50, F|100/100
|switch|p2a: Gholdengo|Gholdengo, L50|100/100
|switch|p2b: Dragonite|Dragonite, L50, M|100/100
|-fieldstart|move: Psychic Terrain|[from] ability: Psychic Surge|[of] p1b: Indeedee
|-enditem|p1b: Indeedee|Psychic Seed
|-boost|p1b: Indeedee|spd|1|[from] item: Psychic Seed
|turn|1
|
|t:|1756585100
|switch|p2b: Rillaboom|Rillaboom, L50, M|100/100
|-fieldstart|move: Grassy Terrain|[from] ability: Grassy Surge|[of] p2b: Rillaboom
|-terastallize|p2a: Gholdengo|Steel
|-terastallize|p1b: Indeedee|Water
|move|p1b: Indeedee|Follow Me|p1b: Indeedee
|-singleturn|p1b: Indeedee|move: Follow Me
|move|p2a: Gholdengo|Make It Rain|p1b: Indeedee|[spread] p1a,p1b
|-supereffective|p1a: Hatterene
|-resisted|p1b: Indeedee
|-crit|p1b: Indeedee
|-damage|p1a: Hatterene|0 fnt
|-damage|p1b: Indeedee|60/100
|-unboost|p2a: Gholdengo|spa|1
|faint|p1a: Hatterene
|
|-heal|p1b: Indeedee|66/100|[from] Grassy Terrain
|upkeep
|
|t:|1756585148
|switch|p1a: Ursaluna|Ursaluna-Bloodmoon, L50, M|100/100
|turn|2
|
|t:|1756585175
|switch|p2a: Dragonite|Dragonite, L50, M|100/100
|move|p2b: Rillaboom|Wood Hammer|p1b: Indeedee
|-supereffective|p1b: Indeedee
|-damage|p1b: Indeedee|0 fnt
|faint|p1b: Indeedee
|-damage|p2b: Rillaboom|82/100|[from] Recoil
|move|p1a: Ursaluna|Blood Moon|p2b: Rillaboom
|-damage|p2b: Rillaboom|9/100
|
|-heal|p2b: Rillaboom|15/100|[from] Grassy Terrain
|upkeep
|-message|sam0el forfeited.
|
|win|jeanryupr
