|j|☆Il Mule
|j|☆palle synchro
|html|Il Mulepalle synchro    
|uhtml|bestof|Game 2 of a best-of-3
|t:|1756996961
|gametype|doubles
|player|p1|Il Mule|salvatore|1494
|player|p2|palle synchro|volkner|1400
|gen|9
|tier|[Gen 9] VGC 2025 Reg H (Bo3)
|rated|
|rule|Species Clause: Limit one of each Pokémon
|rule|Item Clause: Limit 1 of each item
|clearpoke
|poke|p1|Corviknight, L50, M|
|poke|p1|Garchomp, L50, M|
|poke|p1|Tyranitar, L50, M|
|poke|p1|Gholdengo, L50|
|poke|p1|Sneasler, L50, M|
|poke|p1|Incineroar, L50, M|
|poke|p2|Whimsicott, L50, F|
|poke|p2|Arcanine-Hisui, L50, F|
|poke|p2|Indeedee, L50, M|
|poke|p2|Sneasler, L50, F|
|poke|p2|Ursaluna-Bloodmoon, L50, M|
|poke|p2|Archaludon, L50, M|
|teampreview|4
|showteam|p1|Corviknight||CovertCloak|MirrorArmor|BraveBird,Taunt,Roost,Tailwind|||M|||50|,,,,,Dragon]Garchomp||ClearAmulet|RoughSkin|Earthquake,DragonClaw,StompingTantrum,Protect|||M|||50|,,,,,Fire]Tyranitar||AssaultVest|SandStream|RockSlide,KnockOff,TeraBlast,LowKick|||M|||50|,,,,,Flying]Gholdengo||LifeOrb|GoodasGold|MakeItRain,ShadowBall,NastyPlot,Protect||||||50|,,,,,Flying]Sneasler||AirBalloon|Unburden|DireClaw,CloseCombat,Coaching,Protect|||M|||50|,,,,,Ghost]Incineroar||SafetyGoggles|Intimidate|FlareBlitz,WillOWisp,PartingShot,FakeOut|||M|||50|,,,,,Ghost
|showteam|p2|Whimsicott||CovertCloak|Prankster|Moonblast,Taunt,Tailwind,FakeTears|||F|||50|,,,,,Water]Arcanine-Hisui||ClearAmulet|Intimidate|RockSlide,FlareBlitz,ExtremeSpeed,Protect|||F|||50|,,,,,Ghost]Indeedee||FocusSash|PsychicSurge|ExpandingForce,TeraBlast,Imprison,TrickRoom|||M|||50|,,,,,Psychic]Sneasler||PsychicSeed|Unburden|CloseCombat,DireClaw,ThroatChop,Protect|||F|||50|,,,,,Dark]Ursaluna-Bloodmoon||LifeOrb|MindsEye|HyperVoice,BloodMoon,EarthPower,Protect|||M|||50|,,,,,Normal]Archaludon||PowerHerb|Stalwart|ElectroShot,DragonPulse,Thunderbolt,Protect|||M|||50|,,,,,Electric
|inactive|Battle timer is ON: inactive players will automatically lose when time's up. (requested by palle synchro)
|
|t:|1756996980
|teamsize|p1|4
|teamsize|p2|4
|start
|switch|p1a: Tyranitar|Tyranitar, L50, M|100/100
|switch|p1b: Corviknight|Corviknight, L50, M, shiny|100/100
|switch|p2a: Whimsicott|Whimsicott, L50, F|100/100
|switch|p2b: Ursaluna|Ursaluna-Bloodmoon, L50, M|100/100
|-weather|Sandstorm|[from] ability: Sand Stream|[of] p1a: Tyranitar
|turn|1
|
|t:|1756997000
|switch|p2a: Archaludon|Archaludon, L50, M|100/100
|-terastallize|p1a: Tyranitar|Flying
|move|p2b: Ursaluna|Earth Power|p1a: Tyranitar
|-immune|p1a: Tyranitar
|move|p1b: Corviknight|Tailwind|p1b: Corviknight
|-sidestart|p1: Il Mule|move: Tailwind
|move|p1a: Tyranitar|Tera Blast|p2a: Archaludon|[anim] Tera Blast Flying
|-resisted|p2a: Archaludon
|-damage|p2a: Archaludon|79/100
|
|-weather|Sandstorm|[upkeep]
|-damage|p1a: Tyranitar|95/100|[from] Sandstorm
|upkeep
|turn|2
|
|t:|1756997020
|-terastallize|p2b: Ursaluna|Normal
|move|p1b: Corviknight|Brave Bird|p2b: Ursaluna
|-crit|p2b: Ursaluna
|-damage|p2b: Ursaluna|51/100
|-damage|p1b: Corviknight|85/100|[from] Recoil
|move|p1a: Tyranitar|Knock Off|p2a: Archaludon
|-damage|p2a: Archaludon|36/100
|-enditem|p2a: Archaludon|Power Herb|[from] move: Knock Off|[of] p1a: Tyranitar
|move|p2a: Archaludon|Electro Shot||[still]
|-prepare|p2a: Archaludon|Electro Shot
|-boost|p2a: Archaludon|spa|1
|move|p2b: Ursaluna|Blood Moon|p1a: Tyranitar
|-damage|p1a: Tyranitar|14/100
|-damage|p2b: Ursaluna|41/100|[from] item: Life Orb
|
|-weather|Sandstorm|[upkeep]
|-damage|p1a: Tyranitar|8/100|[from] Sandstorm
|-damage|p2b: Ursaluna|35/100|[from] Sandstorm
|upkeep
|turn|3
|inactive|Il Mule has 30 seconds left.
|
|t:|1756997046
|move|p1b: Corviknight|Brave Bird|p2b: Ursaluna
|-damage|p2b: Ursaluna|4/100
|-damage|p1b: Corviknight|75/100|[from] Recoil
|move|p1a: Tyranitar|Low Kick|p2a: Archaludon
|-supereffective|p2a: Archaludon
|-damage|p2a: Archaludon|0 fnt
|faint|p2a: Archaludon
|move|p2b: Ursaluna|Hyper Voice|p1b: Corviknight|[spread] p1a,p1b
|-resisted|p1b: Corviknight
|-damage|p1a: Tyranitar|0 fnt
|-damage|p1b: Corviknight|46/100
|faint|p1a: Tyranitar
|-damage|p2b: Ursaluna|0 fnt|[from] item: Life Orb
|faint|p2b: Ursaluna
|
|-weather|Sandstorm|[upkeep]
|upkeep
|-message|palle synchro forfeited.
|
|win|Il Mule
|raw|Il Mule's rating: 1494 → 1509(+15 for winning)
|raw|palle synchro's rating: 1400 → 1385(-15 for losing)
|l|☆palle synchro
|player|p2|
|l|☆Il Mule
|player|p1|
|j|☆palle synchro
|player|p2|palle synchro|volkner|
