|j|☆tryson69
|j|☆Somthing123
|html|tryson69Somthing123    
|uhtml|bestof|Game 2 of a best-of-3
|t:|1756729693
|gametype|doubles
|player|p1|tryson69|crasherwake|1200
|player|p2|Somthing123|crasherwake|1112
|gen|9
|tier|[Gen 9] VGC 2025 Reg H (Bo3)
|rated|
|rule|Species Clause: Limit one of each Pokémon
|rule|Item Clause: Limit 1 of each item
|clearpoke
|poke|p1|Typhlosion-Hisui, L50, M|
|poke|p1|Rillaboom, L50, M|
|poke|p1|Primarina, L50, F|
|poke|p1|Archaludon, L50, F|
|poke|p1|Whimsicott, L50, F|
|poke|p1|Pelipper, L50, M|
|poke|p2|Rillaboom, L50, M|
|poke|p2|Primarina, L50, M|
|poke|p2|Garchomp, L50, M|
|poke|p2|Blaziken, L50, M|
|poke|p2|Meowscarada, L50, M|
|poke|p2|Whimsicott, L50, F|
|teampreview|4
|showteam|p1|Typhlosion-Hisui||ChoiceScarf|Blaze|Eruption,HeatWave,Overheat,ShadowBall|||M|||50|,,,,,Fire]Rillaboom||AssaultVest|GrassySurge|WoodHammer,GrassyGlide,HighHorsepower,FakeOut|||M|||50|,,,,,Fire]Primarina||ThroatSpray|LiquidVoice|HyperVoice,Moonblast,Haze,Protect|||F|||50|,,,,,Poison]Archaludon||Leftovers|Stamina|ElectroShot,BodyPress,Protect,DracoMeteor|||F|||50|,,,,,Grass]Whimsicott||CovertCloak|Prankster|Tailwind,Taunt,Moonblast,SunnyDay|||F|||50|,,,,,Water]Pelipper||FocusSash|Drizzle|WeatherBall,Hurricane,WideGuard,Protect|||M|||50|,,,,,Steel
|showteam|p2|Rillaboom||AssaultVest|GrassySurge|FakeOut,GrassPledge,WoodHammer,DrumBeating|||M|||50|,,,,,Grass]Primarina||LifeOrb|LiquidVoice|WaterPledge,HyperVoice,Moonblast,Protect|||M|||50|,,,,,Water]Garchomp||ChoiceBand|RoughSkin|RockSlide,Crunch,DragonClaw,Earthquake|||M|||50|,,,,,Dragon]Blaziken||ClearAmulet|SpeedBoost|FlareBlitz,Protect,CloseCombat,FirePledge|||M|||50|,,,,,Fire]Meowscarada||FocusSash|Protean|Protect,GrassPledge,FlowerTrick,SuckerPunch|||M|||50|,,,,,Grass]Whimsicott||CovertCloak|Prankster|Taunt,Encore,Tailwind,Protect|||F|||50|,,,,,Grass
|inactive|Battle timer is ON: inactive players will automatically lose when time's up. (requested by Somthing123)
|
|t:|1756729727
|teamsize|p1|4
|teamsize|p2|4
|start
|switch|p1a: Pelipper|Pelipper, L50, M|100/100
|switch|p1b: Archaludon|Archaludon, L50, F|100/100
|switch|p2a: Primarina|Primarina, L50, M|100/100
|switch|p2b: Meowscarada|Meowscarada, L50, M|100/100
|-weather|RainDance|[from] ability: Drizzle|[of] p1a: Pelipper
|turn|1
|
|t:|1756729752
|move|p2b: Meowscarada|Grass Pledge|p1a: Pelipper
|-waiting|p2b: Meowscarada|p2a: Primarina
|move|p2a: Primarina|Water Pledge|p1a: Pelipper|[from] move: Grass Pledge
|-combine
|-enditem|p1a: Pelipper|Focus Sash
|-damage|p1a: Pelipper|1/100
|-sidestart|p1: tryson69|Grass Pledge
|-damage|p2a: Primarina|91/100|[from] item: Life Orb
|move|p1a: Pelipper|Hurricane|p2b: Meowscarada
|-supereffective|p2b: Meowscarada
|-enditem|p2b: Meowscarada|Focus Sash
|-damage|p2b: Meowscarada|1/100
|move|p1b: Archaludon|Electro Shot||[still]
|-prepare|p1b: Archaludon|Electro Shot
|-boost|p1b: Archaludon|spa|1
|-anim|p1b: Archaludon|Electro Shot|p2a: Primarina
|-supereffective|p2a: Primarina
|-damage|p2a: Primarina|0 fnt
|faint|p2a: Primarina
|
|-weather|RainDance|[upkeep]
|upkeep
|
|t:|1756729769
|switch|p2a: Blaziken|Blaziken, L50, M|100/100
|turn|2
|
|t:|1756729785
|-terastallize|p1b: Archaludon|Grass
|move|p2b: Meowscarada|Sucker Punch|p1a: Pelipper
|-start|p2b: Meowscarada|typechange|Dark|[from] ability: Protean
|-damage|p1a: Pelipper|0 fnt
|faint|p1a: Pelipper
|move|p2a: Blaziken|Close Combat|p1b: Archaludon
|-damage|p1b: Archaludon|56/100
|-unboost|p2a: Blaziken|def|1
|-unboost|p2a: Blaziken|spd|1
|-ability|p1b: Archaludon|Stamina|boost
|-boost|p1b: Archaludon|def|1
|move|p1b: Archaludon|Electro Shot||[still]
|-prepare|p1b: Archaludon|Electro Shot
|-boost|p1b: Archaludon|spa|1
|-anim|p1b: Archaludon|Electro Shot|p2b: Meowscarada
|-damage|p2b: Meowscarada|0 fnt
|faint|p2b: Meowscarada
|
|-weather|RainDance|[upkeep]
|-heal|p1b: Archaludon|62/100|[from] item: Leftovers
|-ability|p2a: Blaziken|Speed Boost|boost
|-boost|p2a: Blaziken|spe|1
|upkeep
|
|t:|1756729805
|switch|p2b: Rillaboom|Rillaboom, L50, M|100/100
|switch|p1a: Primarina|Primarina, L50, F|100/100
|-fieldstart|move: Grassy Terrain|[from] ability: Grassy Surge|[of] p2b: Rillaboom
|turn|3
|
|t:|1756729828
|-terastallize|p2a: Blaziken|Fire
|move|p1a: Primarina|Protect|p1a: Primarina
|-singleturn|p1a: Primarina|Protect
|move|p2a: Blaziken|Flare Blitz|p1b: Archaludon
|-supereffective|p1b: Archaludon
|-damage|p1b: Archaludon|23/100
|-ability|p1b: Archaludon|Stamina|boost
|-boost|p1b: Archaludon|def|1
|-damage|p2a: Blaziken|84/100|[from] Recoil
|move|p2b: Rillaboom|Wood Hammer|p1a: Primarina
|-activate|p1a: Primarina|move: Protect
|move|p1b: Archaludon|Electro Shot||[still]
|-prepare|p1b: Archaludon|Electro Shot
|-boost|p1b: Archaludon|spa|1
|-anim|p1b: Archaludon|Electro Shot|p2a: Blaziken
|-damage|p2a: Blaziken|0 fnt
|faint|p2a: Blaziken
|
|-weather|RainDance|[upkeep]
|-heal|p1b: Archaludon|29/100|[from] Grassy Terrain
|-heal|p1b: Archaludon|36/100|[from] item: Leftovers
|upkeep
|turn|4
|-message|Somthing123 forfeited.
|
|win|tryson69
|raw|tryson69's rating: 1200 → 1219(+19 for winning)
|raw|Somthing123's rating: 1112 → 1093(-19 for losing)
|l|☆Somthing123
|player|p2|
