|j|☆FunkleVGC
|j|☆Goku Jr Sr
|html|FunkleVGCGoku Jr Sr    
|uhtml|bestof|Game 1 of a best-of-3
|t:|1784214363
|gametype|doubles
|player|p1|FunkleVGC|fisherman-gen4|1107
|player|p2|Goku Jr Sr|170|1055
|gen|9
|tier|[Gen 9 Champions] VGC 2026 Reg M-B (Bo3)
|rated|
|rule|Species Clause: Limit one of each Pokémon
|rule|Item Clause: Limit 1 of each item
|clearpoke
|poke|p1|Whimsicott, L50, F|
|poke|p1|Typhlosion-Hisui, L50, F|
|poke|p1|Farigiraf, L50, M|
|poke|p1|Floette-Eternal, L50, F|
|poke|p1|Garchomp, L50, M|
|poke|p1|Incineroar, L50, F|
|poke|p2|Staraptor, L50, M|
|poke|p2|Farigiraf, L50, F|
|poke|p2|Whimsicott, L50, M|
|poke|p2|Garchomp, L50, F|
|poke|p2|Metagross, L50|
|poke|p2|Ceruledge, L50, F|
|teampreview|4
|showteam|p1|Whimsicott||FocusSash|Prankster|Moonblast,Tailwind,Encore,SunnyDay|Timid||F|||50|]Typhlosion-Hisui||ChoiceScarf|Blaze|HeatWave,Eruption,Overheat,ShadowBall|Modest||F|||50|]Farigiraf||SitrusBerry|ArmorTail|Protect,Psychic,TrickRoom,HelpingHand|Bold||M|||50|]Floette-Eternal||Floettite|FlowerVeil|Moonblast,LightofRuin,DazzlingGleam,Protect|Modest||F|||50|]Garchomp||LifeOrb|RoughSkin|Protect,StompingTantrum,DragonClaw,RockSlide|Jolly||M|||50|]Incineroar||Charcoal|Intimidate|PartingShot,ThroatChop,FlareBlitz,FakeOut|Impish||F|||50|
|showteam|p2|Staraptor||Staraptite|Intimidate|BraveBird,CloseCombat,Roost,Protect|Jolly||M|||50|]Farigiraf||SitrusBerry|ArmorTail|TrickRoom,HelpingHand,Psychic,Thunderbolt|Bold||F|||50|]Whimsicott||FocusSash|Prankster|Moonblast,Charm,Tailwind,Encore|Timid||M|||50|]Garchomp||LifeOrb|RoughSkin|StompingTantrum,Protect,RockSlide,DragonClaw|Jolly||F|||50|]Metagross||Metagrossite|ClearBody|Protect,IcePunch,PsychicFangs,StompingTantrum|Serious|||||50|]Ceruledge||ColburBerry|FlashFire|BulkUp,BitterBlade,ShadowSneak,Protect|Adamant||F|||50|
|inactive|Battle timer is ON: inactive players will automatically lose when time's up. (requested by Goku Jr Sr)
|inactive|FunkleVGC has 60 seconds left.
|
|t:|1784214411
|teamsize|p1|4
|teamsize|p2|4
|start
|switch|p1a: Whimsicott|Whimsicott, L50, F|100/100
|switch|p1b: Garchomp|Garchomp, L50, M|100/100
|switch|p2a: Farigiraf|Farigiraf, L50, F|100/100
|switch|p2b: Ceruledge|Ceruledge, L50, F|100/100
|turn|1
|
|t:|1784214434
|switch|p1a: Incineroar|Incineroar, L50, F|100/100
|-ability|p1a: Incineroar|Intimidate|boost
|-unboost|p2a: Farigiraf|atk|1
|-unboost|p2b: Ceruledge|atk|1
|move|p2b: Ceruledge|Protect|p2b: Ceruledge
|-singleturn|p2b: Ceruledge|Protect
|move|p1b: Garchomp|Stomping Tantrum|p2b: Ceruledge
|-activate|p2b: Ceruledge|move: Protect
|move|p2a: Farigiraf|Trick Room|p2a: Farigiraf
|-fieldstart|move: Trick Room|[of] p2a: Farigiraf
|
|upkeep
|turn|2
|inactive|Goku Jr Sr has 30 seconds left.
|inactive|Goku Jr Sr has 20 seconds left.
|inactive|Goku Jr Sr has 15 seconds left.
|inactive|Goku Jr Sr has 10 seconds left.
|inactive|Goku Jr Sr has 5 seconds left.
|l|☆Goku Jr Sr
|inactive|Goku Jr Sr disconnected and has a minute to reconnect!
|player|p2|
|-message|Goku Jr Sr lost due to inactivity.
|
|win|FunkleVGC
