|j|☆veryreally
|j|☆Blitzball Ace
|html|veryreallyBlitzball Ace    
|uhtml|bestof|Game 3 of a best-of-3
|t:|1756912722
|gametype|doubles
|player|p1|veryreally|169|1168
|player|p2|Blitzball Ace|kamado-armor|1283
|gen|9
|tier|[Gen 9] VGC 2025 Reg H (Bo3)
|rated|
|rule|Species Clause: Limit one of each Pokémon
|rule|Item Clause: Limit 1 of each item
|clearpoke
|poke|p1|Baxcalibur, L50, F|
|poke|p1|Dondozo, L50, M|
|poke|p1|Kingambit, L50, M|
|poke|p1|Rillaboom, L50, M|
|poke|p1|Sneasler, L50, F|
|poke|p1|Volcarona, L50, M|
|poke|p2|Porygon2, L50|
|poke|p2|Incineroar, L50, F|
|poke|p2|Ursaluna, L50, F|
|poke|p2|Amoonguss, L50, M|
|poke|p2|Gholdengo, L50|
|poke|p2|Dragonite, L50, M|
|teampreview|4
|showteam|p1|Baxcalibur||LoadedDice|ThermalExchange|IcicleSpear,ScaleShot,Protect,IceShard|||F|||50|,,,,,Ghost]Dondozo||Leftovers|Unaware|Liquidation,Fissure,Protect,Yawn|||M|||50|,,,,,Bug]Kingambit||SafetyGoggles|Defiant|KowtowCleave,SuckerPunch,Protect,SwordsDance|||M|||50|,,,,,Dark]Rillaboom||AssaultVest|GrassySurge|FakeOut,GrassyGlide,HighHorsepower,WoodHammer|||M|||50|,,,,,Water]Sneasler||FocusSash|Unburden|DireClaw,CloseCombat,Protect,Coaching|||F|||50|,,,,,Stellar]Volcarona||CovertCloak|FlameBody|HeatWave,TeraBlast,RagePowder,QuiverDance|||M|||50|,,,,,Fairy
|showteam|p2|Porygon2||Eviolite|Download|TeraBlast,IceBeam,Recover,TrickRoom||||||50|,,,,,Fighting]Incineroar||SafetyGoggles|Intimidate|FakeOut,KnockOff,FlareBlitz,PartingShot|||F|||50|,,,,,Ghost]Ursaluna||FlameOrb|Guts|HeadlongRush,Facade,Earthquake,Protect|||F|||50|,,,,,Ghost]Amoonguss||SitrusBerry|Regenerator|PollenPuff,Spore,RagePowder,Protect|||M|||50|,,,,,Water]Gholdengo||LifeOrb|GoodasGold|MakeItRain,ShadowBall,NastyPlot,Protect||||||50|,,,,,Dragon]Dragonite||LoadedDice|Multiscale|ScaleShot,Haze,Tailwind,Protect|||M|||50|,,,,,Steel
|inactive|Battle timer is ON: inactive players will automatically lose when time's up. (requested by veryreally)
|
|t:|1756912742
|teamsize|p1|4
|teamsize|p2|4
|start
|switch|p1a: Sneasler|Sneasler, L50, F|100/100
|switch|p1b: Baxcalibur|Baxcalibur, L50, F|100/100
|switch|p2a: Gholdengo|Gholdengo, L50, shiny|100/100
|switch|p2b: Porygon2|Porygon2, L50, shiny|100/100
|-ability|p2b: Porygon2|Download|boost
|-boost|p2b: Porygon2|atk|1
|turn|1
|
|t:|1756912766
|switch|p1b: Dondozo|Dondozo, L50, M|100/100
|switch|p2b: Amoonguss|Amoonguss, L50, M, shiny|100/100
|move|p1a: Sneasler|Coaching|p1b: Dondozo
|-boost|p1b: Dondozo|atk|1
|-boost|p1b: Dondozo|def|1
|move|p2a: Gholdengo|Nasty Plot|p2a: Gholdengo
|-boost|p2a: Gholdengo|spa|2
|
|upkeep
|turn|2
|
|t:|1756912788
|move|p1a: Sneasler|Dire Claw|p2b: Amoonguss
|-damage|p2b: Amoonguss|69/100
|move|p2a: Gholdengo|Nasty Plot|p2a: Gholdengo
|-boost|p2a: Gholdengo|spa|2
|move|p1b: Dondozo|Yawn|p2b: Amoonguss
|-start|p2b: Amoonguss|move: Yawn|[of] p1b: Dondozo
|move|p2b: Amoonguss|Spore|p1b: Dondozo
|-status|p1b: Dondozo|slp|[from] move: Spore
|
|upkeep
|turn|3
|inactive|Blitzball Ace has 30 seconds left.
|
|t:|1756912816
|switch|p2b: Ursaluna|Ursaluna, L50, F, shiny|100/100
|move|p1a: Sneasler|Protect|p1a: Sneasler
|-singleturn|p1a: Sneasler|Protect
|move|p2a: Gholdengo|Shadow Ball|p1b: Dondozo
|-damage|p1b: Dondozo|65/100 slp
|-damage|p2a: Gholdengo|91/100|[from] item: Life Orb
|cant|p1b: Dondozo|slp
|
|-heal|p1b: Dondozo|71/100 slp|[from] item: Leftovers
|-status|p2b: Ursaluna|brn|[from] item: Flame Orb
|upkeep
|turn|4
|inactive|Blitzball Ace has 30 seconds left.
|
|t:|1756912843
|switch|p2b: Amoonguss|Amoonguss, L50, M, shiny|100/100
|move|p1a: Sneasler|Coaching|p1b: Dondozo
|-boost|p1b: Dondozo|atk|1
|-boost|p1b: Dondozo|def|1
|move|p2a: Gholdengo|Shadow Ball|p1b: Dondozo
|-damage|p1b: Dondozo|37/100 slp
|-damage|p2a: Gholdengo|81/100|[from] item: Life Orb
|cant|p1b: Dondozo|slp
|
|-heal|p1b: Dondozo|43/100 slp|[from] item: Leftovers
|upkeep
|turn|5
|inactive|Blitzball Ace has 30 seconds left.
|inactive|Blitzball Ace has 20 seconds left.
|
|t:|1756912880
|move|p2b: Amoonguss|Rage Powder|p2b: Amoonguss
|-singleturn|p2b: Amoonguss|move: Rage Powder
|move|p1a: Sneasler|Dire Claw|p2b: Amoonguss
|-damage|p2b: Amoonguss|68/100
|move|p2a: Gholdengo|Make It Rain|p1a: Sneasler|[spread] p1a,p1b
|-resisted|p1b: Dondozo
|-enditem|p1a: Sneasler|Focus Sash
|-damage|p1a: Sneasler|1/100
|-damage|p1b: Dondozo|22/100 slp
|-unboost|p2a: Gholdengo|spa|1
|-damage|p2a: Gholdengo|71/100|[from] item: Life Orb
|cant|p1b: Dondozo|slp
|
|-heal|p1b: Dondozo|28/100 slp|[from] item: Leftovers
|upkeep
|turn|6
|-message|veryreally forfeited.
|
|win|Blitzball Ace
|raw|veryreally's rating: 1168 → 1151(-17 for losing)
|raw|Blitzball Ace's rating: 1283 → 1300(+17 for winning)
|l|☆veryreally
|player|p1|
