|j|☆TobiYume
|j|☆H3NRG
|html|TobiYumeH3NRG    
|uhtml|bestof|Game 3 of a best-of-3
|t:|1756922655
|gametype|doubles
|player|p1|TobiYume|roxie|1121
|player|p2|H3NRG|cynthia|1035
|gen|9
|tier|[Gen 9] VGC 2025 Reg H (Bo3)
|rated|
|rule|Species Clause: Limit one of each Pokémon
|rule|Item Clause: Limit 1 of each item
|clearpoke
|poke|p1|Garchomp, L50, M|
|poke|p1|Talonflame, L50, F|
|poke|p1|Sylveon, L50, F|
|poke|p1|Tyranitar, L50, M|
|poke|p1|Decidueye-Hisui, L50, F|
|poke|p1|Gholdengo, L50|
|poke|p2|Gallade, L50, M|
|poke|p2|Exeggutor, L50, F|
|poke|p2|Zoroark-Hisui, L50, M|
|poke|p2|Ursaluna, L50, M|
|poke|p2|Torkoal, L50, F|
|poke|p2|Indeedee-F, L50, F|
|teampreview|4
|showteam|p1|Garchomp||LifeOrb|RoughSkin|DragonClaw,StompingTantrum,Earthquake,Protect|||M|||50|,,,,,Steel]Talonflame||CovertCloak|GaleWings|Tailwind,WillOWisp,BraveBird,Taunt|||F|||50|,,,,,Grass]Sylveon||ThroatSpray|Pixilate|HyperVoice,HyperBeam,TeraBlast,Protect|||F|||50|,,,,,Water]Tyranitar||AssaultVest|SandStream|RockSlide,KnockOff,TeraBlast,LowKick|||M|||50|,,,,,Flying]Decidueye-Hisui||RazorClaw|Scrappy|TripleArrows,LeafBlade,SuckerPunch,Protect|||F|||50|,,,,,Fire]Gholdengo||Leftovers|GoodasGold|MakeItRain,ShadowBall,NastyPlot,Protect||||||50|,,,,,Dragon
|showteam|p2|Gallade||ClearAmulet|Sharpness|PsychoCut,TrickRoom,WideGuard,SacredSword|||M|||50|,,,,,Fire]Exeggutor||FocusSash|Chlorophyll|TrickRoom,ExpandingForce,EnergyBall,SleepPowder|||F|||50|,,,,,Psychic]Zoroark-Hisui||ChoiceSpecs|Illusion|HyperVoice,Flamethrower,ShadowBall,TeraBlast|||M|||50|,,,,,Stellar]Ursaluna||FlameOrb|Guts|Facade,Protect,HeadlongRush,Earthquake|||M|||50|,,,,,Ghost]Torkoal||Charcoal|Drought|Eruption,ClearSmog,Protect,WeatherBall|||F|||50|,,,,,Fire]Indeedee-F||PsychicSeed|PsychicSurge|TrickRoom,FollowMe,Psychic,HelpingHand|||F|||50|,,,,,Grass
|inactive|Battle timer is ON: inactive players will automatically lose when time's up. (requested by TobiYume)
|
|t:|1756922670
|teamsize|p1|4
|teamsize|p2|4
|start
|switch|p1a: Lloyd|Garchomp, L50, M|100/100
|switch|p1b: Randy|Tyranitar, L50, M|100/100
|switch|p2a: Gallade|Gallade, L50, M|100/100
|switch|p2b: Indeedee|Indeedee-F, L50, F|100/100
|-fieldstart|move: Psychic Terrain|[from] ability: Psychic Surge|[of] p2b: Indeedee
|-enditem|p2b: Indeedee|Psychic Seed
|-boost|p2b: Indeedee|spd|1|[from] item: Psychic Seed
|-weather|Sandstorm|[from] ability: Sand Stream|[of] p1b: Randy
|turn|1
|
|t:|1756922685
|-terastallize|p1b: Randy|Flying
|move|p2a: Gallade|Wide Guard|p2a: Gallade
|-singleturn|p2a: Gallade|Wide Guard
|move|p1a: Lloyd|Earthquake|p2a: Gallade|[spread] 
|-activate|p2a: Gallade|move: Wide Guard
|-activate|p2b: Indeedee|move: Wide Guard
|-immune|p1b: Randy
|move|p1b: Randy|Rock Slide|p2a: Gallade|[spread] 
|-activate|p2a: Gallade|move: Wide Guard
|-activate|p2b: Indeedee|move: Wide Guard
|move|p2b: Indeedee|Trick Room|p2b: Indeedee
|-fieldstart|move: Trick Room|[of] p2b: Indeedee
|
|-weather|Sandstorm|[upkeep]
|-damage|p2a: Gallade|95/100|[from] Sandstorm
|-damage|p1b: Randy|94/100|[from] Sandstorm
|-damage|p2b: Indeedee|94/100|[from] Sandstorm
|upkeep
|turn|2
|
|t:|1756922706
|move|p2b: Indeedee|Helping Hand|p2a: Gallade
|-singleturn|p2a: Gallade|Helping Hand|[of] p2b: Indeedee
|move|p2a: Gallade|Psycho Cut|p1b: Randy
|-damage|p1b: Randy|5/100
|move|p1b: Randy|Rock Slide|p2a: Gallade|[spread] p2a,p2b
|-resisted|p2a: Gallade
|-damage|p2a: Gallade|71/100
|-damage|p2b: Indeedee|65/100
|move|p1a: Lloyd|Earthquake|p2b: Indeedee|[spread] p2a,p2b
|-immune|p1b: Randy
|-damage|p2a: Gallade|0 fnt
|-damage|p2b: Indeedee|21/100
|faint|p2a: Gallade
|-damage|p1a: Lloyd|91/100|[from] item: Life Orb
|
|-weather|Sandstorm|[upkeep]
|-damage|p1b: Randy|0 fnt|[from] Sandstorm
|-damage|p2b: Indeedee|15/100|[from] Sandstorm
|faint|p1b: Randy
|upkeep
|
|t:|1756922723
|switch|p2a: Torkoal|Torkoal, L50, F|100/100
|switch|p1b: Tio|Sylveon, L50, F, shiny|100/100
|-weather|SunnyDay|[from] ability: Drought|[of] p2a: Torkoal
|turn|3
|
|t:|1756922739
|-terastallize|p2a: Torkoal|Fire
|move|p2b: Indeedee|Helping Hand|p2a: Torkoal
|-singleturn|p2a: Torkoal|Helping Hand|[of] p2b: Indeedee
|move|p1b: Tio|Protect|p1b: Tio
|-singleturn|p1b: Tio|Protect
|move|p2a: Torkoal|Eruption|p1b: Tio|[spread] p1a
|-activate|p1b: Tio|move: Protect
|-resisted|p1a: Lloyd
|-damage|p1a: Lloyd|0 fnt
|faint|p1a: Lloyd
|
|-weather|SunnyDay|[upkeep]
|upkeep
|
|t:|1756922743
|switch|p1a: Elie|Talonflame, L50, F|100/100
|turn|4
|
|t:|1756922754
|move|p2b: Indeedee|Helping Hand|p2a: Torkoal
|-singleturn|p2a: Torkoal|Helping Hand|[of] p2b: Indeedee
|move|p2a: Torkoal|Eruption|p1b: Tio|[spread] p1a,p1b
|-resisted|p1a: Elie
|-damage|p1a: Elie|0 fnt
|-damage|p1b: Tio|0 fnt
|faint|p1a: Elie
|faint|p1b: Tio
|
|win|H3NRG
|raw|TobiYume's rating: 1121 → 1090(-31 for losing)
|raw|H3NRG's rating: 1035 → 1078(+43 for winning)
|c|☆H3NRG|gg
|l|☆H3NRG
|player|p2|
