|j|☆HasselFreeVGC
|j|☆MoldyDolphin
|html|HasselFreeVGCMoldyDolphin    
|uhtml|bestof|Game 1 of a best-of-3
|t:|1756675168
|gametype|doubles
|player|p1|HasselFreeVGC|hassel|1179
|player|p2|MoldyDolphin|marlon|1123
|gen|9
|tier|[Gen 9] VGC 2025 Reg H (Bo3)
|rated|
|rule|Species Clause: Limit one of each Pokémon
|rule|Item Clause: Limit 1 of each item
|clearpoke
|poke|p1|Samurott-Hisui, L50, M|
|poke|p1|Magmar, L50, M|
|poke|p1|Gholdengo, L50|
|poke|p1|Dragonite, L50, M|
|poke|p1|Annihilape, L50, M|
|poke|p1|Ninetales-Alola, L50, F|
|poke|p2|Dragonite, L50, M|
|poke|p2|Clefable, L50, F|
|poke|p2|Dondozo, L50, M|
|poke|p2|Annihilape, L50, F|
|poke|p2|Kingambit, L50, F|
|poke|p2|Tatsugiri, L50, M|
|teampreview|4
|showteam|p1|Samurott-Hisui||ScopeLens|Sharpness|AquaCutter,NightSlash,SacredSword,Protect|||M|||50|,,,,,Poison]Magmar||Eviolite|VitalSpirit|HeatWave,ClearSmog,FollowMe,Protect|||M|||50|,,,,,Grass]Gholdengo||LifeOrb|GoodasGold|MakeItRain,ShadowBall,NastyPlot,Protect||||||50|,,,,,Water]Dragonite||LoadedDice|Multiscale|ScaleShot,StompingTantrum,Tailwind,Protect|||M|||50|,,,,,Steel]Annihilape||SafetyGoggles|Defiant|CloseCombat,RageFist,FinalGambit,Coaching|||M|||50|,,,,,Water]Ninetales-Alola||FocusSash|SnowWarning|Blizzard,IcyWind,Encore,AuroraVeil|||F|||50|,,,,,Ghost
|showteam|p2|Dragonite||AssaultVest|InnerFocus|StompingTantrum,ExtremeSpeed,IceSpinner,TeraBlast|||M|||50|,,,,,Flying]Clefable||SafetyGoggles|Unaware|Moonblast,Protect,HelpingHand,FollowMe|||F|||50|,,,,,Steel]Dondozo||Leftovers|Unaware|Earthquake,WaveCrash,Protect,OrderUp|||M|||50|,,,,,Grass]Annihilape||ChoiceScarf|Defiant|FinalGambit,CloseCombat,Coaching,Uturn|||F|||50|,,,,,Grass]Kingambit||BlackGlasses|Defiant|Protect,SuckerPunch,IronHead,KowtowCleave|||F|||50|,,,,,Dark]Tatsugiri||FocusSash|Commander|DracoMeteor,Protect,Taunt,MuddyWater|||M|||50|,,,,,Steel
|inactive|Battle timer is ON: inactive players will automatically lose when time's up. (requested by MoldyDolphin)
|inactive|HasselFreeVGC has 60 seconds left.
|inactive|HasselFreeVGC has 30 seconds left.
|inactive|HasselFreeVGC has 20 seconds left.
|inactive|HasselFreeVGC has 15 seconds left.
|inactive|HasselFreeVGC has 10 seconds left.
|
|t:|1756675249
|teamsize|p1|4
|teamsize|p2|4
|start
|switch|p1a: Annihilape|Annihilape, L50, M|100/100
|switch|p1b: Ninetales|Ninetales-Alola, L50, F|100/100
|switch|p2a: Dragonite|Dragonite, L50, M|100/100
|switch|p2b: Annihilape|Annihilape, L50, F|100/100
|-weather|Snowscape|[from] ability: Snow Warning|[of] p1b: Ninetales
|turn|1
|inactive|HasselFreeVGC has 30 seconds left.
|inactive|MoldyDolphin has 30 seconds left.
|inactive|MoldyDolphin has 20 seconds left.
|inactive|MoldyDolphin has 15 seconds left.
|
|t:|1756675294
|switch|p2a: Tatsugiri|Tatsugiri, L50, M|100/100
|move|p2b: Annihilape|Final Gambit|p1b: Ninetales
|-enditem|p1b: Ninetales|Focus Sash
|-damage|p1b: Ninetales|1/100
|faint|p2b: Annihilape
|move|p1b: Ninetales|Blizzard|p2a: Tatsugiri
|-damage|p2a: Tatsugiri|45/100
|move|p1a: Annihilape|Rage Fist|p2a: Tatsugiri
|-damage|p2a: Tatsugiri|5/100
|
|-weather|Snowscape|[upkeep]
|upkeep
|
|t:|1756675311
|switch|p2b: Dondozo|Dondozo, L50, M|100/100
|-activate|p2a: Tatsugiri|ability: Commander|[of] p2b: Dondozo
|-boost|p2b: Dondozo|atk|2
|-boost|p2b: Dondozo|spa|2
|-boost|p2b: Dondozo|spe|2
|-boost|p2b: Dondozo|def|2
|-boost|p2b: Dondozo|spd|2
|turn|2
|
|t:|1756675330
|move|p1b: Ninetales|Aurora Veil|p1b: Ninetales
|-sidestart|p1: HasselFreeVGC|move: Aurora Veil
|move|p2b: Dondozo|Earthquake|p1b: Ninetales|[spread] p1a,p1b
|-miss|p2b: Dondozo|p2a: Tatsugiri
|-damage|p1a: Annihilape|72/100
|-damage|p1b: Ninetales|0 fnt
|faint|p1b: Ninetales
|move|p1a: Annihilape|Final Gambit|p2b: Dondozo
|-damage|p2b: Dondozo|42/100
|faint|p1a: Annihilape
|
|-weather|Snowscape|[upkeep]
|-heal|p2b: Dondozo|49/100|[from] item: Leftovers
|upkeep
|
|t:|1756675338
|switch|p1b: Gholdengo|Gholdengo, L50|100/100
|switch|p1a: Samurott|Samurott-Hisui, L50, M, shiny|100/100
|turn|3
|
|t:|1756675351
|-terastallize|p1b: Gholdengo|Water
|move|p2b: Dondozo|Earthquake|p1b: Gholdengo|[spread] p1a,p1b
|-miss|p2b: Dondozo|p2a: Tatsugiri
|-damage|p1a: Samurott|73/100
|-damage|p1b: Gholdengo|73/100
|move|p1b: Gholdengo|Nasty Plot|p1b: Gholdengo
|-boost|p1b: Gholdengo|spa|2
|move|p1a: Samurott|Night Slash|p2b: Dondozo
|-crit|p2b: Dondozo
|-damage|p2b: Dondozo|0 fnt
|faint|p2b: Dondozo
|
|-weather|Snowscape|[upkeep]
|upkeep
|
|t:|1756675363
|switch|p2b: Dragonite|Dragonite, L50, M|100/100
|turn|4
|inactive|MoldyDolphin has 30 seconds left.
|inactive|MoldyDolphin has 20 seconds left.
|inactive|MoldyDolphin has 15 seconds left.
|inactive|MoldyDolphin has 10 seconds left.
|inactive|MoldyDolphin has 5 seconds left.
|
|t:|1756675418
|move|p1b: Gholdengo|Make It Rain|p2b: Dragonite|[spread] p2a,p2b
|-resisted|p2a: Tatsugiri
|-crit|p2a: Tatsugiri
|-crit|p2b: Dragonite
|-damage|p2a: Tatsugiri|0 fnt
|-damage|p2b: Dragonite|0 fnt
|-unboost|p1b: Gholdengo|spa|1
|faint|p2a: Tatsugiri
|faint|p2b: Dragonite
|-damage|p1b: Gholdengo|64/100|[from] item: Life Orb
|
|win|HasselFreeVGC
||HasselFreeVGC is ready for game 2.
|inactive|MoldyDolphin has 30 seconds to confirm battle start!
||MoldyDolphin is ready for game 2.
|uhtml|next|Next: Game 2 of 3
|l|☆MoldyDolphin
|player|p2|
