|j|☆gobblemyflobble
|j|☆itsuduka
|html|gobblemyflobbleitsuduka    
|uhtml|bestof|Game 1 of a best-of-3
|t:|1782747966
|gametype|doubles
|player|p1|gobblemyflobble|101|1027
|player|p2|itsuduka|cheryl|1054
|gen|9
|tier|[Gen 9 Champions] VGC 2026 Reg M-B (Bo3)
|rated|
|rule|Species Clause: Limit one of each Pokémon
|rule|Item Clause: Limit 1 of each item
|clearpoke
|poke|p1|Swampert, L50, M|
|poke|p1|Gengar, L50, F|
|poke|p1|Politoed, L50, F|
|poke|p1|Hydreigon, L50, M|
|poke|p1|Archaludon, L50, F|
|poke|p1|Incineroar, L50, M|
|poke|p2|Blaziken, L50, M|
|poke|p2|Whimsicott, L50, F|
|poke|p2|Garchomp, L50, M|
|poke|p2|Kingambit, L50, M|
|poke|p2|Froslass, L50, F|
|poke|p2|Sylveon, L50, F|
|teampreview|4
|showteam|p1|Swampert||Swampertite|Torrent|Protect,WaveCrash,HighHorsepower,KnockOff|Adamant||M|||50|]Gengar||Gengarite|CursedBody|PerishSong,Disable,SludgeBomb,Protect|Modest||F|||50|]Politoed||Leftovers|Drizzle|WeatherBall,IceBeam,PerishSong,Protect|Quiet||F|||50|]Hydreigon||ChoiceScarf|Levitate|DracoMeteor,Snarl,DarkPulse,Tailwind|Timid||M|||50|]Archaludon||ChopleBerry|Stamina|ElectroShot,FlashCannon,DragonPulse,Protect|Timid||F|||50|]Incineroar||SitrusBerry|Intimidate|ThroatChop,PartingShot,Protect,FakeOut|Impish||M|||50|
|showteam|p2|Blaziken||Blazikenite|SpeedBoost|CloseCombat,FlareBlitz,StoneEdge,Detect|Adamant||M|||50|]Whimsicott||FocusSash|Prankster|EnergyBall,Tailwind,Encore,Protect|Timid||F|||50|]Garchomp||LifeOrb|RoughSkin|DragonClaw,Earthquake,StoneEdge,Protect|Jolly||M|||50|]Kingambit||BlackGlasses|Defiant|IronHead,SuckerPunch,KowtowCleave,Protect|Adamant||M|||50|]Froslass||Froslassite|SnowCloak|Blizzard,ShadowBall,AuroraVeil,Protect|Timid||F|||50|]Sylveon||FairyFeather|Pixilate|Moonblast,HyperVoice,CalmMind,Detect|Modest||F|||50|
|inactive|Battle timer is ON: inactive players will automatically lose when time's up. (requested by itsuduka)
|inactive|gobblemyflobble also wants the timer to be on.
|inactive|gobblemyflobble has 60 seconds left.
|inactive|itsuduka has 60 seconds left.
|inactive|gobblemyflobble has 30 seconds left.
|
|t:|1782748031
|teamsize|p1|4
|teamsize|p2|4
|start
|switch|p1a: Gengar|Gengar, L50, F|100/100
|switch|p1b: Hydreigon|Hydreigon, L50, M|100/100
|switch|p2a: Garchomp|Garchomp, L50, M|100/100
|switch|p2b: Froslass|Froslass, L50, F|100/100
|turn|1
|c|☆itsuduka|tailwind choice scarf is a interesting idea
|c|☆itsuduka|might steal it
|inactive|itsuduka has 30 seconds left.
|inactive|itsuduka has 20 seconds left.
|inactive|itsuduka has 15 seconds left.
|inactive|itsuduka has 10 seconds left.
|inactive|gobblemyflobble has 30 seconds left.
|inactive|itsuduka has 5 seconds left.
|inactive|gobblemyflobble has 20 seconds left.
|
|t:|1782748094
|switch|p2a: Sylveon|Sylveon, L50, F|100/100
|detailschange|p1a: Gengar|Gengar-Mega, L50, F
|-mega|p1a: Gengar|Gengar|Gengarite
|move|p2b: Froslass|Protect|p2b: Froslass
|-singleturn|p2b: Froslass|Protect
|move|p1a: Gengar|Protect|p1a: Gengar
|-singleturn|p1a: Gengar|Protect
|move|p1b: Hydreigon|Draco Meteor|p2b: Froslass
|-activate|p2b: Froslass|move: Protect
|
|upkeep
|turn|2
|inactive|itsuduka has 30 seconds left.
|
|t:|1782748134
|detailschange|p2b: Froslass|Froslass-Mega, L50, F
|-mega|p2b: Froslass|Froslass|Froslassite
|-weather|Snowscape|[from] ability: Snow Warning|[of] p2b: Froslass
|move|p1b: Hydreigon|Draco Meteor|p2b: Froslass
|-damage|p2b: Froslass|22/100
|-unboost|p1b: Hydreigon|spa|2
|move|p2b: Froslass|Shadow Ball|p1a: Gengar
|-supereffective|p1a: Gengar|1
|-damage|p1a: Gengar|0 fnt
|faint|p1a: Gengar
|move|p2a: Sylveon|Moonblast|p1b: Hydreigon
|-supereffective|p1b: Hydreigon|2
|-damage|p1b: Hydreigon|0 fnt
|faint|p1b: Hydreigon
|
|-weather|Snowscape|[upkeep]
|upkeep
|
|t:|1782748146
|switch|p1a: Incineroar|Incineroar, L50, M|100/100
|switch|p1b: Politoed|Politoed, L50, F|100/100
|-ability|p1a: Incineroar|Intimidate|boost
|-unboost|p2a: Sylveon|atk|1
|-unboost|p2b: Froslass|atk|1
|-weather|RainDance|[from] ability: Drizzle|[of] p1b: Politoed
|turn|3
|-message|gobblemyflobble forfeited.
|
|win|itsuduka
|l|☆gobblemyflobble
|player|p1|
||gobblemyflobble is ready for game 2.
||itsuduka is ready for game 2.
|uhtml|next|Next: Game 2 of 3
