|j|☆teyvgc
|j|☆PikachuRTM
|html|teyvgcPikachuRTM    
|uhtml|bestof|Game 1 of a best-of-3
|t:|1782363907
|gametype|doubles
|player|p1|teyvgc|rood|1125
|player|p2|PikachuRTM|ltsurge|1163
|gen|9
|tier|[Gen 9 Champions] VGC 2026 Reg M-B (Bo3)
|rated|
|rule|Species Clause: Limit one of each Pokémon
|rule|Item Clause: Limit 1 of each item
|clearpoke
|poke|p1|Blaziken, L50, M|
|poke|p1|Kingambit, L50, M|
|poke|p1|Metagross, L50|
|poke|p1|Whimsicott, L50, F|
|poke|p1|Basculegion, L50, M|
|poke|p1|Hydreigon, L50, M|
|poke|p2|Raichu, L50, M, shiny|
|poke|p2|Rotom-Wash, L50|
|poke|p2|Emolga, L50, M|
|poke|p2|Sinistcha, L50|
|poke|p2|Garchomp, L50, M|
|poke|p2|Sylveon, L50, M|
|teampreview|4
|showteam|p1|Blaziken||Blazikenite|SpeedBoost|CloseCombat,FlareBlitz,Protect,SwordsDance|Adamant||M|||50|]Kingambit||LifeOrb|Defiant|KowtowCleave,IronHead,SuckerPunch,Protect|Adamant||M|||50|]Metagross||Metagrossite|ClearBody|IronHead,PsychicFangs,BulletPunch,Protect|Jolly|||||50|]Whimsicott||FocusSash|Prankster|Tailwind,Moonblast,Encore,HelpingHand|Timid||F|||50|]Basculegion||MysticWater|Adaptability|WaveCrash,LastRespects,AquaJet,Protect|Adamant||M|||50|]Hydreigon||ChoiceScarf|Levitate|DarkPulse,DracoMeteor,EarthPower,FocusBlast|Modest||M|||50|
|showteam|p2|Raichu||RaichuniteY|LightningRod|AlluringVoice,ZapCannon,FocusBlast,Protect|Timid||M|||50|]Rotom-Wash||ChoiceScarf|Levitate|Discharge,VoltSwitch,Trick,HydroPump|Timid|||||50|]Emolga||FocusSash|MotorDrive|EnergyBall,AirSlash,Thunderbolt,Protect|Timid||M|||50|]Sinistcha||SitrusBerry|Hospitality|MatchaGotcha,ShadowBall,LifeDew,RagePowder|Modest|||||50|]Garchomp||LifeOrb|RoughSkin|DragonClaw,RockSlide,StompingTantrum,Protect|Jolly||M|||50|]Sylveon||FairyFeather|Pixilate|HyperVoice,QuickAttack,Protect,Moonblast|Modest||M|||50|
|inactive|Battle timer is ON: inactive players will automatically lose when time's up. (requested by PikachuRTM)
|inactive|PikachuRTM has 60 seconds left.
|
|t:|1782363971
|teamsize|p1|4
|teamsize|p2|4
|start
|switch|p1a: Hydreigon|Hydreigon, L50, M|100/100
|switch|p1b: Whimsicott|Whimsicott, L50, F|100/100
|switch|p2a: Tea Time!|Sinistcha, L50|100/100
|switch|p2b: RaiRai|Raichu, L50, M, shiny|100/100
|turn|1
|inactive|teyvgc has 30 seconds left.
|inactive|PikachuRTM has 30 seconds left.
|inactive|teyvgc has 20 seconds left.
|inactive|teyvgc has 15 seconds left.
|inactive|teyvgc has 10 seconds left.
|inactive|teyvgc has 5 seconds left.
|
|t:|1782364026
|detailschange|p2b: RaiRai|Raichu-Mega-Y, L50, M, shiny
|-mega|p2b: RaiRai|Raichu|Raichunite Y
|move|p2a: Tea Time!|Rage Powder|p2a: Tea Time!
|-singleturn|p2a: Tea Time!|move: Rage Powder
|move|p1b: Whimsicott|Tailwind|p1b: Whimsicott
|-sidestart|p1: teyvgc|move: Tailwind
|move|p1a: Hydreigon|Dark Pulse|p2a: Tea Time!
|-supereffective|p2a: Tea Time!|1
|-damage|p2a: Tea Time!|0 fnt
|faint|p2a: Tea Time!
|move|p2b: RaiRai|Zap Cannon|p1a: Hydreigon
|-resisted|p1a: Hydreigon|1
|-damage|p1a: Hydreigon|60/100
|-status|p1a: Hydreigon|par
|
|upkeep
|
|t:|1782364035
|switch|p2a: Marty|Sylveon, L50, M|100/100
|turn|2
|
|t:|1782364054
|switch|p1a: Basculegion|Basculegion, L50, M|100/100
|move|p2a: Marty|Quick Attack|p1a: Basculegion
|-damage|p1a: Basculegion|83/100
|move|p1b: Whimsicott|Moonblast|p2b: RaiRai
|-damage|p2b: RaiRai|41/100
|move|p2b: RaiRai|Zap Cannon|p1b: Whimsicott
|-resisted|p1b: Whimsicott|1
|-damage|p1b: Whimsicott|40/100
|-status|p1b: Whimsicott|par
|
|upkeep
|turn|3
|
|t:|1782364076
|move|p1a: Basculegion|Wave Crash|p2a: Marty
|-damage|p2a: Marty|0 fnt
|faint|p2a: Marty
|-damage|p1a: Basculegion|52/100|[from] Recoil
|move|p2b: RaiRai|Zap Cannon|p1a: Basculegion
|-supereffective|p1a: Basculegion|1
|-damage|p1a: Basculegion|0 fnt
|faint|p1a: Basculegion
|move|p1b: Whimsicott|Moonblast|p2b: RaiRai
|-damage|p2b: RaiRai|0 fnt
|faint|p2b: RaiRai
|
|upkeep
|
|t:|1782364086
|switch|p1a: Hydreigon|Hydreigon, L50, M|60/100 par
|switch|p2a: Jerry|Garchomp, L50, M|100/100
|turn|4
|
|t:|1782364096
|move|p1a: Hydreigon|Draco Meteor|p2a: Jerry
|-supereffective|p2a: Jerry|1
|-damage|p2a: Jerry|0 fnt
|-unboost|p1a: Hydreigon|spa|2
|faint|p2a: Jerry
|
|win|teyvgc
