|j|☆Nacos
|j|☆wait for swarley
|html|Nacoswait for swarley    
|uhtml|bestof|Game 2 of a best-of-3
|t:|1755818574
|gametype|doubles
|player|p1|Nacos|170|1311
|player|p2|wait for swarley|volo|1381
|gen|9
|tier|[Gen 9] VGC 2025 Reg H (Bo3)
|rated|
|rule|Species Clause: Limit one of each Pokémon
|rule|Item Clause: Limit 1 of each item
|clearpoke
|poke|p1|Pelipper, L50, M|
|poke|p1|Archaludon, L50, M|
|poke|p1|Basculegion, L50, M|
|poke|p1|Sneasler, L50, M|
|poke|p1|Incineroar, L50, F|
|poke|p1|Indeedee, L50, M|
|poke|p2|Dachsbun, L50, F|
|poke|p2|Torkoal, L50, M|
|poke|p2|Typhlosion-Hisui, L50, F|
|poke|p2|Kingambit, L50, F|
|poke|p2|Rillaboom, L50, M|
|poke|p2|Zoroark-Hisui, L50, F|
|teampreview|4
|showteam|p1|Pelipper||CovertCloak|Drizzle|Tailwind,Protect,WeatherBall,Hurricane|||M|||50|,,,,,Steel]Archaludon||AssaultVest|Stamina|ElectroShot,DracoMeteor,FlashCannon,BodyPress|||M|||50|,,,,,Grass]Basculegion||ChoiceBand|SwiftSwim|WaveCrash,LastRespects,FlipTurn,AquaJet|||M|||50|,,,,,Water]Sneasler||PsychicSeed|Unburden|DireClaw,CloseCombat,ThroatChop,Protect|||M|||50|,,,,,Dark]Incineroar||SafetyGoggles|Intimidate|FakeOut,KnockOff,Taunt,PartingShot|||F|||50|,,,,,Water]Indeedee||FocusSash|PsychicSurge|ExpandingForce,TrickRoom,Imprison,Protect|||M|||50|,,,,,Fairy
|showteam|p2|Dachsbun||Leftovers|WellBakedBody|BodyPress,Snarl,Rest,Yawn|||F|||50|,,,,,Steel]Torkoal||SitrusBerry|Drought|WeatherBall,Eruption,LavaPlume,Protect|||M|||50|,,,,,Fire]Typhlosion-Hisui||ChoiceScarf|Blaze|Eruption,ShadowBall,LavaPlume,Overheat|||F|||50|,,,,,Dark]Kingambit||BlackGlasses|Defiant|SuckerPunch,Assurance,Protect,SwordsDance|||F|||50|,,,,,Dark]Rillaboom||AssaultVest|GrassySurge|FakeOut,GrassyGlide,WoodHammer,Uturn|||M|||50|,,,,,Water]Zoroark-Hisui||ChoiceSpecs|Illusion|Snarl,BitterMalice,HyperVoice,HyperBeam|||F|||50|,,,,,Normal
|
|t:|1755818599
|teamsize|p1|4
|teamsize|p2|4
|start
|switch|p1a: Sneasler|Sneasler, L50, M|100/100
|switch|p1b: Archaludon|Archaludon, L50, M|100/100
|switch|p2a: Typhlosion|Typhlosion-Hisui, L50, F|100/100
|switch|p2b: Dachsbun|Dachsbun, L50, F, shiny|100/100
|turn|1
|inactive|Battle timer is ON: inactive players will automatically lose when time's up. (requested by wait for swarley)
|
|t:|1755818615
|switch|p1b: Pelipper|Pelipper, L50, M|100/100
|-weather|RainDance|[from] ability: Drizzle|[of] p1b: Pelipper
|move|p2a: Typhlosion|Shadow Ball|p1b: Pelipper
|-damage|p1b: Pelipper|19/100
|move|p1a: Sneasler|Dire Claw|p2b: Dachsbun
|-resisted|p2b: Dachsbun
|-damage|p2b: Dachsbun|59/100
|-status|p2b: Dachsbun|par
|replace|p2b: Zoroark|Zoroark-Hisui, L50, F, shiny
|-end|p2b: Zoroark|Illusion
|move|p2b: Zoroark|Bitter Malice|p1b: Pelipper
|-damage|p1b: Pelipper|0 fnt
|faint|p1b: Pelipper
|
|-weather|RainDance|[upkeep]
|upkeep
|
|t:|1755818628
|switch|p1b: Basculegion|Basculegion, L50, M|100/100
|turn|2
|
|t:|1755818641
|switch|p2b: Torkoal|Torkoal, L50, M|100/100
|-weather|SunnyDay|[from] ability: Drought|[of] p2b: Torkoal
|move|p2a: Typhlosion|Shadow Ball|p1b: Basculegion
|-supereffective|p1b: Basculegion
|-damage|p1b: Basculegion|0 fnt
|faint|p1b: Basculegion
|move|p1a: Sneasler|Throat Chop|p2a: Typhlosion
|-supereffective|p2a: Typhlosion
|-damage|p2a: Typhlosion|30/100
|-start|p2a: Typhlosion|Throat Chop|[silent]
|
|-weather|SunnyDay|[upkeep]
|upkeep
|
|t:|1755818648
|switch|p1b: Archaludon|Archaludon, L50, M|100/100
|turn|3
|-message|Nacos forfeited.
|
|win|wait for swarley
|raw|Nacos's rating: 1311 → 1295(-16 for losing)
|raw|wait for swarley's rating: 1381 → 1397(+16 for winning)
|l|☆Nacos
|player|p1|
