|j|☆STL Donductor
|j|☆Al Karpone
|html|STL DonductorAl Karpone    
|uhtml|bestof|Game 2 of a best-of-3
|t:|1756581044
|gametype|doubles
|player|p1|STL Donductor|hilbert|1226
|player|p2|Al Karpone|chili|1141
|gen|9
|tier|[Gen 9] VGC 2025 Reg H (Bo3)
|rated|
|rule|Species Clause: Limit one of each Pokémon
|rule|Item Clause: Limit 1 of each item
|clearpoke
|poke|p1|Weezing-Galar, L50, M|
|poke|p1|Toedscruel, L50, F|
|poke|p1|Kilowattrel, L50, M|
|poke|p1|Garchomp, L50, F|
|poke|p1|Corviknight, L50, M|
|poke|p1|Typhlosion-Hisui, L50, M|
|poke|p2|Volcarona, L50, M|
|poke|p2|Oricorio-Sensu, L50, M|
|poke|p2|Kommo-o, L50, M|
|poke|p2|Electabuzz, L50, F|
|poke|p2|Primarina, L50, M|
|poke|p2|Incineroar, L50, M|
|teampreview|4
|showteam|p1|Weezing-Galar||ChoiceSpecs|NeutralizingGas|StrangeSteam,SludgeBomb,DazzlingGleam,Flamethrower|||M|||50|,,,,,Water]Toedscruel||CovertCloak|MyceliumMight|Spore,RagePowder,AcidSpray,EarthPower|||F|||50|,,,,,Water]Kilowattrel||FocusSash|Competitive|Discharge,AirSlash,Tailwind,Protect|||M|||50|,,,,,Ghost]Garchomp||LifeOrb|RoughSkin|Earthquake,DragonClaw,StompingTantrum,Protect|||F|||50|,,,,,Ground]Corviknight||SitrusBerry|MirrorArmor|BraveBird,Roost,Taunt,Protect|||M|||50|,,,,,Dragon]Typhlosion-Hisui||ChoiceScarf|Blaze|Eruption,HeatWave,ShadowBall,WillOWisp|||M|||50|,,,,,Fire
|showteam|p2|Volcarona||CovertCloak|FlameBody|FieryDance,TeraBlast,QuiverDance,Protect|||M|||50|,,,,,Fairy]Oricorio-Sensu||FocusSash|Dancer|RevelationDance,AirSlash,Tailwind,Protect|||M|||50|,,,,,Stellar]Kommo-o||ThroatSpray|Soundproof|ClangingScales,Flamethrower,ClangorousSoul,Protect|||M|||50|,,,,,Fire]Electabuzz||Eviolite|VitalSpirit|Thunderbolt,FollowMe,Taunt,Protect|||F|||50|,,,,,Water]Primarina||LifeOrb|LiquidVoice|HyperVoice,Moonblast,IcyWind,Protect|||M|||50|,,,,,Grass]Incineroar||AssaultVest|Intimidate|FakeOut,FlareBlitz,KnockOff,Uturn|||M|||50|,,,,,Ghost
|inactive|Battle timer is ON: inactive players will automatically lose when time's up. (requested by Al Karpone)
|inactive|STL Donductor also wants the timer to be on.
|inactive|Al Karpone has 60 seconds left.
|inactive|Al Karpone has 30 seconds left.
|inactive|Al Karpone has 20 seconds left.
|inactive|Al Karpone has 15 seconds left.
|
|t:|1756581122
|teamsize|p1|4
|teamsize|p2|4
|start
|switch|p1a: Voltaire|Kilowattrel, L50, M|100/100
|switch|p1b: Greyscale|Garchomp, L50, F|100/100
|switch|p2a: Electabuzz|Electabuzz, L50, F|100/100
|switch|p2b: Volcarona|Volcarona, L50, M|100/100
|turn|1
|
|t:|1756581140
|switch|p2a: Oricorio|Oricorio-Sensu, L50, M|100/100
|-terastallize|p1b: Greyscale|Ground
|move|p1a: Voltaire|Tailwind|p1a: Voltaire
|-sidestart|p1: STL Donductor|move: Tailwind
|move|p1b: Greyscale|Earthquake|p2a: Oricorio|[spread] p2b
|-immune|p1a: Voltaire
|-immune|p2a: Oricorio
|-damage|p2b: Volcarona|14/100
|-damage|p1b: Greyscale|91/100|[from] item: Life Orb
|move|p2b: Volcarona|Quiver Dance|p2b: Volcarona
|-boost|p2b: Volcarona|spa|1
|-boost|p2b: Volcarona|spd|1
|-boost|p2b: Volcarona|spe|1
|-activate|p2a: Oricorio|ability: Dancer
|move|p2a: Oricorio|Quiver Dance|p2a: Oricorio|[from] ability: Dancer
|-boost|p2a: Oricorio|spa|1
|-boost|p2a: Oricorio|spd|1
|-boost|p2a: Oricorio|spe|1
|
|upkeep
|turn|2
|
|t:|1756581162
|move|p2b: Volcarona|Protect|p2b: Volcarona
|-singleturn|p2b: Volcarona|Protect
|move|p2a: Oricorio|Protect|p2a: Oricorio
|-singleturn|p2a: Oricorio|Protect
|move|p1a: Voltaire|Discharge|p2b: Volcarona|[spread] 
|-activate|p2a: Oricorio|move: Protect
|-activate|p2b: Volcarona|move: Protect
|-immune|p1b: Greyscale
|move|p1b: Greyscale|Dragon Claw|p2a: Oricorio
|-activate|p2a: Oricorio|move: Protect
|
|upkeep
|turn|3
|inactive|Al Karpone has 30 seconds left.
|
|t:|1756581189
|move|p1a: Voltaire|Discharge|p2a: Oricorio|[spread] p2a,p2b
|-immune|p1b: Greyscale
|-supereffective|p2a: Oricorio
|-damage|p2a: Oricorio|47/100
|-damage|p2b: Volcarona|0 fnt
|faint|p2b: Volcarona
|move|p1b: Greyscale|Dragon Claw|p2a: Oricorio
|-damage|p2a: Oricorio|0 fnt
|faint|p2a: Oricorio
|-damage|p1b: Greyscale|81/100|[from] item: Life Orb
|
|upkeep
|
|t:|1756581197
|switch|p2b: Primarina|Primarina, L50, M|100/100
|switch|p2a: Electabuzz|Electabuzz, L50, F|100/100
|turn|4
|-message|Al Karpone forfeited.
|
|win|STL Donductor
|raw|STL Donductor's rating: 1226 → 1245(+19 for winning)
|raw|Al Karpone's rating: 1141 → 1122(-19 for losing)
|l|☆Al Karpone
|player|p2|
