|j|☆raylof
|j|☆SlaymonSays
|html|raylofSlaymonSays    
|uhtml|bestof|Game 1 of a best-of-3
|t:|1757814931
|gametype|doubles
|player|p1|raylof|102|1309
|player|p2|SlaymonSays|102|1375
|gen|9
|tier|[Gen 9] VGC 2025 Reg H (Bo3)
|rated|
|rule|Species Clause: Limit one of each Pokémon
|rule|Item Clause: Limit 1 of each item
|clearpoke
|poke|p1|Kilowattrel, L50, F|
|poke|p1|Mamoswine, L50, F|
|poke|p1|Volcarona, L50, M|
|poke|p1|Dragonite, L50, F|
|poke|p1|Tauros-Paldea-Aqua, L50, M|
|poke|p1|Gholdengo, L50|
|poke|p2|Ursaluna-Bloodmoon, L50, M|
|poke|p2|Dragonite, L50, F|
|poke|p2|Gholdengo, L50|
|poke|p2|Rillaboom, L50, M|
|poke|p2|Incineroar, L50, F|
|poke|p2|Ninetales-Alola, L50, F|
|teampreview|4
|showteam|p1|Kilowattrel||ChoiceSpecs|Competitive|Discharge,AirSlash,Thunderbolt,VoltSwitch|||F|||50|,,,,,Ghost]Mamoswine||FocusSash|Oblivious|Earthquake,IceShard,IcicleCrash,Protect|||F|||50|,,,,,Ghost]Volcarona||CovertCloak|FlameBody|WillOWisp,StruggleBug,RagePowder,Tailwind|||M|||50|,,,,,Dragon]Dragonite||LoadedDice|Multiscale|ScaleShot,TeraBlast,Haze,Protect|||F|||50|,,,,,Flying]Tauros-Paldea-Aqua||MirrorHerb|Intimidate|AquaJet,CloseCombat,RagingBull,Protect|||M|||50|,,,,,Ground]Gholdengo||ChoiceScarf|GoodasGold|MakeItRain,ShadowBall,Protect,Trick||||||50|,,,,,Flying
|showteam|p2|Ursaluna-Bloodmoon||ChoiceSpecs|MindsEye|BloodMoon,HyperVoice,EarthPower,VacuumWave|||M|||50|,,,,,Normal]Dragonite||LoadedDice|InnerFocus|ScaleShot,Haze,Tailwind,Protect|||F|||50|,,,,,Fairy]Gholdengo||Leftovers|GoodasGold|MakeItRain,ShadowBall,NastyPlot,Protect||||||50|,,,,,Water]Rillaboom||AssaultVest|GrassySurge|FakeOut,GrassyGlide,WoodHammer,HighHorsepower|||M|||50|,,,,,Fire]Incineroar||SafetyGoggles|Intimidate|FakeOut,FlareBlitz,KnockOff,PartingShot|||F|||50|,,,,,Ghost]Ninetales-Alola||CovertCloak|SnowWarning|Blizzard,Disable,Encore,AuroraVeil|||F|||50|,,,,,Fire
|
|t:|1757814993
|teamsize|p1|4
|teamsize|p2|4
|start
|switch|p1a: Volcarona|Volcarona, L50, M|100/100
|switch|p1b: Gholdengo|Gholdengo, L50|100/100
|switch|p2a: Ninetales|Ninetales-Alola, L50, F|100/100
|switch|p2b: Dragonite|Dragonite, L50, F|100/100
|-weather|Snowscape|[from] ability: Snow Warning|[of] p2a: Ninetales
|turn|1
|
|t:|1757815049
|move|p1b: Gholdengo|Make It Rain|p2b: Dragonite|[spread] p2a,p2b
|-supereffective|p2a: Ninetales
|-damage|p2a: Ninetales|0 fnt
|-damage|p2b: Dragonite|44/100
|-unboost|p1b: Gholdengo|spa|1
|faint|p2a: Ninetales
|move|p1a: Volcarona|Tailwind|p1a: Volcarona
|-sidestart|p1: raylof|move: Tailwind
|move|p2b: Dragonite|Tailwind|p2b: Dragonite
|-sidestart|p2: SlaymonSays|move: Tailwind
|
|-weather|Snowscape|[upkeep]
|upkeep
|
|t:|1757815062
|switch|p2a: Ursaluna|Ursaluna-Bloodmoon, L50, M|100/100
|turn|2
|
|t:|1757815079
|-terastallize|p2a: Ursaluna|Normal
|move|p1b: Gholdengo|Make It Rain|p2a: Ursaluna|[spread] p2a,p2b
|-damage|p2a: Ursaluna|62/100
|-damage|p2b: Dragonite|5/100
|-unboost|p1b: Gholdengo|spa|1
|move|p1a: Volcarona|Struggle Bug|p2a: Ursaluna|[spread] p2a,p2b
|-resisted|p2b: Dragonite
|-damage|p2a: Ursaluna|44/100
|-damage|p2b: Dragonite|0 fnt
|-unboost|p2a: Ursaluna|spa|1
|faint|p2b: Dragonite
|move|p2a: Ursaluna|Hyper Voice|p1a: Volcarona|[spread] p1a,p1b
|-resisted|p1b: Gholdengo
|-damage|p1a: Volcarona|59/100
|-damage|p1b: Gholdengo|72/100
|
|-weather|Snowscape|[upkeep]
|upkeep
|-message|SlaymonSays forfeited.
|
|win|raylof
|l|☆SlaymonSays
|player|p2|
||SlaymonSays is ready for game 2.
||raylof is ready for game 2.
|uhtml|next|Next: Game 2 of 3
