|j|☆Sincubii
|j|☆5NitesAtTrickRoom
|html|Sincubii5NitesAtTrickRoom    
|uhtml|bestof|Game 2 of a best-of-3
|t:|1757814013
|gametype|doubles
|player|p1|Sincubii|palmer|1172
|player|p2|5NitesAtTrickRoom|hilbert|1281
|gen|9
|tier|[Gen 9] VGC 2025 Reg H (Bo3)
|rated|
|rule|Species Clause: Limit one of each Pokémon
|rule|Item Clause: Limit 1 of each item
|clearpoke
|poke|p1|Weavile, L50, F|
|poke|p1|Weezing-Galar, L50, F|
|poke|p1|Tyranitar, L50, M|
|poke|p1|Dragonite, L50, M|
|poke|p1|Typhlosion-Hisui, L50, F|
|poke|p1|Toedscruel, L50, F|
|poke|p2|Pelipper, L50, F|
|poke|p2|Archaludon, L50, M|
|poke|p2|Sinistcha-Masterpiece, L50|
|poke|p2|Maushold, L50|
|poke|p2|Basculegion, L50, M|
|poke|p2|Incineroar, L50, M|
|teampreview|4
|showteam|p1|Weavile||LifeOrb|Pressure|FakeOut,IceSpinner,KnockOff,LowKick|||F|||50|,,,,,Ghost]Weezing-Galar||SafetyGoggles|NeutralizingGas|StrangeSteam,WillOWisp,Taunt,Protect|||F|||50|,,,,,Fire]Tyranitar||AssaultVest|SandStream|KnockOff,RockSlide,TeraBlast,LowKick|||M|||50|,,,,,Flying]Dragonite||LoadedDice|InnerFocus|Protect,ScaleShot,Tailwind,IronHead|||M|||50|,,,,,Steel]Typhlosion-Hisui||ChoiceScarf|Blaze|Eruption,HeatWave,ShadowBall,Overheat|||F|||50|,,,,,Fire]Toedscruel||FocusSash|MyceliumMight|Spore,EarthPower,LeafStorm,Protect|||F|||50|,,,,,Fairy
|showteam|p2|Pelipper||FocusSash|Drizzle|WeatherBall,Hurricane,Tailwind,Protect|||F|||50|,,,,,Grass]Archaludon||AssaultVest|Stamina|FlashCannon,BodyPress,ElectroShot,Snarl|||M|||50|,,,,,Fighting]Sinistcha-Masterpiece||SitrusBerry|Hospitality|RagePowder,MatchaGotcha,TrickRoom,LifeDew||||||50|,,,,,Water]Maushold||WideLens|Technician|Protect,Taunt,PopulationBomb,FollowMe||||||50|,,,,,Ghost]Basculegion||ChoiceScarf|Adaptability|WaveCrash,LastRespects,AquaJet,FlipTurn|||M|||50|,,,,,Water]Incineroar||SafetyGoggles|Intimidate|FakeOut,FlareBlitz,KnockOff,PartingShot|||M|||50|,,,,,Ghost
|inactive|Battle timer is ON: inactive players will automatically lose when time's up. (requested by 5NitesAtTrickRoom)
|
|t:|1757814097
|teamsize|p1|4
|teamsize|p2|4
|start
|switch|p1a: Big Boss|Dragonite, L50, M, shiny|100/100
|switch|p1b: Tyranitar|Tyranitar, L50, M|100/100
|switch|p2a: Maushold|Maushold, L50|100/100
|switch|p2b: Incineroar|Incineroar, L50, M|100/100
|-weather|Sandstorm|[from] ability: Sand Stream|[of] p1b: Tyranitar
|-ability|p2b: Incineroar|Intimidate|boost
|-fail|p1a: Big Boss|unboost|Attack|[from] ability: Inner Focus|[of] p1a: Big Boss
|-unboost|p1b: Tyranitar|atk|1
|turn|1
|
|t:|1757814115
|-terastallize|p1a: Big Boss|Steel
|move|p2b: Incineroar|Fake Out|p1b: Tyranitar
|-resisted|p1b: Tyranitar
|-damage|p1b: Tyranitar|95/100
|move|p2a: Maushold|Population Bomb|p1a: Big Boss
|-resisted|p1a: Big Boss
|-damage|p1a: Big Boss|95/100
|-resisted|p1a: Big Boss
|-damage|p1a: Big Boss|90/100
|-resisted|p1a: Big Boss
|-damage|p1a: Big Boss|84/100
|-resisted|p1a: Big Boss
|-damage|p1a: Big Boss|78/100
|-resisted|p1a: Big Boss
|-damage|p1a: Big Boss|73/100
|-resisted|p1a: Big Boss
|-damage|p1a: Big Boss|68/100
|-resisted|p1a: Big Boss
|-damage|p1a: Big Boss|63/100
|-resisted|p1a: Big Boss
|-damage|p1a: Big Boss|58/100
|-resisted|p1a: Big Boss
|-damage|p1a: Big Boss|52/100
|-resisted|p1a: Big Boss
|-damage|p1a: Big Boss|47/100
|-hitcount|p1a: Big Boss|10
|move|p1a: Big Boss|Scale Shot|p2a: Maushold
|-damage|p2a: Maushold|78/100
|-damage|p2a: Maushold|55/100
|-damage|p2a: Maushold|29/100
|-damage|p2a: Maushold|5/100
|-damage|p2a: Maushold|0 fnt
|faint|p2a: Maushold
|-hitcount|p2: Maushold|5
|-unboost|p1a: Big Boss|def|1
|-boost|p1a: Big Boss|spe|1
|cant|p1b: Tyranitar|flinch
|
|-weather|Sandstorm|[upkeep]
|upkeep
|inactive|5NitesAtTrickRoom has 30 seconds left.
|
|t:|1757814147
|switch|p2a: Archaludon|Archaludon, L50, M|100/100
|turn|2
|
|t:|1757814162
|switch|p1b: Weezing|Weezing-Galar, L50, F|100/100
|-ability|p1b: Weezing|Neutralizing Gas
|move|p1a: Big Boss|Scale Shot|p2b: Incineroar
|-damage|p2b: Incineroar|86/100
|-damage|p2b: Incineroar|72/100
|-damage|p2b: Incineroar|57/100
|-damage|p2b: Incineroar|44/100
|-damage|p2b: Incineroar|30/100
|-hitcount|p2b: Incineroar|5
|-unboost|p1a: Big Boss|def|1
|-boost|p1a: Big Boss|spe|1
|move|p2a: Archaludon|Body Press|p1b: Weezing
|-resisted|p1b: Weezing
|-damage|p1b: Weezing|96/100
|move|p2b: Incineroar|Flare Blitz|p1a: Big Boss
|-supereffective|p1a: Big Boss
|-damage|p1a: Big Boss|0 fnt
|faint|p1a: Big Boss
|-damage|p2b: Incineroar|16/100|[from] Recoil
|
|-weather|Sandstorm|[upkeep]
|upkeep
|
|t:|1757814186
|switch|p1a: Tyranitar|Tyranitar, L50, M|95/100
|turn|3
|
|t:|1757814205
|move|p2a: Archaludon|Body Press|p1a: Tyranitar
|-supereffective|p1a: Tyranitar
|-damage|p1a: Tyranitar|0 fnt
|faint|p1a: Tyranitar
|move|p2b: Incineroar|Knock Off|p1b: Weezing
|-resisted|p1b: Weezing
|-damage|p1b: Weezing|81/100
|-enditem|p1b: Weezing|Safety Goggles|[from] move: Knock Off|[of] p2b: Incineroar
|move|p1b: Weezing|Will-O-Wisp|p2a: Archaludon
|-status|p2a: Archaludon|brn
|
|-weather|Sandstorm|[upkeep]
|-damage|p1b: Weezing|75/100|[from] Sandstorm
|-damage|p2a: Archaludon|94/100 brn|[from] brn
|upkeep
|
|t:|1757814207
|switch|p1a: Weavile|Weavile, L50, F|100/100
|turn|4
|-message|Sincubii forfeited.
|
|win|5NitesAtTrickRoom
|raw|Sincubii's rating: 1172 → 1155(-17 for losing)
|raw|5NitesAtTrickRoom's rating: 1281 → 1298(+17 for winning)
