|j|☆All My Ape Gone
|j|☆Citrinis
|html|All My Ape GoneCitrinis    
|uhtml|bestof|Game 1 of a best-of-3
|t:|1756563559
|gametype|doubles
|player|p1|All My Ape Gone|caitlin|1116
|player|p2|Citrinis|furisodegirl-pink|1023
|gen|9
|tier|[Gen 9] VGC 2025 Reg H (Bo3)
|rated|
|rule|Species Clause: Limit one of each Pokémon
|rule|Item Clause: Limit 1 of each item
|clearpoke
|poke|p1|Pelipper, L50, M|
|poke|p1|Basculegion, L50, M|
|poke|p1|Archaludon, L50, F|
|poke|p1|Electabuzz, L50, F|
|poke|p1|Dragonite, L50, F|
|poke|p1|Annihilape, L50, M|
|poke|p2|Primarina, L50, M|
|poke|p2|Hatterene, L50, F|
|poke|p2|Alcremie-Lemon-Cream, L50, F|
|poke|p2|Mimikyu, L50, M|
|poke|p2|Ribombee, L50, F|
|poke|p2|Tinkaton, L50, F|
|teampreview|4
|showteam|p1|Pelipper||FocusSash|Drizzle|Hurricane,WeatherBall,Tailwind,Protect|||M|||50|,,,,,Stellar]Basculegion||ChoiceBand|SwiftSwim|WaveCrash,LastRespects,AquaJet,FlipTurn|||M|||50|,,,,,Water]Archaludon||AssaultVest|Stamina|ElectroShot,DragonPulse,BodyPress,Snarl|||F|||50|,,,,,Bug]Electabuzz||Eviolite|VitalSpirit|Electroweb,FollowMe,RainDance,Protect|||F|||50|,,,,,Ghost]Dragonite||LoadedDice|Multiscale|ScaleShot,StompingTantrum,Haze,Protect|||F|||50|,,,,,Fairy]Annihilape||SafetyGoggles|Defiant|CloseCombat,RageFist,Coaching,FinalGambit|||M|||50|,,,,,Fire
|showteam|p2|Primarina||ThroatSpray|LiquidVoice|HyperVoice,DazzlingGleam,Protect,ShadowBall|||M|||50|,,,,,Water]Hatterene||Leftovers|MagicBounce|Imprison,TrickRoom,DazzlingGleam,Protect|||F|||50|,,,,,Steel]Alcremie-Lemon-Cream||CovertCloak|AromaVeil|DazzlingGleam,Decorate,Protect,AromaticMist|||F|||50|,,,,,Ghost]Mimikyu||ClearAmulet|Disguise|PlayRough,TrickRoom,ShadowClaw,Protect|||M|||50|,,,,,Grass]Ribombee||ChoiceSpecs|SweetVeil|PollenPuff,Psychic,EnergyBall,TeraBlast|||F|||50|,,,,,Fire]Tinkaton||AssaultVest|MoldBreaker|GigatonHammer,IceHammer,KnockOff,FakeOut|||F|||50|,,,,,Dark
|inactive|Battle timer is ON: inactive players will automatically lose when time's up. (requested by All My Ape Gone)
|c|☆Citrinis|*You enter the forest's clearing. Flowers bloom all around, fairy pokemon roaming happily around the magnificent tree in the center of the clearing, bigger than any you've ever seen. You are greeted by a Mime Junior wearing large, round glasses. It leads you behind the tree where lies an androgynous-looking person, sleeping alongside a Florges and a Carbink in the flowers. They wake up as you approach, a calm yet warm expression adores their face as they speak*
|c|☆Citrinis|"Greetings trainer. Welcome to our humble abode. I know why you are here, so let's not waste any time, shall we? Do not hold back."
|c|☆Citrinis|*The wind is blowing, petals are dancing in the gentle breeze of the forest as you take a few steps back and draw your pokeball. You are challenged by gym leader Citrinis*
|inactive|Citrinis has 60 seconds left.
|
|t:|1756563616
|teamsize|p1|4
|teamsize|p2|4
|start
|switch|p1a: Annihilape|Annihilape, L50, M|100/100
|switch|p1b: Basculegion|Basculegion, L50, M|100/100
|switch|p2a: Alcremie|Alcremie-Lemon-Cream, L50, F|100/100
|switch|p2b: Ribombee|Ribombee, L50, F, shiny|100/100
|turn|1
|inactive|All My Ape Gone has 30 seconds left.
|inactive|Citrinis has 30 seconds left.
|inactive|All My Ape Gone has 20 seconds left.
|
|t:|1756563651
|switch|p1a: Pelipper|Pelipper, L50, M|100/100
|-weather|RainDance|[from] ability: Drizzle|[of] p1a: Pelipper
|-terastallize|p1b: Basculegion|Water
|move|p2a: Alcremie|Protect|p2a: Alcremie
|-singleturn|p2a: Alcremie|Protect
|move|p1b: Basculegion|Flip Turn|p2b: Ribombee
|-damage|p2b: Ribombee|0 fnt
|faint|p2b: Ribombee
|
|t:|1756563663
|switch|p1b: Archaludon|Archaludon, L50, F|100/100|[from] Flip Turn
|
|-weather|RainDance|[upkeep]
|upkeep
|
|t:|1756563669
|switch|p2b: Mimikyu|Mimikyu, L50, M|100/100
|turn|2
|
|t:|1756563683
|move|p1a: Pelipper|Weather Ball|p2a: Alcremie
|-damage|p2a: Alcremie|52/100
|move|p1b: Archaludon|Electro Shot||[still]
|-prepare|p1b: Archaludon|Electro Shot
|-boost|p1b: Archaludon|spa|1
|-anim|p1b: Archaludon|Electro Shot|p2a: Alcremie
|-damage|p2a: Alcremie|13/100
|move|p2a: Alcremie|Decorate|p2b: Mimikyu
|-boost|p2b: Mimikyu|atk|2
|-boost|p2b: Mimikyu|spa|2
|move|p2b: Mimikyu|Trick Room|p2b: Mimikyu
|-fieldstart|move: Trick Room|[of] p2b: Mimikyu
|
|-weather|RainDance|[upkeep]
|upkeep
|turn|3
|
|t:|1756563710
|move|p2a: Alcremie|Decorate|p2b: Mimikyu
|-boost|p2b: Mimikyu|atk|2
|-boost|p2b: Mimikyu|spa|2
|move|p2b: Mimikyu|Play Rough|p1b: Archaludon|[miss]
|-miss|p2b: Mimikyu|p1b: Archaludon
|move|p1b: Archaludon|Electro Shot||[still]
|-prepare|p1b: Archaludon|Electro Shot
|-boost|p1b: Archaludon|spa|1
|-anim|p1b: Archaludon|Electro Shot|p2a: Alcremie
|-damage|p2a: Alcremie|0 fnt
|faint|p2a: Alcremie
|move|p1a: Pelipper|Hurricane|p2b: Mimikyu
|-activate|p2b: Mimikyu|ability: Disguise
|-damage|p2b: Mimikyu|100/100
|detailschange|p2b: Mimikyu|Mimikyu-Busted, L50, M
|-damage|p2b: Mimikyu|88/100|[from] pokemon: Mimikyu-Busted
|
|-weather|RainDance|[upkeep]
|upkeep
|
|t:|1756563720
|switch|p2a: Tinkaton|Tinkaton, L50, F|100/100
|-ability|p2a: Tinkaton|Mold Breaker
|turn|4
|inactive|All My Ape Gone has 30 seconds left.
|
|t:|1756563750
|move|p1a: Pelipper|Protect|p1a: Pelipper
|-singleturn|p1a: Pelipper|Protect
|move|p2a: Tinkaton|Fake Out|p1a: Pelipper
|-activate|p1a: Pelipper|move: Protect
|move|p2b: Mimikyu|Play Rough|p1b: Archaludon
|-damage|p1b: Archaludon|41/100
|-ability|p1b: Archaludon|Stamina|boost
|-boost|p1b: Archaludon|def|1
|move|p1b: Archaludon|Electro Shot||[still]
|-prepare|p1b: Archaludon|Electro Shot
|-boost|p1b: Archaludon|spa|1
|-anim|p1b: Archaludon|Electro Shot|p2b: Mimikyu
|-damage|p2b: Mimikyu|15/100
|
|-weather|RainDance|[upkeep]
|upkeep
|turn|5
|inactive|Citrinis has 30 seconds left.
|
|t:|1756563783
|switch|p1a: Annihilape|Annihilape, L50, M|100/100
|move|p2a: Tinkaton|Knock Off|p1a: Annihilape
|-damage|p1a: Annihilape|75/100
|-enditem|p1a: Annihilape|Safety Goggles|[from] move: Knock Off|[of] p2a: Tinkaton
|move|p2b: Mimikyu|Play Rough|p1b: Archaludon
|-damage|p1b: Archaludon|0 fnt
|faint|p1b: Archaludon
|
|-weather|none
|upkeep
|
|t:|1756563796
|switch|p1b: Basculegion|Basculegion, L50, M, tera:Water|100/100
|turn|6
|inactive|Citrinis has 30 seconds left.
|inactive|Citrinis has 20 seconds left.
|
|t:|1756563832
|move|p1b: Basculegion|Aqua Jet|p2b: Mimikyu
|-damage|p2b: Mimikyu|0 fnt
|faint|p2b: Mimikyu
|move|p2a: Tinkaton|Gigaton Hammer|p1a: Annihilape
|-damage|p1a: Annihilape|13/100
|move|p1a: Annihilape|Coaching|p1b: Basculegion
|-boost|p1b: Basculegion|atk|1
|-boost|p1b: Basculegion|def|1
|
|-fieldend|move: Trick Room
|upkeep
|turn|7
|
|t:|1756563845
|switch|p1a: Pelipper|Pelipper, L50, M|100/100
|-weather|RainDance|[from] ability: Drizzle|[of] p1a: Pelipper
|move|p1b: Basculegion|Aqua Jet|p2a: Tinkaton
|-crit|p2a: Tinkaton
|-damage|p2a: Tinkaton|0 fnt
|faint|p2a: Tinkaton
|
|win|All My Ape Gone
||Citrinis is ready for game 2.
|l|☆Citrinis
|player|p2|
||All My Ape Gone is ready for game 2.
|uhtml|next|Next: Game 2 of 3
