|j|☆grapejuiceplaysyt
|j|☆Okknd
|html|grapejuiceplaysytOkknd    
|uhtml|bestof|Game 1 of a best-of-3
|t:|1757181163
|gametype|doubles
|player|p1|grapejuiceplaysyt|169|
|player|p2|Okknd|rood|
|gen|9
|tier|[Gen 9] VGC 2025 Reg H (Bo3)
|rule|Species Clause: Limit one of each Pokémon
|rule|Item Clause: Limit 1 of each item
|clearpoke
|poke|p1|Charizard, L50, M|
|poke|p1|Torkoal, L50, F|
|poke|p1|Porygon2, L50|
|poke|p1|Incineroar, L50, M|
|poke|p1|Jumpluff, L50, F|
|poke|p1|Ursaluna, L50, M|
|poke|p2|Glaceon, L50, M|
|poke|p2|Ninetales-Alola, L50, M|
|poke|p2|Whimsicott, L50, M|
|poke|p2|Magmar, L50, M|
|poke|p2|Annihilape, L50, M|
|poke|p2|Rillaboom, L50, M|
|teampreview|4
|showteam|p1|Charizard||ChoiceSpecs|SolarPower|HeatWave,Overheat,WeatherBall,DragonPulse|||M|||50|,,,,,Ghost]Torkoal||EjectPack|Drought|Eruption,Overheat,HelpingHand,Protect|||F|||50|,,,,,Fire]Porygon2||Eviolite|Download|TeraBlast,IceBeam,Recover,TrickRoom||||||50|,,,,,Fighting]Incineroar||AssaultVest|Intimidate|FakeOut,FlareBlitz,KnockOff,Uturn|||M|||50|,,,,,Bug]Jumpluff||CovertCloak|Chlorophyll|SleepPowder,SunnyDay,RagePowder,Tailwind|||F|||50|,,,,,Water]Ursaluna||FlameOrb|Guts|HeadlongRush,Facade,Earthquake,Protect|||M|||50|,,,,,Ghost
|showteam|p2|Glaceon||LifeOrb|SnowCloak|TeraBlast,Blizzard,Protect,WeatherBall|||M|||50|,,,,,Ground]Ninetales-Alola||ChoiceSpecs|SnowWarning|Blizzard,Moonblast,FreezeDry,WeatherBall|||M|||50|,,,,,Ice]Whimsicott||CovertCloak|Prankster|Moonblast,Tailwind,Encore,BeatUp|||M|||50|,,,,,Steel]Magmar||Eviolite|VitalSpirit|FollowMe,Overheat,Protect,WillOWisp|||M|||50|,,,,,Water]Annihilape||SafetyGoggles|Defiant|BulkUp,Protect,DrainPunch,RageFist|||M|||50|,,,,,Fairy]Rillaboom||AssaultVest|GrassySurge|FakeOut,GrassyGlide,Uturn,WoodHammer|||M|||50|,,,,,Fire
|inactive|Battle timer is ON: inactive players will automatically lose when time's up. (requested by Okknd)
|inactiveoff|Battle timer is now OFF.
|c|☆Okknd|Glhf
|
|t:|1757181186
|teamsize|p1|4
|teamsize|p2|4
|start
|switch|p1a: Incineroar|Incineroar, L50, M|100/100
|switch|p1b: Porygon2|Porygon2, L50|100/100
|switch|p2a: Annihilape|Annihilape, L50, M|100/100
|switch|p2b: Whimsicott|Whimsicott, L50, M|100/100
|-ability|p1a: Incineroar|Intimidate|boost
|-unboost|p2a: Annihilape|atk|1
|-ability|p2a: Annihilape|Defiant|boost
|-boost|p2a: Annihilape|atk|2
|-unboost|p2b: Whimsicott|atk|1
|-ability|p1b: Porygon2|Download|boost
|-boost|p1b: Porygon2|atk|1
|turn|1
|c|☆grapejuiceplaysyt|glhf
|
|t:|1757181239
|-terastallize|p1b: Porygon2|Fighting
|move|p2b: Whimsicott|Beat Up|p2a: Annihilape
|-damage|p2a: Annihilape|99/100
|-crit|p2a: Annihilape
|-damage|p2a: Annihilape|96/100
|-damage|p2a: Annihilape|94/100
|-damage|p2a: Annihilape|92/100
|-hitcount|p2a: Annihilape|4
|move|p2a: Annihilape|Drain Punch|p1b: Porygon2
|-damage|p1b: Porygon2|67/100
|-heal|p2a: Annihilape|100/100|[from] drain|[of] p1b: Porygon2
|move|p1a: Incineroar|Flare Blitz|p2b: Whimsicott
|-supereffective|p2b: Whimsicott
|-damage|p2b: Whimsicott|0 fnt
|faint|p2b: Whimsicott
|-damage|p1a: Incineroar|75/100|[from] Recoil
|move|p1b: Porygon2|Trick Room|p1b: Porygon2
|-fieldstart|move: Trick Room|[of] p1b: Porygon2
|
|upkeep
|
|t:|1757181245
|switch|p2b: Rillaboom|Rillaboom, L50, M|100/100
|-fieldstart|move: Grassy Terrain|[from] ability: Grassy Surge|[of] p2b: Rillaboom
|turn|2
|
|t:|1757181272
|move|p2b: Rillaboom|Fake Out|p1a: Incineroar
|-damage|p1a: Incineroar|63/100
|move|p1b: Porygon2|Ice Beam|p2a: Annihilape
|-damage|p2a: Annihilape|79/100
|-status|p2a: Annihilape|frz
|cant|p1a: Incineroar|flinch
|cant|p2a: Annihilape|frz
|
|-heal|p1b: Porygon2|73/100|[from] Grassy Terrain
|-heal|p1a: Incineroar|69/100|[from] Grassy Terrain
|-heal|p2a: Annihilape|85/100 frz|[from] Grassy Terrain
|upkeep
|turn|3
|c|☆Okknd|RIGHT
|c|☆grapejuiceplaysyt|bro
|c|☆grapejuiceplaysyt|you the ice team lol
|c|☆Okknd|I will turn you into raisins
|
|t:|1757181307
|switch|p1b: Ursaluna|Ursaluna, L50, M|100/100
|cant|p2a: Annihilape|frz
|move|p1a: Incineroar|Flare Blitz|p2b: Rillaboom
|-supereffective|p2b: Rillaboom
|-damage|p2b: Rillaboom|0 fnt
|faint|p2b: Rillaboom
|-damage|p1a: Incineroar|37/100|[from] Recoil
|
|-heal|p1a: Incineroar|43/100|[from] Grassy Terrain
|-heal|p2a: Annihilape|90/100 frz|[from] Grassy Terrain
|-status|p1b: Ursaluna|brn|[from] item: Flame Orb
|upkeep
|
|t:|1757181313
|switch|p2b: Ninetales|Ninetales-Alola, L50, M|100/100
|-weather|Snowscape|[from] ability: Snow Warning|[of] p2b: Ninetales
|turn|4
|
|t:|1757181327
|move|p1b: Ursaluna|Headlong Rush|p2a: Annihilape
|-damage|p2a: Annihilape|0 fnt
|-unboost|p1b: Ursaluna|def|1
|-unboost|p1b: Ursaluna|spd|1
|faint|p2a: Annihilape
|move|p1a: Incineroar|Flare Blitz|p2b: Ninetales
|-supereffective|p2b: Ninetales
|-damage|p2b: Ninetales|0 fnt
|faint|p2b: Ninetales
|-damage|p1a: Incineroar|19/100|[from] Recoil
|
|win|grapejuiceplaysyt
|c|☆Okknd|Rigged
|c|☆grapejuiceplaysyt|nah lol
|inactive|grapejuiceplaysyt has 30 seconds to confirm battle start!
|inactive|Okknd has 30 seconds to confirm battle start!
||grapejuiceplaysyt is ready for game 2.
