|j|☆owbd
|j|☆Pati_Patout
|html|owbdPati_Patout    
|uhtml|bestof|Game 1 of a best-of-3
|t:|1756884959
|gametype|doubles
|player|p1|owbd|cynthia-gen4|1089
|player|p2|Pati_Patout|unknown|1136
|gen|9
|tier|[Gen 9] VGC 2025 Reg H (Bo3)
|rated|
|rule|Species Clause: Limit one of each Pokémon
|rule|Item Clause: Limit 1 of each item
|clearpoke
|poke|p1|Gholdengo, L50|
|poke|p1|Incineroar, L50, M|
|poke|p1|Ursaluna-Bloodmoon, L50, M|
|poke|p1|Indeedee, L50, M|
|poke|p1|Sneasler, L50, F|
|poke|p1|Murkrow, L50, F|
|poke|p2|Incineroar, L50, M|
|poke|p2|Gholdengo, L50|
|poke|p2|Archaludon, L50, F|
|poke|p2|Pelipper, L50, F|
|poke|p2|Basculegion, L50, M|
|poke|p2|Amoonguss, L50, F|
|teampreview|4
|showteam|p1|Gholdengo||ChoiceSpecs|GoodasGold|MakeItRain,ShadowBall,Thunderbolt,Trick||||||50|,,,,,Steel]Incineroar||SafetyGoggles|Intimidate|FlareBlitz,PartingShot,FakeOut,KnockOff|||M|||50|,,,,,Ghost]Ursaluna-Bloodmoon||AssaultVest|MindsEye|BloodMoon,EarthPower,HyperVoice,Moonblast|||M|||50|,,,,,Normal]Indeedee||FocusSash|PsychicSurge|ExpandingForce,Protect,TrickRoom,Imprison|||M|||50|,,,,,Psychic]Sneasler||PsychicSeed|Unburden|CloseCombat,DireClaw,FakeOut,ThroatChop|||F|||50|,,,,,Stellar]Murkrow||CovertCloak|Prankster|FoulPlay,Haze,SunnyDay,Tailwind|||F|||50|,,,,,Dark
|showteam|p2|Incineroar||SafetyGoggles|Intimidate|FlareBlitz,KnockOff,PartingShot,FakeOut|||M|||50|,,,,,Ghost]Gholdengo||LifeOrb|GoodasGold|MakeItRain,ShadowBall,NastyPlot,Protect||||||50|,,,,,Water]Archaludon||AssaultVest|Stamina|FlashCannon,DracoMeteor,BodyPress,ElectroShot|||F|||50|,,,,,Grass]Pelipper||FocusSash|Drizzle|Protect,WeatherBall,Hurricane,Tailwind|||F|||50|,,,,,Ghost]Basculegion||ChoiceBand|SwiftSwim|WaveCrash,LastRespects,AquaJet,FlipTurn|||M|||50|,,,,,Grass]Amoonguss||SitrusBerry|Regenerator|PollenPuff,Spore,RagePowder,Protect|||F|||50|,,,,,Psychic
|
|t:|1756885011
|teamsize|p1|4
|teamsize|p2|4
|start
|switch|p1a: Murkrow|Murkrow, L50, F|100/100
|switch|p1b: Gholdengo|Gholdengo, L50|100/100
|switch|p2a: Pelipper|Pelipper, L50, F|100/100
|switch|p2b: Basculegion|Basculegion, L50, M|100/100
|-weather|RainDance|[from] ability: Drizzle|[of] p2a: Pelipper
|turn|1
|
|t:|1756885030
|-terastallize|p1b: Gholdengo|Steel
|move|p1a: Murkrow|Sunny Day|p1a: Murkrow
|-weather|SunnyDay
|move|p1b: Gholdengo|Make It Rain|p2a: Pelipper|[spread] p2a,p2b
|-resisted|p2a: Pelipper
|-resisted|p2b: Basculegion
|-damage|p2a: Pelipper|25/100
|-damage|p2b: Basculegion|44/100
|-unboost|p1b: Gholdengo|spa|1
|move|p2b: Basculegion|Flip Turn|p1a: Murkrow
|-damage|p1a: Murkrow|68/100
|
|t:|1756885043
|switch|p2b: Incineroar|Incineroar, L50, M|100/100|[from] Flip Turn
|-ability|p2b: Incineroar|Intimidate|boost
|-unboost|p1a: Murkrow|atk|1
|-unboost|p1b: Gholdengo|atk|1
|move|p2a: Pelipper|Tailwind|p2a: Pelipper
|-sidestart|p2: Pati_Patout|move: Tailwind
|
|-weather|SunnyDay|[upkeep]
|upkeep
|turn|2
|
|t:|1756885059
|switch|p2a: Archaludon|Archaludon, L50, F|100/100
|move|p1a: Murkrow|Tailwind|p1a: Murkrow
|-sidestart|p1: owbd|move: Tailwind
|move|p1b: Gholdengo|Make It Rain|p2b: Incineroar|[spread] p2a,p2b
|-resisted|p2a: Archaludon
|-crit|p2a: Archaludon
|-resisted|p2b: Incineroar
|-damage|p2a: Archaludon|52/100
|-damage|p2b: Incineroar|69/100
|-unboost|p1b: Gholdengo|spa|1
|-ability|p2a: Archaludon|Stamina|boost
|-boost|p2a: Archaludon|def|1
|move|p2b: Incineroar|Flare Blitz|p1a: Murkrow
|-damage|p1a: Murkrow|0 fnt
|faint|p1a: Murkrow
|-damage|p2b: Incineroar|51/100|[from] Recoil
|
|-weather|SunnyDay|[upkeep]
|upkeep
|
|t:|1756885088
|switch|p1a: Sneasler|Sneasler, L50, F|100/100
|turn|3
|
|t:|1756885102
|move|p1a: Sneasler|Close Combat|p2a: Archaludon
|-supereffective|p2a: Archaludon
|-damage|p2a: Archaludon|0 fnt
|-unboost|p1a: Sneasler|def|1
|-unboost|p1a: Sneasler|spd|1
|faint|p2a: Archaludon
|move|p1b: Gholdengo|Make It Rain|p2b: Incineroar
|-resisted|p2b: Incineroar
|-damage|p2b: Incineroar|23/100
|-unboost|p1b: Gholdengo|spa|1
|move|p2b: Incineroar|Flare Blitz|p1b: Gholdengo
|-supereffective|p1b: Gholdengo
|-damage|p1b: Gholdengo|0 fnt
|faint|p1b: Gholdengo
|-damage|p2b: Incineroar|0 fnt|[from] Recoil
|faint|p2b: Incineroar
|
|-weather|SunnyDay|[upkeep]
|upkeep
|
|t:|1756885120
|switch|p1b: Indeedee|Indeedee, L50, M|100/100
|switch|p2a: Basculegion|Basculegion, L50, M|44/100
|switch|p2b: Pelipper|Pelipper, L50, F|25/100
|-fieldstart|move: Psychic Terrain|[from] ability: Psychic Surge|[of] p1b: Indeedee
|-enditem|p1a: Sneasler|Psychic Seed
|-boost|p1a: Sneasler|spd|1|[from] item: Psychic Seed
|-weather|RainDance|[from] ability: Drizzle|[of] p2b: Pelipper
|turn|4
|
|t:|1756885143
|move|p1a: Sneasler|Throat Chop|p2a: Basculegion
|-supereffective|p2a: Basculegion
|-damage|p2a: Basculegion|0 fnt
|faint|p2a: Basculegion
|move|p1b: Indeedee|Expanding Force|p2b: Pelipper
|-damage|p2b: Pelipper|0 fnt
|faint|p2b: Pelipper
|
|win|owbd
||Pati_Patout is ready for game 2.
||owbd is ready for game 2.
|uhtml|next|Next: Game 2 of 3
|l|☆Pati_Patout
|player|p2|
