|j|☆night fight 15
|j|☆SlimesandGrimes
|html|night fight 15SlimesandGrimes    
|uhtml|bestof|Game 2 of a best-of-3
|t:|1783027429
|gametype|doubles
|player|p1|night fight 15|lucas|1111
|player|p2|SlimesandGrimes|miku-psychic|1000
|gen|9
|tier|[Gen 9 Champions] VGC 2026 Reg M-B (Bo3)
|rated|
|rule|Species Clause: Limit one of each Pokémon
|rule|Item Clause: Limit 1 of each item
|clearpoke
|poke|p1|Archaludon, L50, F|
|poke|p1|Gengar, L50, M|
|poke|p1|Incineroar, L50, F|
|poke|p1|Swampert, L50, M|
|poke|p1|Pelipper, L50, F|
|poke|p1|Sinistcha, L50|
|poke|p2|Delphox, L50, F|
|poke|p2|Incineroar, L50, F|
|poke|p2|Sinistcha, L50|
|poke|p2|Maushold, L50|
|poke|p2|Blastoise, L50, M|
|poke|p2|Sneasler, L50, F|
|teampreview|4
|showteam|p1|Archaludon||Leftovers|Stamina|ElectroShot,AuraSphere,FlashCannon,Protect|Modest||F|||50|]Gengar||Gengarite|CursedBody|Protect,Disable,PerishSong,ShadowBall|Timid||M|||50|]Incineroar||PasshoBerry|Intimidate|Protect,ThroatChop,FakeOut,PartingShot|Sassy||F|||50|]Swampert||Swampertite|Torrent|Protect,KnockOff,WaveCrash,Earthquake|Adamant||M|||50|]Pelipper||FocusSash|Drizzle|Protect,Tailwind,WeatherBall,Hurricane|Timid||F|||50|]Sinistcha||KasibBerry|Hospitality|MatchaGotcha,RagePowder,LifeDew,Protect|Bold|||||50|
|showteam|p2|Delphox||Delphoxite|Blaze|Protect,NastyPlot,HeatWave,Psyshock|Modest||F|||50|]Incineroar||PasshoBerry|Intimidate|FlareBlitz,FakeOut,DarkestLariat,PartingShot|Impish||F|||50|]Sinistcha||KasibBerry|Hospitality|Protect,MatchaGotcha,RagePowder,LifeDew|Bold|||||50|]Maushold||FocusSash|FriendGuard|Protect,SuperFang,FollowMe,Feint|Jolly|||||50|]Blastoise||Blastoisinite|RainDish|Protect,ShellSmash,WaterSpout,DarkPulse|Modest||M|||50|]Sneasler||WhiteHerb|Unburden|Protect,FakeOut,GunkShot,CloseCombat|Jolly||F|||50|
|inactive|Battle timer is ON: inactive players will automatically lose when time's up. (requested by night fight 15)
|
|t:|1783027455
|teamsize|p1|4
|teamsize|p2|4
|start
|switch|p1a: Gengar|Gengar, L50, M|100/100
|switch|p1b: Incineroar|Incineroar, L50, F|100/100
|switch|p2a: Blastoise|Blastoise, L50, M|100/100
|switch|p2b: Sneasler|Sneasler, L50, F|100/100
|-ability|p1b: Incineroar|Intimidate|boost
|-unboost|p2a: Blastoise|atk|1
|-unboost|p2b: Sneasler|atk|1
|-enditem|p2b: Sneasler|White Herb
|-clearnegativeboost|p2b: Sneasler|[silent]
|turn|1
|inactive|night fight 15 has 30 seconds left.
|inactive|SlimesandGrimes has 30 seconds left.
|inactive|SlimesandGrimes has 20 seconds left.
|inactive|SlimesandGrimes has 15 seconds left.
|
|t:|1783027499
|detailschange|p1a: Gengar|Gengar-Mega, L50, M
|-mega|p1a: Gengar|Gengar|Gengarite
|detailschange|p2a: Blastoise|Blastoise-Mega, L50, M
|-mega|p2a: Blastoise|Blastoise|Blastoisinite
|move|p1a: Gengar|Protect|p1a: Gengar
|-singleturn|p1a: Gengar|Protect
|move|p2b: Sneasler|Fake Out|p1b: Incineroar
|-damage|p1b: Incineroar|89/100
|move|p2a: Blastoise|Shell Smash|p2a: Blastoise
|-unboost|p2a: Blastoise|def|1
|-unboost|p2a: Blastoise|spd|1
|-boost|p2a: Blastoise|atk|2
|-boost|p2a: Blastoise|spa|2
|-boost|p2a: Blastoise|spe|2
|cant|p1b: Incineroar|flinch
|
|upkeep
|turn|2
|inactive|night fight 15 has 30 seconds left.
|
|t:|1783027531
|switch|p1a: Sinistcha|Sinistcha, L50|100/100
|-heal|p1b: Incineroar|100/100|[from] ability: Hospitality|[of] p1a: Sinistcha
|move|p2b: Sneasler|Close Combat|p1b: Incineroar
|-supereffective|p1b: Incineroar|1
|-damage|p1b: Incineroar|9/100
|-unboost|p2b: Sneasler|def|1
|-unboost|p2b: Sneasler|spd|1
|move|p2a: Blastoise|Water Spout|p1a: Sinistcha|[spread] p1a,p1b
|-resisted|p1a: Sinistcha|1
|-supereffective|p1b: Incineroar|1
|-enditem|p1b: Incineroar|Passho Berry|[eat]
|-enditem|p1b: Incineroar|Passho Berry|[weaken]
|-damage|p1a: Sinistcha|32/100
|-damage|p1b: Incineroar|0 fnt
|faint|p1b: Incineroar
|
|upkeep
|
|t:|1783027543
|switch|p1b: Gengar|Gengar-Mega, L50, M|100/100
|turn|3
|-message|night fight 15 forfeited.
|
|win|SlimesandGrimes
|raw|night fight 15's rating: 1111 → 1081(-30 for losing)
|raw|SlimesandGrimes's rating: 1043 → 1083(+40 for winning)
