|j|☆yoonsonno
|j|☆ReggioVGC
|html|yoonsonnoReggioVGC    
|uhtml|bestof|Game 1 of a best-of-3
|t:|1756755851
|gametype|doubles
|player|p1|yoonsonno|169|1032
|player|p2|ReggioVGC|lucas|1137
|gen|9
|tier|[Gen 9] VGC 2025 Reg H (Bo3)
|rated|
|rule|Species Clause: Limit one of each Pokémon
|rule|Item Clause: Limit 1 of each item
|clearpoke
|poke|p1|Incineroar, L50, M|
|poke|p1|Amoonguss, L50, M|
|poke|p1|Ursaluna, L50, F|
|poke|p1|Pelipper, L50, M|
|poke|p1|Gholdengo, L50|
|poke|p1|Sneasler, L50, F|
|poke|p2|Ursaluna, L50, F|
|poke|p2|Kilowattrel, L50, F|
|poke|p2|Gholdengo, L50|
|poke|p2|Incineroar, L50, M|
|poke|p2|Amoonguss, L50, M|
|poke|p2|Porygon2, L50|
|teampreview|4
|showteam|p1|Incineroar||SafetyGoggles|Intimidate|FlareBlitz,FakeOut,PartingShot,CloseCombat|||M|||50|,,,,,Ghost]Amoonguss||RockyHelmet|Regenerator|Spore,RagePowder,Toxic,GigaDrain|||M|||50|,,,,,Grass]Ursaluna||FlameOrb|Guts|Earthquake,Protect,Facade,HeadlongRush|||F|||50|,,,,,Ghost]Pelipper||CovertCloak|KeenEye|Hurricane,Protect,Tailwind,WideGuard|||M|||50|,,,,,Grass]Gholdengo||QuickClaw|GoodasGold|MakeItRain,ShadowBall,FocusPunch,HyperBeam||||||50|,,,,,Steel]Sneasler||GrassySeed|PoisonTouch|CloseCombat,DireClaw,FakeOut,GigaImpact|||F|||50|,,,,,Fighting
|showteam|p2|Ursaluna||FlameOrb|Guts|Facade,HeadlongRush,Earthquake,Protect|||F|||50|,,,,,Fairy]Kilowattrel||FocusSash|Competitive|Thunderbolt,AirSlash,Tailwind,Protect|||F|||50|,,,,,Ghost]Gholdengo||LifeOrb|GoodasGold|MakeItRain,ShadowBall,NastyPlot,Protect||||||50|,,,,,Flying]Incineroar||AssaultVest|Intimidate|KnockOff,FlareBlitz,Uturn,FakeOut|||M|||50|,,,,,Grass]Amoonguss||SitrusBerry|Regenerator|Spore,RagePowder,SludgeBomb,Protect|||M|||50|,,,,,Water]Porygon2||Eviolite|Download|TeraBlast,IceBeam,Recover,TrickRoom||||||50|,,,,,Fighting
|inactive|Battle timer is ON: inactive players will automatically lose when time's up. (requested by yoonsonno)
|
|t:|1756755972
|teamsize|p1|4
|teamsize|p2|4
|start
|switch|p1a: Amoonguss|Amoonguss, L50, M|100/100
|switch|p1b: Pelipper|Pelipper, L50, M|100/100
|switch|p2a: Big Bird|Kilowattrel, L50, F|100/100
|switch|p2b: Mr Worldwide|Gholdengo, L50|100/100
|turn|1
|inactive|yoonsonno has 30 seconds left.
|inactive|ReggioVGC has 30 seconds left.
|inactive|yoonsonno has 20 seconds left.
|inactive|ReggioVGC has 20 seconds left.
|inactive|ReggioVGC has 15 seconds left.
|
|t:|1756756014
|move|p2a: Big Bird|Thunderbolt|p1b: Pelipper
|-supereffective|p1b: Pelipper
|-damage|p1b: Pelipper|0 fnt
|faint|p1b: Pelipper
|move|p2b: Mr Worldwide|Nasty Plot|p2b: Mr Worldwide
|-boost|p2b: Mr Worldwide|spa|2
|move|p1a: Amoonguss|Spore|p2a: Big Bird
|-status|p2a: Big Bird|slp|[from] move: Spore
|
|upkeep
|
|t:|1756756027
|switch|p1b: Incineroar|Incineroar, L50, M|100/100
|-ability|p1b: Incineroar|Intimidate|boost
|-unboost|p2a: Big Bird|atk|1
|-ability|p2a: Big Bird|Competitive|boost
|-boost|p2a: Big Bird|spa|2
|-unboost|p2b: Mr Worldwide|atk|1
|turn|2
|inactive|yoonsonno has 30 seconds left.
|
|t:|1756756055
|cant|p2a: Big Bird|slp
|move|p2b: Mr Worldwide|Nasty Plot|p2b: Mr Worldwide
|-boost|p2b: Mr Worldwide|spa|2
|move|p1b: Incineroar|Flare Blitz|p2b: Mr Worldwide
|-supereffective|p2b: Mr Worldwide
|-damage|p2b: Mr Worldwide|0 fnt
|faint|p2b: Mr Worldwide
|-damage|p1b: Incineroar|70/100|[from] Recoil
|move|p1a: Amoonguss|Toxic||[still]
|-fail|p1a: Amoonguss
|
|upkeep
|
|t:|1756756078
|switch|p2b: Dinko|Ursaluna, L50, F|100/100
|turn|3
|
|t:|1756756093
|move|p2b: Dinko|Protect|p2b: Dinko
|-singleturn|p2b: Dinko|Protect
|cant|p2a: Big Bird|slp
|move|p1b: Incineroar|Close Combat|p2a: Big Bird
|-resisted|p2a: Big Bird
|-damage|p2a: Big Bird|72/100 slp
|-unboost|p1b: Incineroar|def|1
|-unboost|p1b: Incineroar|spd|1
|move|p1a: Amoonguss|Spore|p2b: Dinko
|-activate|p2b: Dinko|move: Protect
|
|-status|p2b: Dinko|brn|[from] item: Flame Orb
|upkeep
|turn|4
|inactive|ReggioVGC has 30 seconds left.
|inactive|ReggioVGC has 20 seconds left.
|
|t:|1756756129
|-terastallize|p2b: Dinko|Fairy
|-curestatus|p2a: Big Bird|slp|[msg]
|move|p2a: Big Bird|Tailwind|p2a: Big Bird
|-sidestart|p2: ReggioVGC|move: Tailwind
|move|p2b: Dinko|Earthquake|p1a: Amoonguss|[spread] p1a,p1b
|-immune|p2a: Big Bird
|-crit|p1a: Amoonguss
|-supereffective|p1b: Incineroar
|-damage|p1a: Amoonguss|0 fnt
|-damage|p1b: Incineroar|0 fnt
|faint|p1a: Amoonguss
|faint|p1b: Incineroar
|
|-damage|p2b: Dinko|95/100 brn|[from] brn
|upkeep
|
|t:|1756756152
|switch|p1a: Sneasler|Sneasler, L50, F|100/100
|turn|5
|
|t:|1756756168
|move|p2a: Big Bird|Air Slash|p1a: Sneasler
|-supereffective|p1a: Sneasler
|-damage|p1a: Sneasler|0 fnt
|faint|p1a: Sneasler
|
|win|ReggioVGC
