|j|☆Opus500
|j|☆newtopokemonteehee
|html|Opus500newtopokemonteehee    
|uhtml|bestof|Game 1 of a best-of-3
|t:|1784172889
|gametype|doubles
|player|p1|Opus500|170|1043
|player|p2|newtopokemonteehee|266|1119
|gen|9
|tier|[Gen 9 Champions] VGC 2026 Reg M-B (Bo3)
|rated|
|rule|Species Clause: Limit one of each Pokémon
|rule|Item Clause: Limit 1 of each item
|clearpoke
|poke|p1|Ninetales-Alola, L50, F|
|poke|p1|Venusaur, L50, M|
|poke|p1|Blaziken, L50, F|
|poke|p1|Lycanroc-Dusk, L50, M|
|poke|p1|Kingambit, L50, F|
|poke|p1|Farigiraf, L50, M|
|poke|p2|Basculegion, L50, M|
|poke|p2|Spiritomb, L50, M|
|poke|p2|Conkeldurr, L50, F|
|poke|p2|Mawile, L50, F|
|poke|p2|Dragonite, L50, M|
|poke|p2|Pelipper, L50, M|
|teampreview|4
|showteam|p1|Ninetales-Alola||LightClay|SnowWarning|AuroraVeil,FreezeDry,Blizzard,IcyWind|Timid||F|||50|]Venusaur||Venusaurite|Chlorophyll|SludgeBomb,GigaDrain,SleepPowder,Protect|Bold||M|||50|]Blaziken||Blazikenite|SpeedBoost|CloseCombat,FlareBlitz,RockSlide,Protect|Adamant||F|||50|]Lycanroc-Dusk||FocusSash|ToughClaws|Accelerock,RockSlide,CloseCombat,Protect|Jolly||M|||50|]Kingambit||LifeOrb|Defiant|SuckerPunch,KowtowCleave,IronHead,LowKick|Adamant||F|||50|]Farigiraf||ColburBerry|ArmorTail|TrickRoom,HelpingHand,Psychic,FoulPlay|Bold||M|||50|
|showteam|p2|Basculegion||ChoiceScarf|Adaptability|LastRespects,FlipTurn,WaveCrash,IceFang|Jolly||M|||50|]Spiritomb||RoseliBerry|Infiltrator|TrickRoom,DestinyBond,WillOWisp,DarkPulse|Relaxed||M|||50|]Conkeldurr||LifeOrb|SheerForce|LowSweep,MachPunch,Protect,IcePunch|Brave||F|||50|]Mawile||Mawilite|HyperCutter|PlayRough,SuckerPunch,IronHead,Protect|Brave||F|||50|]Dragonite||Dragoninite|InnerFocus|Thunder,Hurricane,DracoMeteor,ThunderWave|Modest||M|||50|]Pelipper||Leftovers|Drizzle|WideGuard,Protect,Tailwind,MuddyWater|Quiet||M|||50|
|inactive|Battle timer is ON: inactive players will automatically lose when time's up. (requested by Opus500)
|
|t:|1784172917
|teamsize|p1|4
|teamsize|p2|4
|start
|switch|p1a: Blaziken|Blaziken, L50, F|100/100
|switch|p1b: Kingambit|Kingambit, L50, F|100/100
|switch|p2a: Conkeldurr|Conkeldurr, L50, F|100/100
|switch|p2b: Spiritomb|Spiritomb, L50, M|100/100
|turn|1
|
|t:|1784172941
|detailschange|p1a: Blaziken|Blaziken-Mega, L50, F
|-mega|p1a: Blaziken|Blaziken|Blazikenite
|move|p1a: Blaziken|Protect|p1a: Blaziken
|-singleturn|p1a: Blaziken|Protect
|move|p1b: Kingambit|Kowtow Cleave|p2b: Spiritomb
|-damage|p2b: Spiritomb|39/100
|-damage|p1b: Kingambit|90/100|[from] item: Life Orb
|move|p2a: Conkeldurr|Low Sweep|p1b: Kingambit
|-supereffective|p1b: Kingambit|2
|-damage|p1b: Kingambit|0 fnt
|faint|p1b: Kingambit
|move|p2b: Spiritomb|Trick Room|p2b: Spiritomb
|-fieldstart|move: Trick Room|[of] p2b: Spiritomb
|
|-ability|p1a: Blaziken|Speed Boost|boost
|-boost|p1a: Blaziken|spe|1
|upkeep
|
|t:|1784172961
|switch|p1b: Lycanroc|Lycanroc-Dusk, L50, M|100/100
|turn|2
|
|t:|1784172978
|move|p1b: Lycanroc|Accelerock|p2b: Spiritomb
|-damage|p2b: Spiritomb|18/100
|move|p2b: Spiritomb|Destiny Bond|p2b: Spiritomb
|-singlemove|p2b: Spiritomb|Destiny Bond
|move|p2a: Conkeldurr|Low Sweep|p1b: Lycanroc
|-supereffective|p1b: Lycanroc|1
|-enditem|p1b: Lycanroc|Focus Sash
|-damage|p1b: Lycanroc|1/100
|move|p1a: Blaziken|Flare Blitz|p2a: Conkeldurr
|-damage|p2a: Conkeldurr|36/100
|-damage|p1a: Blaziken|71/100|[from] Recoil
|
|-ability|p1a: Blaziken|Speed Boost|boost
|-boost|p1a: Blaziken|spe|1
|upkeep
|turn|3
|
|t:|1784172999
|move|p1b: Lycanroc|Protect|p1b: Lycanroc
|-singleturn|p1b: Lycanroc|Protect
|move|p2b: Spiritomb|Dark Pulse|p1b: Lycanroc
|-activate|p1b: Lycanroc|move: Protect
|move|p2a: Conkeldurr|Low Sweep|p1a: Blaziken
|-damage|p1a: Blaziken|0 fnt
|faint|p1a: Blaziken
|
|upkeep
|
|t:|1784173007
|switch|p1a: Ninetales|Ninetales-Alola, L50, F|100/100
|-weather|Snowscape|[from] ability: Snow Warning|[of] p1a: Ninetales
|turn|4
|
|t:|1784173022
|move|p2a: Conkeldurr|Mach Punch|p1b: Lycanroc
|-supereffective|p1b: Lycanroc|1
|-damage|p1b: Lycanroc|0 fnt
|faint|p1b: Lycanroc
|-damage|p2a: Conkeldurr|26/100|[from] item: Life Orb
|move|p2b: Spiritomb|Destiny Bond|p2b: Spiritomb
|-singlemove|p2b: Spiritomb|Destiny Bond
|move|p1a: Ninetales|Blizzard|p2b: Spiritomb|[spread] p2a,p2b
|-damage|p2a: Conkeldurr|0 fnt
|-damage|p2b: Spiritomb|0 fnt
|faint|p2a: Conkeldurr
|faint|p2b: Spiritomb
|-activate|p2b: Spiritomb|move: Destiny Bond
|faint|p1a: Ninetales
|
|win|newtopokemonteehee
|inactive|Opus500 has 30 seconds to confirm battle start!
|inactive|newtopokemonteehee has 30 seconds to confirm battle start!
||newtopokemonteehee is ready for game 2.
||Opus500 is ready for game 2.
|uhtml|next|Next: Game 2 of 3
