|j|☆MudkipC4
|j|☆Lemonade Insurance
|html|MudkipC4Lemonade Insurance    
|uhtml|bestof|Game 1 of a best-of-3
|t:|1756405220
|gametype|doubles
|player|p1|MudkipC4|265|1317
|player|p2|Lemonade Insurance|102|1219
|gen|9
|tier|[Gen 9] VGC 2025 Reg H (Bo3)
|rated|
|rule|Species Clause: Limit one of each Pokémon
|rule|Item Clause: Limit 1 of each item
|clearpoke
|poke|p1|Incineroar, L50, M|
|poke|p1|Garchomp, L50, M|
|poke|p1|Talonflame, L50, F|
|poke|p1|Tyranitar, L50, F|
|poke|p1|Gothitelle, L50, F|
|poke|p1|Gholdengo, L50|
|poke|p2|Charizard, L50, M|
|poke|p2|Torkoal, L50, M|
|poke|p2|Porygon2, L50|
|poke|p2|Incineroar, L50, M|
|poke|p2|Jumpluff, L50, M|
|poke|p2|Ursaluna, L50, M|
|teampreview|4
|showteam|p1|Incineroar||RockyHelmet|Intimidate|FakeOut,KnockOff,FlareBlitz,PartingShot|||M|||50|,,,,,Grass]Garchomp||ClearAmulet|SandVeil|SwordsDance,Protect,Earthquake,DragonClaw|||M|||50|,,,,,Ground]Talonflame||SafetyGoggles|GaleWings|Tailwind,BraveBird,WillOWisp,QuickGuard|||F|||50|,,,,,Ghost]Tyranitar||AssaultVest|SandStream|RockSlide,KnockOff,LowKick,TeraBlast|||F|||50|,,,,,Flying]Gothitelle||SitrusBerry|ShadowTag|FakeOut,Psychic,Taunt,Protect|||F|||50|,,,,,Grass]Gholdengo||Leftovers|GoodasGold|NastyPlot,MakeItRain,ShadowBall,Protect||||||50|,,,,,Steel
|showteam|p2|Charizard||ChoiceSpecs|SolarPower|HeatWave,Overheat,WeatherBall,AirSlash|||M|||50|,,,,,Ghost]Torkoal||EjectPack|Drought|Eruption,Overheat,HelpingHand,Protect|||M|||50|,,,,,Fire]Porygon2||Eviolite|Download|TeraBlast,IceBeam,Recover,TrickRoom||||||50|,,,,,Ghost]Incineroar||SitrusBerry|Intimidate|FlareBlitz,KnockOff,FakeOut,PartingShot|||M|||50|,,,,,Grass]Jumpluff||CovertCloak|Chlorophyll|SleepPowder,SunnyDay,RagePowder,Tailwind|||M|||50|,,,,,Water]Ursaluna||FlameOrb|Guts|HeadlongRush,Facade,Earthquake,Protect|||M|||50|,,,,,Ghost
|inactive|Battle timer is ON: inactive players will automatically lose when time's up. (requested by Lemonade Insurance)
|
|t:|1756405265
|teamsize|p1|4
|teamsize|p2|4
|start
|switch|p1a: MiniRoar|Incineroar, L50, M|100/100
|switch|p1b: MegaTar|Tyranitar, L50, F, shiny|100/100
|switch|p2a: Scat Pack|Incineroar, L50, M|100/100
|switch|p2b: Blueberry|Jumpluff, L50, M|100/100
|-ability|p2a: Scat Pack|Intimidate|boost
|-unboost|p1a: MiniRoar|atk|1
|-unboost|p1b: MegaTar|atk|1
|-weather|Sandstorm|[from] ability: Sand Stream|[of] p1b: MegaTar
|-ability|p1a: MiniRoar|Intimidate|boost
|-unboost|p2a: Scat Pack|atk|1
|-unboost|p2b: Blueberry|atk|1
|turn|1
|
|t:|1756405289
|switch|p1b: Golemdengo|Gholdengo, L50|100/100
|move|p2b: Blueberry|Sleep Powder|p1b: Golemdengo
|-immune|p1b: Golemdengo|[from] ability: Good as Gold
|move|p2a: Scat Pack|Parting Shot|p1b: Golemdengo
|-immune|p1b: Golemdengo|[from] ability: Good as Gold
|move|p1a: MiniRoar|Parting Shot|p2b: Blueberry
|-unboost|p2b: Blueberry|atk|1
|-unboost|p2b: Blueberry|spa|1
|-message|Lemonade Insurance forfeited.
|
|win|MudkipC4
||Lemonade Insurance is ready for game 2.
||MudkipC4 is ready for game 2.
|uhtml|next|Next: Game 2 of 3
