|j|☆van-kpk
|j|☆NoitUK_VGC
|html|van-kpkNoitUK_VGC    
|uhtml|bestof|Game 1 of a best-of-3
|t:|1783861307
|gametype|doubles
|player|p1|van-kpk|101|1065
|player|p2|NoitUK_VGC|102|1156
|gen|9
|tier|[Gen 9 Champions] VGC 2026 Reg M-B (Bo3)
|rated|
|rule|Species Clause: Limit one of each Pokémon
|rule|Item Clause: Limit 1 of each item
|clearpoke
|poke|p1|Metagross, L50|
|poke|p1|Swampert, L50, M|
|poke|p1|Pelipper, L50, F|
|poke|p1|Archaludon, L50, F|
|poke|p1|Basculegion, L50, M|
|poke|p1|Farigiraf, L50, M|
|poke|p2|Archaludon, L50, F|
|poke|p2|Swampert, L50, F|
|poke|p2|Pelipper, L50, F|
|poke|p2|Raichu, L50, F|
|poke|p2|Sableye, L50, F|
|poke|p2|Kingambit, L50, F|
|teampreview|4
|showteam|p1|Metagross||Metagrossite|ClearBody|BulletPunch,Protect,Explosion,PsychicFangs|Jolly|||||50|]Swampert||Swampertite|Damp|IcePunch,HighHorsepower,WaveCrash,Protect|Jolly||M|||50|]Pelipper||FocusSash|Drizzle|Tailwind,WideGuard,Hurricane,WeatherBall|Timid||F|||50|]Archaludon||ChopleBerry|Stamina|Protect,ElectroShot,FlashCannon,DragonPulse|Timid||F|||50|]Basculegion||ChoiceScarf|Adaptability|AquaJet,WaveCrash,LastRespects,FlipTurn|Adamant||M|||50|]Farigiraf||ColburBerry|ArmorTail|TrickRoom,Thunder,TwinBeam,Protect|Quiet||M|||50|
|showteam|p2|Archaludon||Leftovers|Stamina|Protect,ElectroShot,FlashCannon,DragonPulse|Modest||F|||50|]Swampert||Swampertite|Torrent|Protect,WaveCrash,Earthquake,IcePunch|Adamant||F|||50|]Pelipper||SitrusBerry|Drizzle|WideGuard,WeatherBall,Hurricane,Tailwind|Bold||F|||50|]Raichu||RaichuniteX|LightningRod|FakeOut,VoltTackle,VoltSwitch,PlayRough|Hasty||F|||50|]Sableye||RoseliBerry|Prankster|Encore,Disable,WillOWisp,RainDance|Relaxed||F|||50|]Kingambit||ChopleBerry|Defiant|KowtowCleave,SuckerPunch,IronHead,LowKick|Adamant||F|||50|
|inactive|Battle timer is ON: inactive players will automatically lose when time's up. (requested by NoitUK_VGC)
|inactive|NoitUK_VGC has 60 seconds left.
|
|t:|1783861376
|teamsize|p1|4
|teamsize|p2|4
|start
|switch|p1a: Metagross|Metagross, L50|100/100
|switch|p1b: Swampert|Swampert, L50, M|100/100
|switch|p2a: Sableye|Sableye, L50, F|100/100
|switch|p2b: Swampert|Swampert, L50, F|100/100
|turn|1
|
|t:|1783861393
|detailschange|p2b: Swampert|Swampert-Mega, L50, F
|-mega|p2b: Swampert|Swampert|Swampertite
|move|p2b: Swampert|Protect|p2b: Swampert
|-singleturn|p2b: Swampert|Protect
|move|p1a: Metagross|Bullet Punch|p2a: Sableye
|-damage|p2a: Sableye|72/100
|move|p2a: Sableye|Will-O-Wisp|p1b: Swampert
|-status|p1b: Swampert|brn
|move|p1b: Swampert|High Horsepower|p2a: Sableye
|-damage|p2a: Sableye|46/100
|
|-damage|p1b: Swampert|94/100 brn|[from] brn
|upkeep
|turn|2
|
|t:|1783861414
|detailschange|p1a: Metagross|Metagross-Mega, L50
|-mega|p1a: Metagross|Metagross|Metagrossite
|move|p2a: Sableye|Will-O-Wisp|p1a: Metagross
|-status|p1a: Metagross|brn
|move|p1a: Metagross|Explosion||[still]
|cant|p1b: Swampert|ability: Damp|Explosion|[of] p1a: Metagross
|move|p1b: Swampert|Wave Crash|p2b: Swampert
|-damage|p2b: Swampert|75/100
|-damage|p1b: Swampert|86/100 brn|[from] Recoil
|move|p2b: Swampert|Earthquake|p1a: Metagross|[spread] p2a,p1a,p1b
|-supereffective|p1a: Metagross|1
|-crit|p1a: Metagross
|-damage|p2a: Sableye|0 fnt
|-damage|p1a: Metagross|0 fnt
|-damage|p1b: Swampert|34/100 brn
|faint|p2a: Sableye
|faint|p1a: Metagross
|
|-damage|p1b: Swampert|29/100 brn|[from] brn
|upkeep
|-message|van-kpk forfeited.
|
|win|NoitUK_VGC
|l|☆van-kpk
|player|p1|
||van-kpk is ready for game 2.
|inactive|NoitUK_VGC has 30 seconds to confirm battle start!
|inactive|NoitUK_VGC has 20 seconds to confirm battle start!
|inactive|NoitUK_VGC has 10 seconds to confirm battle start!
|uhtml|next|Next: Game 2 of 3
