|j|☆andrewcips
|j|☆sbhaga34
|html|andrewcipssbhaga34    
|uhtml|bestof|Game 2 of a best-of-3
|t:|1784219039
|gametype|doubles
|player|p1|andrewcips|alder|1258
|player|p2|sbhaga34|hugh|1309
|gen|9
|tier|[Gen 9 Champions] VGC 2026 Reg M-B (Bo3)
|rated|
|rule|Species Clause: Limit one of each Pokémon
|rule|Item Clause: Limit 1 of each item
|clearpoke
|poke|p1|Charizard, L50, M|
|poke|p1|Whimsicott, L50, F|
|poke|p1|Basculegion, L50, M|
|poke|p1|Kingambit, L50, F|
|poke|p1|Garchomp, L50, M|
|poke|p1|Glimmora, L50, M|
|poke|p2|Excadrill, L50, F|
|poke|p2|Tyranitar, L50, F|
|poke|p2|Corviknight, L50, F|
|poke|p2|Rotom-Wash, L50|
|poke|p2|Chandelure, L50, M|
|poke|p2|Clefable, L50, F|
|teampreview|4
|showteam|p1|Charizard||CharizarditeY|Blaze|HeatWave,WeatherBall,SolarBeam,Protect|Modest||M|||50|]Whimsicott||FocusSash|Prankster|Moonblast,Tailwind,Encore,Protect|Timid||F|||50|]Basculegion||MysticWater|Adaptability|WaveCrash,AquaJet,LastRespects,Protect|Adamant||M|||50|]Kingambit||BlackGlasses|Defiant|Protect,LowKick,KowtowCleave,SuckerPunch|Adamant||F|||50|]Garchomp||LifeOrb|RoughSkin|StompingTantrum,RockSlide,DragonClaw,Protect|Jolly||M|||50|]Glimmora||Glimmoranite|ToxicDebris|SpikyShield,SludgeBomb,EarthPower,PowerGem|Timid||M|||50|
|showteam|p2|Excadrill||FocusSash|SandRush|Earthquake,IronHead,SwordsDance,Protect|Adamant||F|||50|]Tyranitar||Tyranitarite|SandStream|RockSlide,KnockOff,LowKick,Protect|Adamant||F|||50|]Corviknight||SharpBeak|MirrorArmor|BraveBird,Tailwind,BulkUp,Roost|Careful||F|||50|]Rotom-Wash||ChoiceScarf|Levitate|VoltSwitch,Thunderbolt,Electroweb,HydroPump|Timid|||||50|]Chandelure||ShucaBerry|FlashFire|HeatWave,ShadowBall,TrickRoom,Protect|Modest||M|||50|]Clefable||Clefablite|MagicGuard|FollowMe,Moonblast,HealPulse,Protect|Modest||F|||50|
|inactive|Battle timer is ON: inactive players will automatically lose when time's up. (requested by andrewcips)
|
|t:|1784219061
|teamsize|p1|4
|teamsize|p2|4
|start
|switch|p1a: Glimmora|Glimmora, L50, M|100/100
|switch|p1b: Garchomp|Garchomp, L50, M|100/100
|switch|p2a: Clefable|Clefable, L50, F|100/100
|switch|p2b: Chandelure|Chandelure, L50, M|100/100
|turn|1
|inactive|sbhaga34 has 30 seconds left.
|inactive|andrewcips has 30 seconds left.
|inactive|sbhaga34 has 20 seconds left.
|inactive|sbhaga34 has 15 seconds left.
|
|t:|1784219106
|detailschange|p1a: Glimmora|Glimmora-Mega, L50, M
|-mega|p1a: Glimmora|Glimmora|Glimmoranite
|detailschange|p2a: Clefable|Clefable-Mega, L50, F
|-mega|p2a: Clefable|Clefable|Clefablite
|move|p2b: Chandelure|Protect|p2b: Chandelure
|-singleturn|p2b: Chandelure|Protect
|move|p1b: Garchomp|Rock Slide|p2a: Clefable|[spread] p2a
|-activate|p2b: Chandelure|move: Protect
|-supereffective|p2a: Clefable|1
|-damage|p2a: Clefable|50/100g
|-damage|p1b: Garchomp|90/100|[from] item: Life Orb
|move|p1a: Glimmora|Sludge Bomb|p2a: Clefable
|-supereffective|p2a: Clefable|1
|-damage|p2a: Clefable|0 fnt
|faint|p2a: Clefable
|
|upkeep
|
|t:|1784219119
|switch|p2a: Excadrill|Excadrill, L50, F|100/100
|turn|2
|
|t:|1784219133
|move|p2a: Excadrill|Protect|p2a: Excadrill
|-singleturn|p2a: Excadrill|Protect
|move|p1b: Garchomp|Rock Slide|p2b: Chandelure|[spread] p2b
|-activate|p2a: Excadrill|move: Protect
|-supereffective|p2b: Chandelure|1
|-damage|p2b: Chandelure|45/100
|-damage|p1b: Garchomp|80/100|[from] item: Life Orb
|move|p1a: Glimmora|Earth Power|p2a: Excadrill
|-activate|p2a: Excadrill|move: Protect
|cant|p2b: Chandelure|flinch
|
|upkeep
|turn|3
|-message|sbhaga34 forfeited.
|
|win|andrewcips
|raw|andrewcips's rating: 1258 → 1287(+29 for winning)
|raw|sbhaga34's rating: 1309 → 1286(-23 for losing)
