|j|☆jacre22
|j|☆Schroombert
|html|jacre22Schroombert    
|uhtml|bestof|Game 3 of a best-of-3
|t:|1755975782
|gametype|doubles
|player|p1|jacre22|iris-gen5bw2|1252
|player|p2|Schroombert|rancher|1346
|gen|9
|tier|[Gen 9] VGC 2025 Reg H (Bo3)
|rated|
|rule|Species Clause: Limit one of each Pokémon
|rule|Item Clause: Limit 1 of each item
|clearpoke
|poke|p1|Whimsicott, L50, F|
|poke|p1|Garchomp, L50, M|
|poke|p1|Gholdengo, L50|
|poke|p1|Incineroar, L50, F|
|poke|p1|Sneasler, L50, F|
|poke|p1|Dragonite, L50, M|
|poke|p2|Talonflame, L50, F|
|poke|p2|Gholdengo, L50|
|poke|p2|Pawmot, L50, M|
|poke|p2|Dragonite, L50, M|
|poke|p2|Tatsugiri, L50, M|
|poke|p2|Dondozo, L50, F|
|teampreview|4
|showteam|p1|Whimsicott||FocusSash|Prankster|Moonblast,Tailwind,Encore,Protect|||F|||50|,,,,,Ghost]Garchomp||LifeOrb|RoughSkin|Earthquake,DragonClaw,StompingTantrum,Protect|||M|||50|,,,,,Ground]Gholdengo||ChoiceSpecs|GoodasGold|MakeItRain,ShadowBall,Trick,Protect||||||50|,,,,,Steel]Incineroar||AssaultVest|Intimidate|FakeOut,FlareBlitz,KnockOff,Uturn|||F|||50|,,,,,Grass]Sneasler||WhiteHerb|Unburden|FakeOut,DireClaw,CloseCombat,Protect|||F|||50|,,,,,Stellar]Dragonite||ChoiceBand|InnerFocus|ExtremeSpeed,Outrage,IceSpinner,StompingTantrum|||M|||50|,,,,,Normal
|showteam|p2|Talonflame||CovertCloak|GaleWings|WillOWisp,Taunt,Tailwind,BraveBird|||F|||50|,,,,,Grass]Gholdengo||LifeOrb|GoodasGold|MakeItRain,ShadowBall,NastyPlot,Protect||||||50|,,,,,Water]Pawmot||FocusSash|NaturalCure|FakeOut,DoubleShock,CloseCombat,RevivalBlessing|||M|||50|,,,,,Electric]Dragonite||ChoiceBand|InnerFocus|ExtremeSpeed,Outrage,IceSpinner,LowKick|||M|||50|,,,,,Normal]Tatsugiri||ChoiceScarf|Commander|MuddyWater,IcyWind,DracoMeteor,SleepTalk|||M|||50|,,,,,Ghost]Dondozo||ClearAmulet|Unaware|WaveCrash,OrderUp,Earthquake,Protect|||F|||50|,,,,,Grass
|inactive|Battle timer is ON: inactive players will automatically lose when time's up. (requested by Schroombert)
|inactive|jacre22 has 60 seconds left.
|inactive|Schroombert has 60 seconds left.
|
|t:|1755975839
|teamsize|p1|4
|teamsize|p2|4
|start
|switch|p1a: Gholdengo|Gholdengo, L50|100/100
|switch|p1b: Whimsicott|Whimsicott, L50, F|100/100
|switch|p2a: Talonflame|Talonflame, L50, F, shiny|100/100
|switch|p2b: Dragonite|Dragonite, L50, M, shiny|100/100
|turn|1
|inactive|Schroombert has 30 seconds left.
|
|t:|1755975869
|-terastallize|p1a: Gholdengo|Steel
|move|p1b: Whimsicott|Protect|p1b: Whimsicott
|-singleturn|p1b: Whimsicott|Protect
|move|p2b: Dragonite|Extreme Speed|p1b: Whimsicott
|-activate|p1b: Whimsicott|move: Protect
|move|p2a: Talonflame|Brave Bird|p1b: Whimsicott
|-activate|p1b: Whimsicott|move: Protect
|move|p1a: Gholdengo|Make It Rain|p2b: Dragonite|[spread] p2a,p2b
|-resisted|p2a: Talonflame
|-damage|p2a: Talonflame|25/100
|-damage|p2b: Dragonite|9/100
|-unboost|p1a: Gholdengo|spa|1
|
|upkeep
|turn|2
|
|t:|1755975889
|switch|p2a: Dondozo|Dondozo, L50, F, shiny|100/100
|switch|p1b: Dragonite|Dragonite, L50, M|100/100
|switch|p2b: Tatsugiri|Tatsugiri, L50, M, shiny|100/100
|-activate|p2b: Tatsugiri|ability: Commander|[of] p2a: Dondozo
|-boost|p2a: Dondozo|atk|2
|-boost|p2a: Dondozo|spa|2
|-boost|p2a: Dondozo|spe|2
|-boost|p2a: Dondozo|def|2
|-boost|p2a: Dondozo|spd|2
|move|p1a: Gholdengo|Make It Rain|p2a: Dondozo|[spread] p2a
|-miss|p1a: Gholdengo|p2b: Tatsugiri
|-resisted|p2a: Dondozo
|-crit|p2a: Dondozo
|-damage|p2a: Dondozo|10/100
|-unboost|p1a: Gholdengo|spa|1
|
|upkeep
|turn|3
|
|t:|1755975911
|switch|p1a: Whimsicott|Whimsicott, L50, F|100/100
|move|p1b: Dragonite|Extreme Speed|p2a: Dondozo
|-damage|p2a: Dondozo|0 fnt
|faint|p2a: Dondozo
|
|upkeep
|
|t:|1755975919
|switch|p2a: Dragonite|Dragonite, L50, M, shiny|9/100
|turn|4
|
|t:|1755975940
|switch|p2a: Talonflame|Talonflame, L50, F, shiny|25/100
|switch|p1b: Gholdengo|Gholdengo, L50, tera:Steel|100/100
|-terastallize|p2b: Tatsugiri|Ghost
|move|p2b: Tatsugiri|Draco Meteor|p1b: Gholdengo
|-resisted|p1b: Gholdengo
|-damage|p1b: Gholdengo|62/100
|-unboost|p2b: Tatsugiri|spa|2
|move|p1a: Whimsicott|Moonblast|p2a: Talonflame
|-resisted|p2a: Talonflame
|-damage|p2a: Talonflame|0 fnt
|faint|p2a: Talonflame
|
|upkeep
|
|t:|1755975946
|switch|p2a: Dragonite|Dragonite, L50, M, shiny|9/100
|turn|5
|
|t:|1755975958
|move|p2a: Dragonite|Extreme Speed|p1a: Whimsicott
|-damage|p1a: Whimsicott|33/100
|move|p1a: Whimsicott|Tailwind|p1a: Whimsicott
|-sidestart|p1: jacre22|move: Tailwind
|move|p1b: Gholdengo|Make It Rain|p2a: Dragonite|[spread] p2a,p2b
|-damage|p2a: Dragonite|0 fnt
|-damage|p2b: Tatsugiri|0 fnt
|-unboost|p1b: Gholdengo|spa|1
|faint|p2a: Dragonite
|faint|p2b: Tatsugiri
|
|win|jacre22
|raw|jacre22's rating: 1252 → 1284(+32 for winning)
|raw|Schroombert's rating: 1346 → 1321(-25 for losing)
|c|☆jacre22|ggs
|l|☆Schroombert
|player|p2|
