|j|☆grumblegoober
|j|☆SFmrmimers
|html|grumblegooberSFmrmimers    
|uhtml|bestof|Game 1 of a best-of-3
|t:|1757776802
|gametype|doubles
|player|p1|grumblegoober|crasherwake|1052
|player|p2|SFmrmimers|n|1129
|gen|9
|tier|[Gen 9] VGC 2025 Reg H (Bo3)
|rated|
|rule|Species Clause: Limit one of each Pokémon
|rule|Item Clause: Limit 1 of each item
|clearpoke
|poke|p1|Vivillon, L50, M|
|poke|p1|Garchomp, L50, F|
|poke|p1|Primarina, L50, F|
|poke|p1|Porygon2, L50|
|poke|p1|Incineroar, L50, F|
|poke|p1|Gholdengo, L50|
|poke|p2|Sneasler, L50, F|
|poke|p2|Kingambit, L50, F|
|poke|p2|Rillaboom, L50, M|
|poke|p2|Basculegion, L50, M|
|poke|p2|Magmar, L50, M|
|poke|p2|Ninetales-Alola, L50, F|
|teampreview|4
|showteam|p1|Vivillon||FocusSash|CompoundEyes|Hurricane,SleepPowder,RagePowder,Protect|||M|||50|,,,,,Ghost]Garchomp||LifeOrb|RoughSkin|DragonClaw,Earthquake,StompingTantrum,Protect|||F|||50|,,,,,Steel]Primarina||SitrusBerry|LiquidVoice|HyperVoice,Moonblast,Haze,Protect|||F|||50|,,,,,Poison]Porygon2||Eviolite|Download|TeraBlast,IceBeam,TrickRoom,Recover||||||50|,,,,,Ground]Incineroar||SafetyGoggles|Intimidate|FakeOut,FlareBlitz,KnockOff,PartingShot|||F|||50|,,,,,Ghost]Gholdengo||Leftovers|GoodasGold|MakeItRain,ShadowBall,NastyPlot,Protect||||||50|,,,,,Flying
|showteam|p2|Sneasler||FocusSash|PoisonTouch|DireClaw,CloseCombat,FakeOut,Protect|||F|||50|,,,,,Ghost]Kingambit||BlackGlasses|Defiant|KowtowCleave,SuckerPunch,SwordsDance,Protect|||F|||50|,,,,,Fire]Rillaboom||AssaultVest|GrassySurge|FakeOut,Uturn,GrassyGlide,WoodHammer|||M|||50|,,,,,Fire]Basculegion||ChoiceScarf|Adaptability|WaveCrash,LastRespects,TeraBlast,FlipTurn|||M|||50|,,,,,Fairy]Magmar||Eviolite|VitalSpirit|FollowMe,HeatWave,Taunt,Protect|||M|||50|,,,,,Ghost]Ninetales-Alola||NeverMeltIce|SnowWarning|Blizzard,FreezeDry,Encore,Protect|||F|||50|,,,,,Ghost
|
|t:|1757776822
|teamsize|p1|4
|teamsize|p2|4
|start
|switch|p1a: Garchomp|Garchomp, L50, F|100/100
|switch|p1b: Vivillon|Vivillon, L50, M|100/100
|switch|p2a: Ninetales|Ninetales-Alola, L50, F|100/100
|switch|p2b: Rillaboom|Rillaboom, L50, M|100/100
|-weather|Snowscape|[from] ability: Snow Warning|[of] p2a: Ninetales
|-fieldstart|move: Grassy Terrain|[from] ability: Grassy Surge|[of] p2b: Rillaboom
|turn|1
|inactive|Battle timer is ON: inactive players will automatically lose when time's up. (requested by SFmrmimers)
|
|t:|1757776850
|switch|p1a: Incineroar|Incineroar, L50, F|100/100
|-ability|p1a: Incineroar|Intimidate|boost
|-unboost|p2a: Ninetales|atk|1
|-unboost|p2b: Rillaboom|atk|1
|move|p1b: Vivillon|Protect|p1b: Vivillon
|-singleturn|p1b: Vivillon|Protect
|move|p2b: Rillaboom|Fake Out|p1b: Vivillon
|-activate|p1b: Vivillon|move: Protect
|move|p2a: Ninetales|Blizzard|p1b: Vivillon|[spread] p1a
|-activate|p1b: Vivillon|move: Protect
|-resisted|p1a: Incineroar
|-damage|p1a: Incineroar|86/100
|
|-weather|Snowscape|[upkeep]
|-heal|p1a: Incineroar|92/100|[from] Grassy Terrain
|upkeep
|turn|2
|
|t:|1757776869
|switch|p2a: Kingambit|Kingambit, L50, F, shiny|100/100
|move|p1a: Incineroar|Fake Out|p2b: Rillaboom
|-damage|p2b: Rillaboom|90/100
|move|p1b: Vivillon|Sleep Powder|p2a: Kingambit
|-status|p2a: Kingambit|slp|[from] move: Sleep Powder
|cant|p2b: Rillaboom|flinch
|
|-weather|Snowscape|[upkeep]
|-heal|p2b: Rillaboom|96/100|[from] Grassy Terrain
|-heal|p1a: Incineroar|98/100|[from] Grassy Terrain
|upkeep
|turn|3
|
|t:|1757776883
|cant|p2a: Kingambit|slp
|move|p1b: Vivillon|Hurricane|p2b: Rillaboom
|-supereffective|p2b: Rillaboom
|-damage|p2b: Rillaboom|37/100
|move|p2b: Rillaboom|U-turn|p1a: Incineroar
|-damage|p1a: Incineroar|86/100
|
|t:|1757776892
|switch|p2b: Sneasler|Sneasler, L50, F|100/100|[from] U-turn
|move|p1a: Incineroar|Flare Blitz|p2a: Kingambit
|-supereffective|p2a: Kingambit
|-damage|p2a: Kingambit|31/100 slp
|-damage|p1a: Incineroar|64/100|[from] Recoil
|
|-weather|Snowscape|[upkeep]
|-heal|p2a: Kingambit|37/100 slp|[from] Grassy Terrain
|-heal|p1a: Incineroar|70/100|[from] Grassy Terrain
|upkeep
|turn|4
|inactive|grumblegoober has 30 seconds left.
|inactive|SFmrmimers has 30 seconds left.
|inactive|SFmrmimers has 20 seconds left.
|inactive|SFmrmimers has 15 seconds left.
|l|☆SFmrmimers
|inactive|SFmrmimers disconnected and has a minute to reconnect!
|player|p2|
|inactive|SFmrmimers has 10 seconds left.
|inactive|SFmrmimers has 5 seconds left.
|-message|SFmrmimers lost due to inactivity.
|
|win|grumblegoober
|l|☆grumblegoober
|player|p1|
|inactive|grumblegoober has 30 seconds to confirm battle start!
|inactive|SFmrmimers has 30 seconds to confirm battle start!
|raw|grumblegoober's rating: 1052 → 1038(-14 for losing)
|raw|SFmrmimers's rating: 1129 → 1149(+20 for winning)
