|j|☆neoangel15
|j|☆crimsonkidd
|html|neoangel15crimsonkidd    
|uhtml|bestof|Game 1 of a best-of-3
|t:|1756167431
|gametype|doubles
|player|p1|neoangel15|170|1000
|player|p2|crimsonkidd|lance|1109
|gen|9
|tier|[Gen 9] VGC 2025 Reg H (Bo3)
|rated|
|rule|Species Clause: Limit one of each Pokémon
|rule|Item Clause: Limit 1 of each item
|clearpoke
|poke|p1|Flamigo, L50, M|
|poke|p1|Palossand, L50, M|
|poke|p1|Palafin, L50, F|
|poke|p1|Overqwil, L50, F|
|poke|p1|Pelipper, L50, M|
|poke|p1|Comfey, L50, M|
|poke|p2|Tyranitar, L50, F|
|poke|p2|Garchomp, L50, M|
|poke|p2|Gyarados, L50, F|
|poke|p2|Amoonguss, L50, M|
|poke|p2|Volcarona, L50, M|
|poke|p2|Kilowattrel, L50, M|
|teampreview|4
|showteam|p1|Flamigo||LifeOrb|Scrappy|BraveBird,CloseCombat,Protect,Uturn|||M|||50|,,,,,Flying]Palossand||SitrusBerry|WaterCompaction|EnergyBall,Protect,EarthPower,ShadowBall|||M|||50|,,,,,Grass]Palafin||ChoiceBand|ZerotoHero|FlipTurn,WaveCrash,IcePunch,JetPunch|||F|||50|,,,,,Water]Overqwil||RockyHelmet|Intimidate|Crunch,GunkShot,Protect,Waterfall|||F|||50|,,,,,Water]Pelipper||WacanBerry|Drizzle|Tailwind,Protect,Hurricane,IceBeam|||M|||50|,,,,,Water]Comfey||MentalHerb|Triage|Taunt,Encore,FloralHealing,DrainingKiss|||M|||50|,,,,,Fairy
|showteam|p2|Tyranitar||AssaultVest|SandStream|KnockOff,RockSlide,TeraBlast,LowKick|||F|||50|,,,,,Flying]Garchomp||LifeOrb|SandVeil|Earthquake,SwordsDance,Protect,DragonClaw|||M|||50|,,,,,Ground]Gyarados||SafetyGoggles|Intimidate|Waterfall,ThunderWave,Taunt,Protect|||F|||50|,,,,,Steel]Amoonguss||SitrusBerry|Regenerator|RagePowder,Spore,PollenPuff,ClearSmog|||M|||50|,,,,,Water]Volcarona||Leftovers|FlameBody|QuiverDance,HeatWave,GigaDrain,Protect|||M|||50|,,,,,Grass]Kilowattrel||FocusSash|Competitive|Thunderbolt,Tailwind,AirSlash,Protect|||M|||50|,,,,,Ghost
|inactive|Battle timer is ON: inactive players will automatically lose when time's up. (requested by crimsonkidd)
|
|t:|1756167492
|teamsize|p1|4
|teamsize|p2|4
|start
|switch|p1a: Pelipper|Pelipper, L50, M|100/100
|switch|p1b: Palafin|Palafin, L50, F|100/100
|switch|p2a: Kilowattrel|Kilowattrel, L50, M|100/100
|switch|p2b: Garchomp|Garchomp, L50, M|100/100
|-weather|RainDance|[from] ability: Drizzle|[of] p1a: Pelipper
|turn|1
|inactive|crimsonkidd has 30 seconds left.
|inactive|crimsonkidd has 20 seconds left.
|inactive|crimsonkidd has 15 seconds left.
|inactive|crimsonkidd has 10 seconds left.
|inactive|crimsonkidd has 5 seconds left.
|
|t:|1756167544
|move|p2a: Kilowattrel|Tailwind|p2a: Kilowattrel
|-sidestart|p2: crimsonkidd|move: Tailwind
|move|p2b: Garchomp|Swords Dance|p2b: Garchomp
|-boost|p2b: Garchomp|atk|2
|move|p1b: Palafin|Flip Turn|p2b: Garchomp
|-damage|p2b: Garchomp|51/100
|
|t:|1756167556
|detailschange|p1b: Palafin|Palafin-Hero, L50, F
|switch|p1b: Comfey|Comfey, L50, M|100/100|[from] Flip Turn
|move|p1a: Pelipper|Tailwind|p1a: Pelipper
|-sidestart|p1: neoangel15|move: Tailwind
|
|-weather|RainDance|[upkeep]
|upkeep
|turn|2
|inactive|neoangel15 has 30 seconds left.
|
|t:|1756167583
|move|p1b: Comfey|Draining Kiss|p2b: Garchomp
|-supereffective|p2b: Garchomp
|-damage|p2b: Garchomp|21/100
|move|p2a: Kilowattrel|Thunderbolt|p1a: Pelipper
|-supereffective|p1a: Pelipper
|-enditem|p1a: Pelipper|Wacan Berry|[eat]
|-enditem|p1a: Pelipper|Wacan Berry|[weaken]
|-damage|p1a: Pelipper|0 fnt
|faint|p1a: Pelipper
|move|p2b: Garchomp|Dragon Claw|p1b: Comfey
|-immune|p1b: Comfey
|
|-weather|RainDance|[upkeep]
|upkeep
|
|t:|1756167597
|switch|p1a: Palafin|Palafin-Hero, L50, F|100/100
|-activate|p1a: Palafin|ability: Zero to Hero
|turn|3
|inactive|neoangel15 has 30 seconds left.
|
|t:|1756167627
|move|p2b: Garchomp|Protect|p2b: Garchomp
|-singleturn|p2b: Garchomp|Protect
|move|p1a: Palafin|Jet Punch|p2a: Kilowattrel
|-enditem|p2a: Kilowattrel|Focus Sash
|-damage|p2a: Kilowattrel|1/100
|move|p2a: Kilowattrel|Thunderbolt|p1a: Palafin
|-supereffective|p1a: Palafin
|-damage|p1a: Palafin|0 fnt
|faint|p1a: Palafin
|move|p1b: Comfey|Encore|p2b: Garchomp
|-activate|p2b: Garchomp|move: Protect
|
|-weather|RainDance|[upkeep]
|upkeep
|
|t:|1756167643
|switch|p1a: Flamigo|Flamigo, L50, M|100/100
|turn|4
|inactive|crimsonkidd has 30 seconds left.
|inactive|crimsonkidd has 20 seconds left.
|inactive|crimsonkidd has 15 seconds left.
|
|t:|1756167685
|-terastallize|p2b: Garchomp|Ground
|move|p1a: Flamigo|Protect|p1a: Flamigo
|-singleturn|p1a: Flamigo|Protect
|move|p2a: Kilowattrel|Thunderbolt|p1a: Flamigo
|-activate|p1a: Flamigo|move: Protect
|move|p2b: Garchomp|Earthquake|p1a: Flamigo|[spread] p1b
|-activate|p1a: Flamigo|move: Protect
|-immune|p2a: Kilowattrel
|-damage|p1b: Comfey|0 fnt
|faint|p1b: Comfey
|-damage|p2b: Garchomp|11/100|[from] item: Life Orb
|
|-weather|RainDance|[upkeep]
|-sideend|p2: crimsonkidd|move: Tailwind
|-sideend|p1: neoangel15|move: Tailwind
|upkeep
|turn|5
|inactive|neoangel15 has 30 seconds left.
|
|t:|1756167712
|move|p2a: Kilowattrel|Thunderbolt|p1a: Flamigo
|-supereffective|p1a: Flamigo
|-damage|p1a: Flamigo|0 fnt
|faint|p1a: Flamigo
|
|win|crimsonkidd
||crimsonkidd is ready for game 2.
