|j|☆HolgerD
|j|☆lazarett
|html|HolgerDlazarett    
|uhtml|bestof|Game 1 of a best-of-3
|t:|1757629676
|gametype|doubles
|player|p1|HolgerD|170|1400
|player|p2|lazarett|riley|1347
|gen|9
|tier|[Gen 9] VGC 2025 Reg H (Bo3)
|rated|
|rule|Species Clause: Limit one of each Pokémon
|rule|Item Clause: Limit 1 of each item
|clearpoke
|poke|p1|Maushold, L50|
|poke|p1|Pelipper, L50, M|
|poke|p1|Archaludon, L50, M|
|poke|p1|Ursaluna, L50, M|
|poke|p1|Sinistcha, L50|
|poke|p1|Basculegion, L50, M|
|poke|p2|Mienshao, L50, M|
|poke|p2|Dragonite, L50, F|
|poke|p2|Gholdengo, L50|
|poke|p2|Porygon2, L50|
|poke|p2|Ursaluna, L50, M|
|poke|p2|Incineroar, L50, F|
|teampreview|4
|showteam|p1|Maushold||WideLens|Technician|PopulationBomb,FollowMe,Taunt,Protect||||||50|,,,,,Ghost]Pelipper||FocusSash|Drizzle|Hurricane,MuddyWater,Tailwind,Protect|||M|||50|,,,,,Ghost]Archaludon||AssaultVest|Stamina|DracoMeteor,ElectroShot,BodyPress,FlashCannon|||M|||50|,,,,,Bug]Ursaluna||FlameOrb|Guts|Facade,HeadlongRush,Earthquake,Protect|||M|||50|,,,,,Ghost]Sinistcha||SitrusBerry|Hospitality|MatchaGotcha,LifeDew,RagePowder,TrickRoom||||||50|,,,,,Fairy]Basculegion||LifeOrb|SwiftSwim|AquaJet,Protect,LastRespects,WaveCrash|||M|||50|,,,,,Water
|showteam|p2|Mienshao||FocusSash|InnerFocus|CloseCombat,IceSpinner,KnockOff,WideGuard|||M|||50|,,,,,Fairy]Dragonite||LoadedDice|Multiscale|ScaleShot,Haze,Tailwind,Protect|||F|||50|,,,,,Fairy]Gholdengo||LifeOrb|GoodasGold|MakeItRain,ShadowBall,NastyPlot,Protect||||||50|,,,,,Water]Porygon2||Eviolite|Download|IceBeam,TeraBlast,Recover,TrickRoom||||||50|,,,,,Fighting]Ursaluna||FlameOrb|Guts|Facade,Earthquake,HeadlongRush,Protect|||M|||50|,,,,,Ghost]Incineroar||SafetyGoggles|Intimidate|FakeOut,KnockOff,FlareBlitz,PartingShot|||F|||50|,,,,,Ghost
|
|t:|1757629735
|teamsize|p1|4
|teamsize|p2|4
|start
|switch|p1a: Maushold|Maushold, L50|100/100
|switch|p1b: Basculegion|Basculegion, L50, M|100/100
|switch|p2a: Dragonite|Dragonite, L50, F|100/100
|switch|p2b: Gholdengo|Gholdengo, L50|100/100
|turn|1
|
|t:|1757629754
|-terastallize|p1b: Basculegion|Water
|move|p2b: Gholdengo|Protect|p2b: Gholdengo
|-singleturn|p2b: Gholdengo|Protect
|move|p2a: Dragonite|Protect|p2a: Dragonite
|-singleturn|p2a: Dragonite|Protect
|move|p1a: Maushold|Population Bomb|p2a: Dragonite
|-activate|p2a: Dragonite|move: Protect
|move|p1b: Basculegion|Wave Crash|p2b: Gholdengo
|-activate|p2b: Gholdengo|move: Protect
|
|upkeep
|turn|2
|
|t:|1757629777
|-terastallize|p2b: Gholdengo|Water
|move|p1a: Maushold|Population Bomb|p2a: Dragonite
|-damage|p2a: Dragonite|94/100
|-damage|p2a: Dragonite|81/100
|-damage|p2a: Dragonite|68/100
|-damage|p2a: Dragonite|54/100
|-crit|p2a: Dragonite
|-damage|p2a: Dragonite|35/100
|-damage|p2a: Dragonite|23/100
|-damage|p2a: Dragonite|12/100
|-damage|p2a: Dragonite|0 fnt
|faint|p2a: Dragonite
|-hitcount|p2: Dragonite|8
|move|p2b: Gholdengo|Make It Rain|p1b: Basculegion|[spread] p1a,p1b
|-resisted|p1b: Basculegion
|-damage|p1a: Maushold|16/100
|-damage|p1b: Basculegion|67/100
|-unboost|p2b: Gholdengo|spa|1
|-damage|p2b: Gholdengo|91/100|[from] item: Life Orb
|move|p1b: Basculegion|Wave Crash|p2b: Gholdengo
|-resisted|p2b: Gholdengo
|-damage|p2b: Gholdengo|28/100
|-damage|p1b: Basculegion|51/100|[from] Recoil
|-damage|p1b: Basculegion|41/100|[from] item: Life Orb
|
|upkeep
|
|t:|1757629807
|switch|p2a: Mienshao|Mienshao, L50, M|100/100
|turn|3
|
|t:|1757629838
|move|p1b: Basculegion|Protect|p1b: Basculegion
|-singleturn|p1b: Basculegion|Protect
|move|p1a: Maushold|Population Bomb|p2a: Mienshao
|-damage|p2a: Mienshao|78/100
|-damage|p2a: Mienshao|58/100
|-damage|p2a: Mienshao|38/100
|-damage|p2a: Mienshao|18/100
|-damage|p2a: Mienshao|0 fnt
|faint|p2a: Mienshao
|-hitcount|p2: Mienshao|5
|move|p2b: Gholdengo|Make It Rain|p1a: Maushold|[spread] p1a
|-activate|p1b: Basculegion|move: Protect
|-damage|p1a: Maushold|0 fnt
|-unboost|p2b: Gholdengo|spa|1
|faint|p1a: Maushold
|-damage|p2b: Gholdengo|19/100|[from] item: Life Orb
|
|upkeep
|-message|lazarett forfeited.
|
|win|HolgerD
||lazarett is ready for game 2.
||HolgerD is ready for game 2.
|uhtml|next|Next: Game 2 of 3
