|j|Ōśånew mental
|j|ŌśåBVSelf
|html|new mentalBVSelf    
|uhtml|bestof|Game 2 of a best-of-3
|t:|1783332884
|gametype|doubles
|player|p1|new mental|volkner|
|player|p2|BVSelf|juan|
|gen|9
|tier|[Gen 9 Champions] VGC 2026 Reg M-B (Bo3)
|rule|Species Clause: Limit one of each Pok├®mon
|rule|Item Clause: Limit 1 of each item
|clearpoke
|poke|p1|Aerodactyl, L50, M|
|poke|p1|Garchomp, L50, F|
|poke|p1|Kingambit, L50, F|
|poke|p1|Charizard, L50, M|
|poke|p1|Sylveon, L50, F|
|poke|p1|Farigiraf, L50, M|
|poke|p2|Torkoal, L50, F|
|poke|p2|Venusaur, L50, M|
|poke|p2|Farigiraf, L50, F|
|poke|p2|Scrafty, L50, M|
|poke|p2|Mamoswine, L50, F|
|poke|p2|Pyroar, L50, M|
|teampreview|4
|showteam|p1|Aerodactyl||Aerodactylite|Unnerve|IceFang,RockSlide,Tailwind,DualWingbeat|Jolly||M|||50|]Garchomp||LifeOrb|RoughSkin|DragonClaw,StompingTantrum,Earthquake,Protect|Jolly||F|||50|]Kingambit||FocusSash|Defiant|SuckerPunch,KowtowCleave,IronHead,LowKick|Adamant||F|||50|]Charizard||CharizarditeY|SolarPower|Protect,HeatWave,SolarBeam,WeatherBall|Timid||M|||50|]Sylveon||FairyFeather|Pixilate|Protect,HyperVoice,HyperBeam,QuickAttack|Modest||F|||50|]Farigiraf||SitrusBerry|ArmorTail|TrickRoom,Thunderbolt,Psychic,Roar|Bold||M|||50|
|showteam|p2|Torkoal||HeatRock|Drought|Eruption,WeatherBall,HelpingHand,Protect|Quiet||F|||50|]Venusaur||LifeOrb|Chlorophyll|EnergyBall,SludgeBomb,EarthPower,Protect|Modest||M|||50|]Farigiraf||SitrusBerry|ArmorTail|Psychic,Thunderbolt,TrickRoom,Protect|Quiet||F|||50|]Scrafty||Scraftinite|Intimidate|KnockOff,DrainPunch,IcePunch,FakeOut|Adamant||M|||50|]Mamoswine||FocusSash|Oblivious|HighHorsepower,RockSlide,IceShard,Protect|Jolly||F|||50|]Pyroar||Pyroarite|Unnerve|HeatWave,Overheat,Yawn,Protect|Timid||M|||50|
|
|t:|1783332922
|teamsize|p1|4
|teamsize|p2|4
|start
|switch|p1a: Aerodactyl|Aerodactyl, L50, M|100/100
|switch|p1b: Kingambit|Kingambit, L50, F|100/100
|switch|p2a: Mamoswine|Mamoswine, L50, F|100/100
|switch|p2b: Scrafty|Scrafty, L50, M|100/100
|-ability|p1a: Aerodactyl|Unnerve
|-ability|p2b: Scrafty|Intimidate|boost
|-unboost|p1a: Aerodactyl|atk|1
|-unboost|p1b: Kingambit|atk|1
|-ability|p1b: Kingambit|Defiant|boost
|-boost|p1b: Kingambit|atk|2
|turn|1
|
|t:|1783332944
|move|p2b: Scrafty|Fake Out|p1b: Kingambit
|-resisted|p1b: Kingambit|1
|-damage|p1b: Kingambit|94/100
|move|p1a: Aerodactyl|Tailwind|p1a: Aerodactyl
|-sidestart|p1: new mental|move: Tailwind
|cant|p1b: Kingambit|flinch
|move|p2a: Mamoswine|Rock Slide|p1b: Kingambit|[spread] p1a,p1b
|-supereffective|p1a: Aerodactyl|1
|-resisted|p1b: Kingambit|1
|-damage|p1a: Aerodactyl|45/100
|-damage|p1b: Kingambit|86/100
|
|upkeep
|turn|2
|
|t:|1783332965
|detailschange|p2b: Scrafty|Scrafty-Mega, L50, M
|-mega|p2b: Scrafty|Scrafty|Scraftinite
|-ability|p2b: Scrafty|Intimidate|boost
|-unboost|p1a: Aerodactyl|atk|1
|-unboost|p1b: Kingambit|atk|1
|-ability|p1b: Kingambit|Defiant|boost
|-boost|p1b: Kingambit|atk|2
|move|p2a: Mamoswine|Ice Shard|p1a: Aerodactyl
|-supereffective|p1a: Aerodactyl|1
|-damage|p1a: Aerodactyl|0 fnt
|faint|p1a: Aerodactyl
|move|p1b: Kingambit|Iron Head|p2a: Mamoswine
|-supereffective|p2a: Mamoswine|1
|-enditem|p2a: Mamoswine|Focus Sash
|-damage|p2a: Mamoswine|1/100
|move|p2b: Scrafty|Drain Punch|p1b: Kingambit
|-supereffective|p1b: Kingambit|2
|-damage|p1b: Kingambit|0 fnt
|faint|p1b: Kingambit
|
|upkeep
|
|t:|1783332973
|switch|p1a: Charizard|Charizard, L50, M|100/100
|switch|p1b: Garchomp|Garchomp, L50, F|100/100
|turn|3
|
|t:|1783332987
|switch|p2b: Farigiraf|Farigiraf, L50, F|100/100
|detailschange|p1a: Charizard|Charizard-Mega-Y, L50, M
|-mega|p1a: Charizard|Charizard|Charizardite Y
|-weather|SunnyDay|[from] ability: Drought|[of] p1a: Charizard
|move|p1b: Garchomp|Protect|p1b: Garchomp
|-singleturn|p1b: Garchomp|Protect
|move|p2a: Mamoswine|Protect|p2a: Mamoswine
|-singleturn|p2a: Mamoswine|Protect
|move|p1a: Charizard|Heat Wave|p2a: Mamoswine|[spread] p2b
|-activate|p2a: Mamoswine|move: Protect
|-damage|p2b: Farigiraf|43/100
|-enditem|p2b: Farigiraf|Sitrus Berry|[eat]
|-heal|p2b: Farigiraf|67/100|[from] item: Sitrus Berry
|
|-weather|SunnyDay|[upkeep]
|upkeep
|turn|4
|
|t:|1783333006
|move|p1b: Garchomp|Protect||[still]
|-fail|p1b: Garchomp
|move|p2a: Mamoswine|Ice Shard|p1b: Garchomp
|-supereffective|p1b: Garchomp|2
|-damage|p1b: Garchomp|21/100
|move|p1a: Charizard|Heat Wave|p2b: Farigiraf|[spread] p2a,p2b
|-supereffective|p2a: Mamoswine|1
|-damage|p2a: Mamoswine|0 fnt
|-damage|p2b: Farigiraf|11/100
|faint|p2a: Mamoswine
|move|p2b: Farigiraf|Thunderbolt|p1a: Charizard
|-supereffective|p1a: Charizard|1
|-damage|p1a: Charizard|48/100
|
|-weather|SunnyDay|[upkeep]
|-sideend|p1: new mental|move: Tailwind
|upkeep
|
|t:|1783333014
|switch|p2a: Pyroar|Pyroar, L50, M|100/100
|-ability|p2a: Pyroar|Unnerve
|turn|5
|
|t:|1783333025
|move|p2a: Pyroar|Protect|p2a: Pyroar
|-singleturn|p2a: Pyroar|Protect
|move|p1b: Garchomp|Earthquake|p2a: Pyroar|[spread] p2b
|-activate|p2a: Pyroar|move: Protect
|-immune|p1a: Charizard
|-damage|p2b: Farigiraf|0 fnt
|faint|p2b: Farigiraf
|-damage|p1b: Garchomp|12/100|[from] item: Life Orb
|move|p1a: Charizard|Heat Wave|p2a: Pyroar
|-activate|p2a: Pyroar|move: Protect
|
|-weather|SunnyDay|[upkeep]
|upkeep
|
|t:|1783333030
|switch|p2b: Scrafty|Scrafty-Mega, L50, M|100/100
|-ability|p2b: Scrafty|Intimidate|boost
|-unboost|p1a: Charizard|atk|1
|-unboost|p1b: Garchomp|atk|1
|turn|6
|
|t:|1783333036
|move|p1b: Garchomp|Protect|p1b: Garchomp
|-singleturn|p1b: Garchomp|Protect
|move|p1a: Charizard|Protect|p1a: Charizard
|-singleturn|p1a: Charizard|Protect
|move|p2b: Scrafty|Fake Out|p1a: Charizard
|-activate|p1a: Charizard|move: Protect
|move|p2a: Pyroar|Heat Wave|p1a: Charizard|[spread] 
|-activate|p1a: Charizard|move: Protect
|-activate|p1b: Garchomp|move: Protect
|
|-weather|SunnyDay|[upkeep]
|upkeep
|turn|7
|
|t:|1783333062
|move|p1b: Garchomp|Earthquake|p2a: Pyroar|[spread] p2a,p2b
|-immune|p1a: Charizard
|-supereffective|p2a: Pyroar|1
|-damage|p2a: Pyroar|13/100
|-damage|p2b: Scrafty|76/100
|-damage|p1b: Garchomp|2/100|[from] item: Life Orb
|move|p2a: Pyroar|Heat Wave|p1b: Garchomp|[spread] p1a,p1b
|-resisted|p1a: Charizard|1
|-resisted|p1b: Garchomp|1
|-damage|p1a: Charizard|27/100
|-damage|p1b: Garchomp|0 fnt
|faint|p1b: Garchomp
|move|p1a: Charizard|Weather Ball|p2b: Scrafty
|-damage|p2b: Scrafty|19/100
|move|p2b: Scrafty|Knock Off|p1a: Charizard
|-damage|p1a: Charizard|0 fnt
|faint|p1a: Charizard
|
|win|BVSelf
|c|ŌśåBVSelf|ggs
|c|Ōśånew mental|gg
|c|ŌśåBVSelf|but here
|c|ŌśåBVSelf|I got the right moves
|c|ŌśåBVSelf|that's all I need in this MU
|c|Ōśånew mental|yeah i should not protect
|c|Ōśånew mental|on garchomp
|c|Ōśånew mental|i thous it was 1hko
|c|ŌśåBVSelf|no
|c|Ōśånew mental|on him the ice shard
|c|ŌśåBVSelf|even the adamant one
|c|ŌśåBVSelf|it's a roll
|c|Ōśånew mental|good to know
|c|ŌśåBVSelf|the orb always kills
|c|ŌśåBVSelf|32+ Atk Mamoswine Ice Shard vs. 2 HP / 0 Def Garchomp: 160-192 (86.4 - 103.7%) -- 6.25% chance to OHKO
|c|Ōśånew mental|wow
|c|Ōśånew mental|really important that
|c|ŌśåBVSelf|if garchomp has just a little investment
|c|ŌśåBVSelf|it always survives
|c|ŌśåBVSelf|32 Atk Mamoswine Ice Shard vs. 2 HP / 0 Def Garchomp: 144-172 (77.8 - 92.9%) -- guaranteed 2HKO
|c|ŌśåBVSelf|this is the jolly
|c|ŌśåBVSelf|with the open nature is easier to know if it lives or not
|c|Ōśånew mental|why jolly mamoswine
|c|Ōśånew mental|to outspeed who?
|c|ŌśåBVSelf|the bulky zard
|c|Ōśånew mental|yeah good knowledge
|c|ŌśåBVSelf|but right know with the huge amount of "big six"
|c|ŌśåBVSelf|I see more solar power zard
|c|Ōśånew mental|its really good
|c|ŌśåBVSelf|to improve the opponent sun
|c|ŌśåBVSelf|so you can mega the dactyl
|c|ŌśåBVSelf|and get a huge amount of offense
|c|Ōśånew mental|i played since day 1 the charizard solar power
|c|Ōśånew mental|its really good damage
|c|ŌśåBVSelf|yeah I know
|c|ŌśåBVSelf|I love the lion
|c|ŌśåBVSelf|can't get over him
|c|Ōśånew mental|hahaha
|c|ŌśåBVSelf|zara is my second favourite
|c|ŌśåBVSelf|zard*
|c|ŌśåBVSelf|and moreover I love the scrafty
|c|Ōśånew mental|the problem i love gliscor and floatzel
|c|Ōśånew mental|but they are not good pokemons
|c|ŌśåBVSelf|fucking fairies
|c|Ōśånew mental|so i have to play meta
|c|ŌśåBVSelf|love gliscor
|c|ŌśåBVSelf|pls give us the toxic orb
|c|Ōśånew mental|pls
|c|ŌśåBVSelf|I need that guy
|c|Ōśånew mental|btw
|c|Ōśånew mental|you play tournaments
|c|ŌśåBVSelf|usually the online ones
|c|Ōśånew mental|the victory road ones?
|c|ŌśåBVSelf|yeah but I played something like 5 big six
|c|ŌśåBVSelf|and I closed 4-3
|c|Ōśånew mental|uhh
|c|Ōśånew mental|i did 1-3 this weekend
|c|Ōśånew mental|so not really better
|c|ŌśåBVSelf|that's why I need to improve the mus
|c|ŌśåBVSelf|I was 4-1
|c|Ōśånew mental|buff
|c|Ōśånew mental|the last one i hit day 2
|c|ŌśåBVSelf|I didn't play the last one because I had issues
|c|ŌśåBVSelf|I'm playing the Straw this saturday
|c|ŌśåBVSelf|skraw*
|c|ŌśåBVSelf|on limitless
|c|Ōśånew mental|ah
|c|Ōśånew mental|limitles
|c|ŌśåBVSelf|huge tournament
|c|Ōśånew mental|yeah yeah
|c|ŌśåBVSelf|4900 signings xD
|c|ŌśåBVSelf|I went to EUIC this year
|c|Ōśånew mental|YES?
|c|Ōśånew mental|WOW
|c|ŌśåBVSelf|but poor preparation and bad MUs
|c|ŌśåBVSelf|I sucked so bad
|c|Ōśånew mental|I would love to go a regional at least
|c|ŌśåBVSelf|need to get my degree and finally work and play pokemon
|c|Ōśånew mental|Yeah of course
|c|ŌśåBVSelf|btw if you want
|c|ŌśåBVSelf|add me on discord
|c|ŌśåBVSelf|we could have a chat
|c|Ōśånew mental|Yeah
|c|ŌśåBVSelf|and play some games
|c|ŌśåBVSelf|XeolnorzVGC
|c|ŌśåBVSelf|on discord
|c|Ōśånew mental|send
|c|ŌśåBVSelf|accepted
|c|ŌśåBVSelf|where are you from ?
|c|Ōśånew mental|Spain
|c|ŌśåBVSelf|k because I've seen the final it
|c|ŌśåBVSelf|thought u were italian
|c|Ōśånew mental|my dad
|c|Ōśånew mental|is
|c|ŌśåBVSelf|so close
|c|Ōśånew mental|yeah
|c|Ōśånew mental|You are german?
|c|ŌśåBVSelf|rooting for you tonight
|c|ŌśåBVSelf|no I'm italian
|c|Ōśånew mental|Ohh
|c|Ōśånew mental|posiamo parlare italiano alora
|c|Ōśånew mental|Non lo so scribere molto
|c|ŌśåBVSelf|yo puedo hablar espanol
|c|Ōśånew mental|Ah mira
|c|ŌśåBVSelf|He estudiado en la escuela
|c|ŌśåBVSelf|y he abrado con Torviv en Londres
|c|Ōśånew mental|Buah
|c|Ōśånew mental|mi sue├▒o
|c|Ōśånew mental|Yo he hecho algun coaching
|c|Ōśånew mental|con pokealex
|c|Ōśånew mental|y lenvgc
|c|ŌśåBVSelf|Rios Pokealex y Torviv son mis jugadores favoritos
|c|Ōśånew mental|Pues a mi me encantan los italianos
|c|ŌśåBVSelf|En Bologna 2024 encontr├® a Kasty
|c|Ōśånew mental|hahaha
|c|Ōśånew mental|Gran se├▒or Kasty
|c|Ōśånew mental|Llevas mucho jugando
|c|Ōśånew mental|Yo solo llevo desde el inicio de champions
|c|ŌśåBVSelf|Eres bueno
|c|ŌśåBVSelf|Solo dos meses
|c|Ōśånew mental|muchas gracias
|c|ŌśåBVSelf|Puedes solo mejorar
|c|Ōśånew mental|Eso espero
|c|ŌśåBVSelf|te digo
|c|Ōśånew mental|me gustaria algun dia dedicarme a esto
|c|ŌśåBVSelf|los eventos IRL son la mejor ocasi├│n para mejorar
|c|Ōśånew mental|tengo muchas ganas de ir este a├▒o alguno
|c|Ōśånew mental|a ver cuando los anuncian
|c|ŌśåBVSelf|el especial de espana seguro
|c|ŌśåBVSelf|si no puedes trabajar mucho
|c|Ōśånew mental|Bueno tengo mis ahorros
|c|ŌśåBVSelf|tendria que ser barato (?)
|c|Ōśånew mental|Depende
|c|ŌśåBVSelf|no estoy seguro con algunas palabras
|c|ŌśåBVSelf|si claro no s├® de donde eres
|c|Ōśånew mental|Canarias?
|c|ŌśåBVSelf|sino que este ano estaba en sevilla
|c|Ōśånew mental|Si si
|c|Ōśånew mental|mi tia es de sevilla asi que podre ir
|c|Ōśånew mental|pero en italia tengo casa
|c|Ōśånew mental|tambien puedo ir
|c|ŌśåBVSelf|bueno esperamos en Sevilla tambi├®n el proximo ano xD
|c|Ōśånew mental|y si no tengo algo de dinero para ir
|c|Ōśånew mental|Ojala sevilla
|c|ŌśåBVSelf|en italia solo Bologna y Torino
|c|Ōśånew mental|Si si tutto al nord
|c|ŌśåBVSelf|otras ciudades no tienen espacio para organizar nada
|c|Ōśånew mental|ya
|c|Ōśånew mental|es una pena
|c|Ōśånew mental|con lo bonito que es el sur
|c|ŌśåBVSelf|Bonito pero sin gran estruturas para eventos
|c|Ōśånew mental|si
|c|Ōśånew mental|es una pena
|c|ŌśåBVSelf|este ano mas de mil personas en torino
|c|Ōśånew mental|el internacional verdad?
|c|ŌśåBVSelf|no especial
|c|Ōśånew mental|ah
|c|Ōśånew mental|gano marcofiero?
|c|ŌśåBVSelf|si
|c|Ōśånew mental|Si si verdad
|c|ŌśåBVSelf|una semana antes del naic
|c|Ōśånew mental|Si si si
|c|Ōśånew mental|Ahora me acuerdo
|c|Ōśånew mental|antes veia un poco de pokemon
|c|Ōśånew mental|pero no jugaba
|c|Ōśånew mental|no me gustaba meta de escarlata y purpura
|c|ŌśåBVSelf|la tera estaba muy extra├▒a
|c|Ōśånew mental|si y cuando hay demasiados legendarios
|c|Ōśånew mental|no me gusta
|c|Ōśånew mental|calyrex es horrible
|c|ŌśåBVSelf|los legendarios centralizan el meta
|c|ŌśåBVSelf|calyrex ya ha sido nerfado
|c|ŌśåBVSelf|el ghost
|c|Ōśånew mental|el ghost
|c|Ōśånew mental|como se llama
|c|Ōśånew mental|shadowrex?
|c|Ōśånew mental|no me acuerdo
|c|ŌśåBVSelf|calyrex-shaow
|c|ŌśåBVSelf|shadow
|c|Ōśånew mental|eso eso
|c|ŌśåBVSelf|ahora barrage es 110
|c|ŌśåBVSelf|me parece
|c|Ōśånew mental|algo vi del nerfeo
|c|Ōśånew mental|pero eso
|c|Ōśånew mental|solo jugue
|c|Ōśånew mental|Un mes de escarlata
|c|Ōśånew mental|el equipo de trick room
|c|Ōśånew mental|con torkoal
|c|ŌśåBVSelf|lo de len ?
|c|Ōśånew mental|El primer mes que salio
|c|Ōśånew mental|Ese ese
|c|Ōśånew mental|el de len
|c|Ōśånew mental|Me encantaba
|c|ŌśåBVSelf|me gustan los equipos de len
|c|Ōśånew mental|llegue top 7 de la ranked de switch
|c|Ōśånew mental|los equipos de len son muy buenos
|c|Ōśånew mental|hizo dos finales con ese equipo
|c|ŌśåBVSelf|wow
|c|ŌśåBVSelf|buenisimo
|c|ŌśåBVSelf|mira tengo que irme, cuando quieres escribe on discord
|c|ŌśåBVSelf|buen dia y suerte por los otros games
|c|Ōśånew mental|Un placer
|c|ŌśåBVSelf|gracias por el rematch
|c|Ōśånew mental|Muchas gracias
|c|Ōśånew mental|Nada si algun dia quieres jugar
|c|Ōśånew mental|me dices
|c|ŌśåBVSelf|claro
|c|Ōśånew mental|a ver si nos vemos en el torneo de skraw
|c|ŌśåBVSelf|esperamos en final xD
|c|Ōśånew mental|hahahah ojala
|c|ŌśåBVSelf|cya
|c|Ōśånew mental|ciao
|c|ŌśåBVSelf|ciao
