|j|☆IronStandsEternal
|j|☆Rodrigo21amz
|html|IronStandsEternalRodrigo21amz    
|uhtml|bestof|Game 2 of a best-of-3
|t:|1757041552
|gametype|doubles
|player|p1|IronStandsEternal|flint|1128
|player|p2|Rodrigo21amz|volkner|1213
|gen|9
|tier|[Gen 9] VGC 2025 Reg H (Bo3)
|rated|
|rule|Species Clause: Limit one of each Pokémon
|rule|Item Clause: Limit 1 of each item
|clearpoke
|poke|p1|Rillaboom, L50, M|
|poke|p1|Dragonite, L50, M|
|poke|p1|Sneasler, L50, M|
|poke|p1|Ninetales-Alola, L50, F|
|poke|p1|Kingambit, L50, M|
|poke|p1|Volcarona, L50, M|
|poke|p2|Ursaluna-Bloodmoon, L50, M|
|poke|p2|Electabuzz, L50, F|
|poke|p2|Sneasler, L50, M|
|poke|p2|Dragonite, L50, M|
|poke|p2|Rillaboom, L50, F|
|poke|p2|Volcarona, L50, M|
|teampreview|4
|showteam|p1|Rillaboom||AssaultVest|GrassySurge|WoodHammer,GrassyGlide,HighHorsepower,FakeOut|||M|||50|,,,,,Fire]Dragonite||LoadedDice|Multiscale|Protect,ScaleShot,LowKick,Haze|||M|||50|,,,,,Fairy]Sneasler||WhiteHerb|Unburden|Protect,DireClaw,CloseCombat,Coaching|||M|||50|,,,,,Ghost]Ninetales-Alola||ChoiceSpecs|SnowWarning|Blizzard,IcyWind,Moonblast,FreezeDry|||F|||50|,,,,,Ghost]Kingambit||SafetyGoggles|Defiant|Protect,KowtowCleave,SuckerPunch,SwordsDance|||M|||50|,,,,,Dark]Volcarona||CovertCloak|FlameBody|StruggleBug,RagePowder,Overheat,WillOWisp|||M|||50|,,,,,Fairy
|showteam|p2|Ursaluna-Bloodmoon||LifeOrb|MindsEye|BloodMoon,HyperVoice,EarthPower,Protect|||M|||50|,,,,,Normal]Electabuzz||Eviolite|VitalSpirit|FollowMe,Electroweb,Taunt,Protect|||F|||50|,,,,,Fairy]Sneasler||FocusSash|PoisonTouch|FakeOut,DireClaw,CloseCombat,Protect|||M|||50|,,,,,Stellar]Dragonite||LoadedDice|Multiscale|Haze,ScaleShot,Protect,ExtremeSpeed|||M|||50|,,,,,Steel]Rillaboom||AssaultVest|GrassySurge|WoodHammer,FakeOut,GrassyGlide,HighHorsepower|||F|||50|,,,,,Fire]Volcarona||Leftovers|FlameBody|QuiverDance,Protect,TeraBlast,HeatWave|||M|||50|,,,,,Fairy
|
|t:|1757041605
|teamsize|p1|4
|teamsize|p2|4
|start
|switch|p1a: Volcarona|Volcarona, L50, M|100/100
|switch|p1b: Ninetales|Ninetales-Alola, L50, F|100/100
|switch|p2a: Dragonite|Dragonite, L50, M|100/100
|switch|p2b: Electabuzz|Electabuzz, L50, F|100/100
|-weather|Snowscape|[from] ability: Snow Warning|[of] p1b: Ninetales
|turn|1
|
|t:|1757041643
|move|p2a: Dragonite|Protect|p2a: Dragonite
|-singleturn|p2a: Dragonite|Protect
|move|p1a: Volcarona|Rage Powder|p1a: Volcarona
|-singleturn|p1a: Volcarona|move: Rage Powder
|move|p1b: Ninetales|Blizzard|p2b: Electabuzz|[spread] p2b
|-activate|p2a: Dragonite|move: Protect
|-damage|p2b: Electabuzz|59/100
|move|p2b: Electabuzz|Electroweb|p1a: Volcarona|[spread] p1a,p1b
|-damage|p1a: Volcarona|88/100
|-damage|p1b: Ninetales|83/100
|-unboost|p1b: Ninetales|spe|1
|
|-weather|Snowscape|[upkeep]
|upkeep
|turn|2
|
|t:|1757041678
|move|p2a: Dragonite|Extreme Speed|p1b: Ninetales
|-damage|p1b: Ninetales|51/100
|move|p2b: Electabuzz|Taunt|p1a: Volcarona
|-start|p1a: Volcarona|move: Taunt
|move|p1a: Volcarona|Struggle Bug|p2b: Electabuzz|[spread] p2a,p2b
|-resisted|p2a: Dragonite
|-damage|p2a: Dragonite|96/100
|-damage|p2b: Electabuzz|45/100
|-unboost|p2a: Dragonite|spa|1
|-unboost|p2b: Electabuzz|spa|1
|move|p1b: Ninetales|Blizzard|p2a: Dragonite|[spread] p2a,p2b
|-supereffective|p2a: Dragonite
|-damage|p2a: Dragonite|0 fnt
|-damage|p2b: Electabuzz|7/100
|faint|p2a: Dragonite
|
|-weather|Snowscape|[upkeep]
|upkeep
|
|t:|1757041691
|switch|p2a: Ursaluna|Ursaluna-Bloodmoon, L50, M|100/100
|turn|3
|
|t:|1757041712
|-terastallize|p2a: Ursaluna|Normal
|move|p2b: Electabuzz|Electroweb|p1a: Volcarona|[spread] p1a,p1b
|-damage|p1a: Volcarona|80/100
|-damage|p1b: Ninetales|39/100
|-unboost|p1b: Ninetales|spe|1
|move|p1a: Volcarona|Struggle Bug|p2b: Electabuzz|[spread] p2a,p2b
|-damage|p2a: Ursaluna|79/100
|-damage|p2b: Electabuzz|0 fnt
|-unboost|p2a: Ursaluna|spa|1
|faint|p2b: Electabuzz
|move|p2a: Ursaluna|Blood Moon|p1a: Volcarona
|-damage|p1a: Volcarona|0 fnt
|faint|p1a: Volcarona
|-damage|p2a: Ursaluna|70/100|[from] item: Life Orb
|move|p1b: Ninetales|Blizzard|p2a: Ursaluna
|-damage|p2a: Ursaluna|0 fnt
|faint|p2a: Ursaluna
|
|-weather|Snowscape|[upkeep]
|upkeep
|-message|Rodrigo21amz forfeited.
|
|win|IronStandsEternal
|l|☆Rodrigo21amz
|player|p2|
||Rodrigo21amz is ready for game 3.
