|j|‽Appletan
|j|☆erporros
|html|Appletanerporros    
|uhtml|bestof|Game 1 of a best-of-3
|t:|1757664366
|gametype|doubles
|player|p1|Appletan|whitney|1240
|player|p2|erporros|blackbelt-gen4dp|1232
|gen|9
|tier|[Gen 9] VGC 2025 Reg H (Bo3)
|rated|
|rule|Species Clause: Limit one of each Pokémon
|rule|Item Clause: Limit 1 of each item
|clearpoke
|poke|p1|Gholdengo, L50|
|poke|p1|Amoonguss, L50, M|
|poke|p1|Incineroar, L50, F|
|poke|p1|Pelipper, L50, M|
|poke|p1|Palafin, L50, M|
|poke|p1|Dragapult, L50, F|
|poke|p2|Murkrow, L50, F|
|poke|p2|Dragapult, L50, F|
|poke|p2|Maushold-Four, L50|
|poke|p2|Clefable, L50, F|
|poke|p2|Incineroar, L50, F|
|poke|p2|Infernape, L50, F|
|teampreview|4
|showteam|p1|Gholdengo||LifeOrb|GoodasGold|Protect,NastyPlot,ShadowBall,MakeItRain||||||50|,,,,,Steel]Amoonguss||SitrusBerry|Regenerator|Protect,RagePowder,PollenPuff,Spore|||M|||50|,,,,,Fairy]Incineroar||AssaultVest|Intimidate|FlareBlitz,KnockOff,Uturn,FakeOut|||F|||50|,,,,,Grass]Pelipper||FocusSash|Drizzle|Protect,Tailwind,Hurricane,WeatherBall|||M|||50|,,,,,Ghost]Palafin||SplashPlate|ZerotoHero|Protect,Haze,JetPunch,WaveCrash|||M|||50|,,,,,Water]Dragapult||ChoiceSpecs|ClearBody|DracoMeteor,ShadowBall,TeraBlast,Uturn|||F|||50|,,,,,Fairy
|showteam|p2|Murkrow||Eviolite|Prankster|Tailwind,Haze,SunnyDay,FoulPlay|||F|||50|,,,,,Ghost]Dragapult||ChoiceBand|ClearBody|Outrage,DragonDarts,PhantomForce,Uturn|||F|||50|,,,,,Dragon]Maushold-Four||WideLens|Technician|PopulationBomb,Protect,FollowMe,Taunt||||||50|,,,,,Ghost]Clefable||SitrusBerry|Unaware|FollowMe,Protect,Moonblast,MistyTerrain|||F|||50|,,,,,Water]Incineroar||SafetyGoggles|Intimidate|FlareBlitz,KnockOff,FakeOut,PartingShot|||F|||50|,,,,,Ghost]Infernape||FocusSash|IronFist|FakeOut,CloseCombat,FirePunch,Protect|||F|||50|,,,,,Ghost
|inactive|Battle timer is ON: inactive players will automatically lose when time's up. (requested by erporros)
|
|t:|1757664443
|teamsize|p1|4
|teamsize|p2|4
|start
|switch|p1a: Palafin|Palafin, L50, M|100/100
|switch|p1b: Gholdengo|Gholdengo, L50|100/100
|switch|p2a: Clefable|Clefable, L50, F|100/100
|switch|p2b: Dragapult|Dragapult, L50, F|100/100
|turn|1
|
|t:|1757664456
|detailschange|p1a: Palafin|Palafin-Hero, L50, M
|switch|p1a: Amoonguss|Amoonguss, L50, M|100/100
|move|p2a: Clefable|Protect|p2a: Clefable
|-singleturn|p2a: Clefable|Protect
|move|p2b: Dragapult|Phantom Force||[still]
|-prepare|p2b: Dragapult|Phantom Force
|move|p1b: Gholdengo|Nasty Plot|p1b: Gholdengo
|-boost|p1b: Gholdengo|spa|2
|
|upkeep
|turn|2
|
|t:|1757664469
|-terastallize|p1b: Gholdengo|Steel
|-terastallize|p2a: Clefable|Water
|move|p1a: Amoonguss|Rage Powder|p1a: Amoonguss
|-singleturn|p1a: Amoonguss|move: Rage Powder
|move|p2b: Dragapult|Phantom Force|p1a: Amoonguss|[from] lockedmove
|-damage|p1a: Amoonguss|32/100
|-enditem|p1a: Amoonguss|Sitrus Berry|[eat]
|-heal|p1a: Amoonguss|57/100|[from] item: Sitrus Berry
|move|p1b: Gholdengo|Make It Rain|p2a: Clefable|[spread] p2a,p2b
|-resisted|p2a: Clefable
|-damage|p2a: Clefable|65/100
|-damage|p2b: Dragapult|0 fnt
|-unboost|p1b: Gholdengo|spa|1
|faint|p2b: Dragapult
|-damage|p1b: Gholdengo|91/100|[from] item: Life Orb
|move|p2a: Clefable|Misty Terrain|p2a: Clefable
|-fieldstart|move: Misty Terrain
|
|upkeep
|-message|erporros forfeited.
|
|win|Appletan
||erporros is ready for game 2.
||Appletan is ready for game 2.
|uhtml|next|Next: Game 2 of 3
|l|‽Appletan
|player|p1|
