|j|☆dugvgc
|j|☆lux raymundi
|html|dugvgclux raymundi    
|uhtml|bestof|Game 2 of a best-of-3
|t:|1783723882
|gametype|doubles
|player|p1|dugvgc|koga|1325
|player|p2|lux raymundi|169|1313
|gen|9
|tier|[Gen 9 Champions] VGC 2026 Reg M-B (Bo3)
|rated|
|rule|Species Clause: Limit one of each Pokémon
|rule|Item Clause: Limit 1 of each item
|clearpoke
|poke|p1|Delphox, L50, F|
|poke|p1|Blastoise, L50, F|
|poke|p1|Incineroar, L50, M|
|poke|p1|Sneasler, L50, M|
|poke|p1|Sinistcha, L50|
|poke|p1|Maushold, L50|
|poke|p2|Sneasler, L50, M|
|poke|p2|Blastoise, L50, M|
|poke|p2|Kingambit, L50, M|
|poke|p2|Incineroar, L50, M|
|poke|p2|Delphox, L50, F|
|poke|p2|Sinistcha, L50|
|teampreview|4
|showteam|p1|Delphox||Delphoxite|Blaze|Psychic,HeatWave,NastyPlot,Protect|Timid||F|||50|]Blastoise||Blastoisinite|Torrent|WaterSpout,DarkPulse,ShellSmash,Protect|Modest||F|||50|]Incineroar||SitrusBerry|Intimidate|FlareBlitz,FakeOut,ThroatChop,PartingShot|Impish||M|||50|]Sneasler||FocusSash|PoisonTouch|CloseCombat,PoisonJab,FakeOut,QuickGuard|Jolly||M|||50|]Sinistcha||OccaBerry|Hospitality|MatchaGotcha,LifeDew,RagePowder,Protect|Bold|||||50|]Maushold||ChopleBerry|FriendGuard|FollowMe,Feint,SuperFang,Protect|Impish|||||50|
|showteam|p2|Sneasler||FocusSash|PoisonTouch|PoisonJab,CloseCombat,FakeOut,QuickGuard|Jolly||M|||50|]Blastoise||Blastoisinite|RainDish|DarkPulse,WaterSpout,ShellSmash,Protect|Modest||M|||50|]Kingambit||BlackGlasses|Defiant|KowtowCleave,SuckerPunch,SwordsDance,Protect|Adamant||M|||50|]Incineroar||SitrusBerry|Intimidate|FlareBlitz,HelpingHand,PartingShot,FakeOut|Careful||M|||50|]Delphox||Delphoxite|Blaze|HeatWave,NastyPlot,Psyshock,Protect|Modest||F|||50|]Sinistcha||KasibBerry|Hospitality|MatchaGotcha,RagePowder,TrickRoom,Protect|Bold|||||50|
|
|t:|1783723895
|teamsize|p1|4
|teamsize|p2|4
|start
|switch|p1a: Sneasler|Sneasler, L50, M|100/100
|switch|p1b: Blastoise|Blastoise, L50, F|100/100
|switch|p2a: Sinistcha|Sinistcha, L50|100/100
|switch|p2b: Blastoise|Blastoise, L50, M|100/100
|turn|1
|
|t:|1783723910
|detailschange|p1b: Blastoise|Blastoise-Mega, L50, F
|-mega|p1b: Blastoise|Blastoise|Blastoisinite
|detailschange|p2b: Blastoise|Blastoise-Mega, L50, M
|-mega|p2b: Blastoise|Blastoise|Blastoisinite
|move|p1a: Sneasler|Poison Jab|p2a: Sinistcha
|-damage|p2a: Sinistcha|64/100
|-status|p2a: Sinistcha|psn
|move|p2b: Blastoise|Water Spout|p1b: Blastoise|[spread] p1a,p1b
|-resisted|p1b: Blastoise|1
|-damage|p1a: Sneasler|1/100
|-damage|p1b: Blastoise|68/100
|move|p1b: Blastoise|Dark Pulse|p2a: Sinistcha
|-supereffective|p2a: Sinistcha|1
|-damage|p2a: Sinistcha|0 fnt
|faint|p2a: Sinistcha
|
|upkeep
|
|t:|1783723915
|switch|p2a: Sneasler|Sneasler, L50, M|100/100
|turn|2
|
|t:|1783723935
|move|p1a: Sneasler|Quick Guard|p1a: Sneasler
|-singleturn|p1a: Sneasler|Quick Guard
|move|p2a: Sneasler|Fake Out|p1a: Sneasler
|-activate|p1a: Sneasler|move: Quick Guard
|move|p2b: Blastoise|Shell Smash|p2b: Blastoise
|-unboost|p2b: Blastoise|def|1
|-unboost|p2b: Blastoise|spd|1
|-boost|p2b: Blastoise|atk|2
|-boost|p2b: Blastoise|spa|2
|-boost|p2b: Blastoise|spe|2
|move|p1b: Blastoise|Shell Smash|p1b: Blastoise
|-unboost|p1b: Blastoise|def|1
|-unboost|p1b: Blastoise|spd|1
|-boost|p1b: Blastoise|atk|2
|-boost|p1b: Blastoise|spa|2
|-boost|p1b: Blastoise|spe|2
|
|upkeep
|turn|3
|
|t:|1783723960
|move|p1b: Blastoise|Protect|p1b: Blastoise
|-singleturn|p1b: Blastoise|Protect
|move|p2b: Blastoise|Water Spout|p1b: Blastoise|[spread] p1a
|-activate|p1b: Blastoise|move: Protect
|-damage|p1a: Sneasler|0 fnt
|faint|p1a: Sneasler
|move|p2a: Sneasler|Close Combat|p1b: Blastoise
|-activate|p1b: Blastoise|move: Protect
|
|upkeep
|
|t:|1783723970
|switch|p1a: Sinistcha|Sinistcha, L50|100/100
|-heal|p1b: Blastoise|92/100|[from] ability: Hospitality|[of] p1a: Sinistcha
|turn|4
|
|t:|1783723982
|move|p1a: Sinistcha|Rage Powder|p1a: Sinistcha
|-singleturn|p1a: Sinistcha|move: Rage Powder
|move|p2b: Blastoise|Water Spout|p1b: Blastoise|[spread] p1a,p1b
|-resisted|p1a: Sinistcha|1
|-resisted|p1b: Blastoise|1
|-damage|p1a: Sinistcha|29/100
|-damage|p1b: Blastoise|0 fnt
|faint|p1b: Blastoise
|move|p2a: Sneasler|Poison Jab|p1a: Sinistcha
|-damage|p1a: Sinistcha|0 fnt
|faint|p1a: Sinistcha
|
|upkeep
|-message|dugvgc forfeited.
|
|win|lux raymundi
