|j|☆Pelosis
|j|‽eliiezerodair
|html|Pelosiseliiezerodair    
|uhtml|bestof|Game 1 of a best-of-3
|t:|1784210417
|gametype|doubles
|player|p1|Pelosis|102|1112
|player|p2|eliiezerodair|steven|1081
|gen|9
|tier|[Gen 9 Champions] VGC 2026 Reg M-B (Bo3)
|rated|
|rule|Species Clause: Limit one of each Pokémon
|rule|Item Clause: Limit 1 of each item
|clearpoke
|poke|p1|Mawile, L50, M|
|poke|p1|Farigiraf, L50, F|
|poke|p1|Incineroar, L50, M|
|poke|p1|Torkoal, L50, M|
|poke|p1|Venusaur, L50, F|
|poke|p1|Scrafty, L50, F|
|poke|p2|Chesnaught, L50, M, shiny|
|poke|p2|Whimsicott, L50, F|
|poke|p2|Avalugg, L50, F|
|poke|p2|Banette, L50, M, shiny|
|poke|p2|Musharna, L50, M|
|poke|p2|Camerupt, L50, M|
|teampreview|4
|showteam|p1|Mawile||Mawilite|HyperCutter|Protect,PlayRough,SwordsDance,SuckerPunch|Brave||M|||50|]Farigiraf||SitrusBerry|ArmorTail|TrickRoom,TwinBeam,Thunderbolt,HelpingHand|Quiet||F|||50|]Incineroar||WhiteHerb|Intimidate|FakeOut,CloseCombat,FlareBlitz,DarkestLariat|Brave||M|||50|]Torkoal||Charcoal|Drought|Protect,Eruption,HeatWave,WeatherBall|Quiet||M|||50|]Venusaur||FocusSash|Chlorophyll|SleepPowder,EarthPower,EnergyBall,SludgeBomb|Modest||F|||50|]Scrafty||Scraftinite|Intimidate|FakeOut,CloseCombat,KnockOff,IcePunch|Brave||F|||50|
|showteam|p2|Chesnaught||Chesnaughtite|Bulletproof|BellyDrum,DrainPunch,GrassyGlide,Earthquake|Adamant||M|||50|]Whimsicott||FocusSash|Prankster|TrickRoom,GrassyTerrain,Memento,DazzlingGleam|Relaxed||F|||50|]Avalugg||Leftovers|OwnTempo|BodyPress,GyroBall,IceSpinner,Curse|Brave||F|||50|]Banette||Banettite|CursedBody|DestinyBond,GunkShot,ShadowClaw,SkitterSmack|Adamant||M|||50|]Musharna||MentalHerb|Telepathy|TrickRoom,HelpingHand,Moonblast,Psychic|Quiet||M|||50|]Camerupt||LifeOrb|SolidRock|HeatWave,EarthPower,WillOWisp,FlashCannon|Modest||M|||50|
|
|t:|1784210474
|teamsize|p1|4
|teamsize|p2|4
|start
|switch|p1a: Incineroar|Incineroar, L50, M|100/100
|switch|p1b: Farigiraf|Farigiraf, L50, F|100/100
|switch|p2a: Chesnaught|Chesnaught, L50, M, shiny|100/100
|switch|p2b: Whimsicott|Whimsicott, L50, F|100/100
|-ability|p1a: Incineroar|Intimidate|boost
|-unboost|p2a: Chesnaught|atk|1
|-unboost|p2b: Whimsicott|atk|1
|turn|1
|inactive|Battle timer is ON: inactive players will automatically lose when time's up. (requested by Pelosis)
|
|t:|1784210500
|switch|p1b: Torkoal|Torkoal, L50, M|100/100
|-weather|SunnyDay|[from] ability: Drought|[of] p1b: Torkoal
|move|p2a: Chesnaught|Belly Drum|p2a: Chesnaught
|-damage|p2a: Chesnaught|50/100g
|-setboost|p2a: Chesnaught|atk|6|[from] move: Belly Drum
|move|p1a: Incineroar|Flare Blitz|p2a: Chesnaught
|-supereffective|p2a: Chesnaught|1
|-damage|p2a: Chesnaught|0 fnt
|faint|p2a: Chesnaught
|-damage|p1a: Incineroar|84/100|[from] Recoil
|move|p2b: Whimsicott|Trick Room|p2b: Whimsicott
|-fieldstart|move: Trick Room|[of] p2b: Whimsicott
|
|-weather|SunnyDay|[upkeep]
|upkeep
|
|t:|1784210503
|switch|p2a: Camerupt|Camerupt, L50, M|100/100
|turn|2
|inactive|Pelosis has 30 seconds left.
|inactive|Pelosis has 20 seconds left.
|inactive|Pelosis has 15 seconds left.
|inactive|Pelosis has 10 seconds left.
|inactive|Pelosis has 5 seconds left.
|
|t:|1784210556
|move|p1b: Torkoal|Eruption|p2b: Whimsicott|[spread] p2a,p2b
|-resisted|p2a: Camerupt|1
|-supereffective|p2b: Whimsicott|1
|-damage|p2a: Camerupt|44/100
|-enditem|p2b: Whimsicott|Focus Sash
|-damage|p2b: Whimsicott|1/100
|move|p2a: Camerupt|Earth Power|p1b: Torkoal
|-supereffective|p1b: Torkoal|1
|-damage|p1b: Torkoal|0 fnt
|faint|p1b: Torkoal
|-damage|p2a: Camerupt|34/100|[from] item: Life Orb
|move|p1a: Incineroar|Flare Blitz|p2a: Camerupt
|-resisted|p2a: Camerupt|1
|-damage|p2a: Camerupt|0 fnt
|faint|p2a: Camerupt
|-damage|p1a: Incineroar|74/100|[from] Recoil
|move|p2b: Whimsicott|Dazzling Gleam|p1a: Incineroar
|-damage|p1a: Incineroar|51/100
|
|-weather|SunnyDay|[upkeep]
|upkeep
|-message|eliiezerodair forfeited.
|
|win|Pelosis
|l|‽eliiezerodair
|player|p2|
||eliiezerodair is ready for game 2.
||Pelosis is ready for game 2.
|uhtml|next|Next: Game 2 of 3
