|j|☆Slackermaru
|j|☆ShrekBK
|html|SlackermaruShrekBK    
|uhtml|bestof|Game 1 of a best-of-3
|t:|1755724233
|gametype|doubles
|player|p1|Slackermaru|workerice|1380
|player|p2|ShrekBK|lucas|1472
|gen|9
|tier|[Gen 9] VGC 2025 Reg H (Bo3)
|rated|
|rule|Species Clause: Limit one of each Pokémon
|rule|Item Clause: Limit 1 of each item
|clearpoke
|poke|p1|Rillaboom, L50, M|
|poke|p1|Dragonite, L50, F|
|poke|p1|Sneasler, L50, F|
|poke|p1|Kingambit, L50, M|
|poke|p1|Electabuzz, L50, M|
|poke|p1|Volcarona, L50, F|
|poke|p2|Archaludon, L50, M|
|poke|p2|Gholdengo, L50|
|poke|p2|Garchomp, L50, M|
|poke|p2|Flamigo, L50, F|
|poke|p2|Murkrow, L50, M|
|poke|p2|Maushold, L50|
|teampreview|4
|showteam|p1|Rillaboom||AssaultVest|GrassySurge|FakeOut,Uturn,WoodHammer,GrassyGlide|||M|||50|,,,,,Fire]Dragonite||LoadedDice|Multiscale|ExtremeSpeed,ScaleShot,Protect,Haze|||F|||50|,,,,,Fairy]Sneasler||FocusSash|PoisonTouch|DireClaw,CloseCombat,FakeOut,Coaching|||F|||50|,,,,,Stellar]Kingambit||BlackGlasses|Defiant|KowtowCleave,SuckerPunch,SwordsDance,Protect|||M|||50|,,,,,Dark]Electabuzz||Eviolite|VitalSpirit|Thunderbolt,Taunt,Protect,FollowMe|||M|||50|,,,,,Ghost]Volcarona||Leftovers|FlameBody|HeatWave,TeraBlast,QuiverDance,Protect|||F|||50|,,,,,Fairy
|showteam|p2|Archaludon||AssaultVest|Stamina|BodyPress,DracoMeteor,ElectroShot,FlashCannon|||M|||50|,,,,,Grass]Gholdengo||ChoiceSpecs|GoodasGold|MakeItRain,Trick,ShadowBall,TeraBlast||||||50|,,,,,Fighting]Garchomp||LifeOrb|RoughSkin|Earthquake,DragonClaw,StompingTantrum,Protect|||M|||50|,,,,,Ground]Flamigo||FocusSash|Scrappy|CloseCombat,DualWingbeat,Feint,Protect|||F|||50|,,,,,Ghost]Murkrow||Eviolite|Prankster|FoulPlay,Tailwind,RainDance,Haze|||M|||50|,,,,,Ghost]Maushold||WideLens|Technician|PopulationBomb,Taunt,FollowMe,Protect||||||50|,,,,,Ghost
|
|t:|1755724284
|teamsize|p1|4
|teamsize|p2|4
|start
|switch|p1a: Dragonite|Dragonite, L50, F|100/100
|switch|p1b: Sneasler|Sneasler, L50, F|100/100
|switch|p2a: Gholdengo|Gholdengo, L50|100/100
|switch|p2b: Murkrow|Murkrow, L50, M|100/100
|turn|1
|
|t:|1755724314
|move|p1b: Sneasler|Coaching|p1a: Dragonite
|-boost|p1a: Dragonite|atk|1
|-boost|p1a: Dragonite|def|1
|move|p2a: Gholdengo|Make It Rain|p1b: Sneasler|[spread] p1a,p1b
|-damage|p1a: Dragonite|60/100
|-enditem|p1b: Sneasler|Focus Sash
|-damage|p1b: Sneasler|1/100
|-unboost|p2a: Gholdengo|spa|1
|move|p2b: Murkrow|Foul Play|p1a: Dragonite
|-damage|p1a: Dragonite|0 fnt
|faint|p1a: Dragonite
|
|upkeep
|-message|Slackermaru forfeited.
|raw|Slackermaru's rating: 1380 → 1365(-15 for losing)
|raw|ShrekBK's rating: 1472 → 1487(+15 for winning)
|
|win|ShrekBK
|l|☆Slackermaru
|player|p1|
