|j|☆kariuus
|j|☆WASHINGTONGARGACHA
|html|kariuusWASHINGTONGARGACHA    
|uhtml|bestof|Game 1 of a best-of-3
|t:|1756464503
|gametype|doubles
|player|p1|kariuus|2|1000
|player|p2|WASHINGTONGARGACHA|265|1088
|gen|9
|tier|[Gen 9] VGC 2025 Reg H (Bo3)
|rated|
|rule|Species Clause: Limit one of each Pokémon
|rule|Item Clause: Limit 1 of each item
|clearpoke
|poke|p1|Annihilape, L50, M|
|poke|p1|Sinistcha, L50|
|poke|p1|Ursaluna, L50, M|
|poke|p1|Pelipper, L50, F|
|poke|p1|Maushold, L50|
|poke|p1|Archaludon, L50, F|
|poke|p2|Gholdengo, L50|
|poke|p2|Ursaluna, L50, M|
|poke|p2|Archaludon, L50, M|
|poke|p2|Murkrow, L50, F|
|poke|p2|Farigiraf, L50, F|
|poke|p2|Palafin, L50, F|
|teampreview|4
|showteam|p1|Annihilape||Leftovers|Defiant|DrainPunch,RageFist,BulkUp,Protect|||M|||50|,,,,,Water]Sinistcha||SitrusBerry|Hospitality|MatchaGotcha,RagePowder,LifeDew,Protect||||||50|,,,,,Water]Ursaluna||FlameOrb|Guts|Facade,HeadlongRush,Earthquake,Protect|||M|||50|,,,,,Ghost]Pelipper||FocusSash|Drizzle|WeatherBall,Protect,Tailwind,Hurricane|||F|||50|,,,,,Ghost]Maushold||SafetyGoggles|FriendGuard|Taunt,BeatUp,FollowMe,Protect||||||50|,,,,,Ghost]Archaludon||AssaultVest|Stamina|DracoMeteor,ElectroShot,Snarl,BodyPress|||F|||50|,,,,,Bug
|showteam|p2|Gholdengo||SitrusBerry|GoodasGold|ShadowBall,MakeItRain,NastyPlot,Protect||||||50|,,,,,Water]Ursaluna||FlameOrb|Guts|Facade,Earthquake,Protect,HeadlongRush|||M|||50|,,,,,Ghost]Archaludon||PowerHerb|Stamina|ElectroShot,FlashCannon,DracoMeteor,Protect|||M|||50|,,,,,Grass]Murkrow||Eviolite|Prankster|Tailwind,RainDance,FoulPlay,Haze|||F|||50|,,,,,Dark]Farigiraf||ThroatSpray|ArmorTail|HyperVoice,TrickRoom,Psychic,Protect|||F|||50|,,,,,Fairy]Palafin||MysticWater|ZerotoHero|FlipTurn,Protect,JetPunch,WaveCrash|||F|||50|,,,,,Water
|inactive|Battle timer is ON: inactive players will automatically lose when time's up. (requested by kariuus)
|
|t:|1756464540
|teamsize|p1|4
|teamsize|p2|4
|start
|switch|p1a: Maushold|Maushold, L50|100/100
|switch|p1b: Archaludon|Archaludon, L50, F|100/100
|switch|p2a: Palafin|Palafin, L50, F|100/100
|switch|p2b: Murkrow|Murkrow, L50, F|100/100
|turn|1
|
|t:|1756464560
|switch|p1a: Pelipper|Pelipper, L50, F|100/100
|-weather|RainDance|[from] ability: Drizzle|[of] p1a: Pelipper
|move|p2b: Murkrow|Tailwind|p2b: Murkrow
|-sidestart|p2: WASHINGTONGARGACHA|move: Tailwind
|move|p2a: Palafin|Flip Turn|p1a: Pelipper
|-resisted|p1a: Pelipper
|-damage|p1a: Pelipper|82/100
|
|t:|1756464569
|detailschange|p2a: Palafin|Palafin-Hero, L50, F
|switch|p2a: Ursaluna|Ursaluna, L50, M|100/100|[from] Flip Turn
|move|p1b: Archaludon|Electro Shot||[still]
|-prepare|p1b: Archaludon|Electro Shot
|-boost|p1b: Archaludon|spa|1
|-anim|p1b: Archaludon|Electro Shot|p2b: Murkrow
|-supereffective|p2b: Murkrow
|-damage|p2b: Murkrow|0 fnt
|faint|p2b: Murkrow
|
|-weather|RainDance|[upkeep]
|-status|p2a: Ursaluna|brn|[from] item: Flame Orb
|upkeep
|
|t:|1756464580
|switch|p2b: Archaludon|Archaludon, L50, M|100/100
|turn|2
|inactive|kariuus has 30 seconds left.
|inactive|WASHINGTONGARGACHA has 30 seconds left.
|
|t:|1756464611
|move|p2b: Archaludon|Draco Meteor|p1b: Archaludon
|-damage|p1b: Archaludon|45/100
|-unboost|p2b: Archaludon|spa|2
|-ability|p1b: Archaludon|Stamina|boost
|-boost|p1b: Archaludon|def|1
|move|p2a: Ursaluna|Facade|p1a: Pelipper
|-damage|p1a: Pelipper|0 fnt
|faint|p1a: Pelipper
|move|p1b: Archaludon|Draco Meteor|p2b: Archaludon
|-damage|p2b: Archaludon|0 fnt
|-unboost|p1b: Archaludon|spa|2
|faint|p2b: Archaludon
|
|-weather|RainDance|[upkeep]
|-damage|p2a: Ursaluna|94/100 brn|[from] brn
|upkeep
|
|t:|1756464635
|switch|p2b: Palafin|Palafin-Hero, L50, F|100/100
|switch|p1a: Maushold|Maushold, L50|100/100
|-activate|p2b: Palafin|ability: Zero to Hero
|turn|3
|inactive|kariuus has 30 seconds left.
|inactive|kariuus has 20 seconds left.
|inactive|WASHINGTONGARGACHA has 30 seconds left.
|
|t:|1756464686
|-terastallize|p2b: Palafin|Water
|move|p2b: Palafin|Wave Crash|p1a: Maushold
|-damage|p1a: Maushold|0 fnt
|faint|p1a: Maushold
|-damage|p2b: Palafin|67/100|[from] Recoil
|move|p2a: Ursaluna|Headlong Rush|p1b: Archaludon
|-supereffective|p1b: Archaludon
|-damage|p1b: Archaludon|0 fnt
|-unboost|p2a: Ursaluna|def|1
|-unboost|p2a: Ursaluna|spd|1
|faint|p1b: Archaludon
|
|-weather|RainDance|[upkeep]
|-damage|p2a: Ursaluna|88/100 brn|[from] brn
|upkeep
|
|t:|1756464701
|switch|p1b: Ursaluna|Ursaluna, L50, M|100/100
|turn|4
|
|t:|1756464714
|-terastallize|p1b: Ursaluna|Ghost
|move|p2b: Palafin|Wave Crash|p1b: Ursaluna
|-damage|p1b: Ursaluna|0 fnt
|faint|p1b: Ursaluna
|-damage|p2b: Palafin|23/100|[from] Recoil
|
|win|WASHINGTONGARGACHA
