|j|☆ninha1600
|j|☆hl498
|html|ninha1600hl498    
|uhtml|bestof|Game 2 of a best-of-3
|t:|1756229187
|gametype|doubles
|player|p1|ninha1600|lady|1007
|player|p2|hl498|ghetsis-gen5bw|1079
|gen|9
|tier|[Gen 9] VGC 2025 Reg H (Bo3)
|rated|
|rule|Species Clause: Limit one of each Pokémon
|rule|Item Clause: Limit 1 of each item
|clearpoke
|poke|p1|Garchomp, L50, M|
|poke|p1|Gholdengo, L50|
|poke|p1|Sneasler, L50, M|
|poke|p1|Dragonite, L50, F|
|poke|p1|Incineroar, L50, F|
|poke|p1|Whimsicott, L50, M|
|poke|p2|Garchomp, L50, M|
|poke|p2|Incineroar, L50, M|
|poke|p2|Ninetales-Alola, L50, M|
|poke|p2|Dragonite, L50, M|
|poke|p2|Kingambit, L50, M|
|poke|p2|Amoonguss, L50, F|
|teampreview|4
|showteam|p1|Garchomp||LifeOrb|RoughSkin|Protect,Earthquake,StompingTantrum,DragonClaw|||M|||50|,,,,,Ground]Gholdengo||ChoiceSpecs|GoodasGold|Thunderbolt,MakeItRain,ShadowBall,Trick||||||50|,,,,,Steel]Sneasler||WhiteHerb|Unburden|FakeOut,Protect,CloseCombat,DireClaw|||M|||50|,,,,,Stellar]Dragonite||ChoiceBand|InnerFocus|Outrage,ExtremeSpeed,IceSpinner,StompingTantrum|||F|||50|,,,,,Normal]Incineroar||AssaultVest|Intimidate|FakeOut,KnockOff,FlareBlitz,Uturn|||F|||50|,,,,,Grass]Whimsicott||FocusSash|Prankster|Protect,Tailwind,Moonblast,Encore|||M|||50|,,,,,Ghost
|showteam|p2|Garchomp||LifeOrb|RoughSkin|Earthquake,Protect,StompingTantrum,DragonClaw|||M|||50|,,,,,Steel]Incineroar||SafetyGoggles|Intimidate|KnockOff,FakeOut,PartingShot,FlareBlitz|||M|||50|,,,,,Ghost]Ninetales-Alola||FocusSash|SnowWarning|Moonblast,Protect,Blizzard,FreezeDry|||M|||50|,,,,,Ghost]Dragonite||LoadedDice|Multiscale|ScaleShot,Haze,Protect,Tailwind|||M|||50|,,,,,Fairy]Kingambit||AssaultVest|Defiant|KowtowCleave,SuckerPunch,LowKick,IronHead|||M|||50|,,,,,Dark]Amoonguss||SitrusBerry|Regenerator|Spore,Protect,PollenPuff,RagePowder|||F|||50|,,,,,Water
|
|t:|1756229250
|teamsize|p1|4
|teamsize|p2|4
|start
|switch|p1a: Whimsicott|Whimsicott, L50, M|100/100
|switch|p1b: Gholdengo|Gholdengo, L50|100/100
|switch|p2a: Ninetales|Ninetales-Alola, L50, M|100/100
|switch|p2b: Dragonite|Dragonite, L50, M|100/100
|-weather|Snowscape|[from] ability: Snow Warning|[of] p2a: Ninetales
|turn|1
|inactive|Battle timer is ON: inactive players will automatically lose when time's up. (requested by hl498)
|
|t:|1756229315
|switch|p2a: Kingambit|Kingambit, L50, M, shiny|100/100
|move|p2b: Dragonite|Protect|p2b: Dragonite
|-singleturn|p2b: Dragonite|Protect
|move|p1a: Whimsicott|Tailwind|p1a: Whimsicott
|-sidestart|p1: ninha1600|move: Tailwind
|move|p1b: Gholdengo|Trick|p2b: Dragonite
|-activate|p2b: Dragonite|move: Protect
|
|-weather|Snowscape|[upkeep]
|upkeep
|turn|2
|inactive|hl498 has 30 seconds left.
|
|t:|1756229346
|switch|p2a: Ninetales|Ninetales-Alola, L50, M|100/100
|-terastallize|p1b: Gholdengo|Steel
|move|p1a: Whimsicott|Moonblast|p2a: Ninetales
|-damage|p2a: Ninetales|58/100
|-unboost|p2a: Ninetales|spa|1
|move|p1b: Gholdengo|Trick|p2b: Dragonite
|-activate|p1b: Gholdengo|move: Trick|[of] p2b: Dragonite
|-item|p2b: Dragonite|Choice Specs|[from] move: Trick
|-item|p1b: Gholdengo|Loaded Dice|[from] move: Trick
|move|p2b: Dragonite|Tailwind|p2b: Dragonite
|-sidestart|p2: hl498|move: Tailwind
|
|-weather|Snowscape|[upkeep]
|upkeep
|turn|3
|
|t:|1756229366
|switch|p2b: Garchomp|Garchomp, L50, M|100/100
|move|p2a: Ninetales|Protect|p2a: Ninetales
|-singleturn|p2a: Ninetales|Protect
|move|p1a: Whimsicott|Moonblast|p2b: Garchomp
|-supereffective|p2b: Garchomp
|-damage|p2b: Garchomp|22/100
|move|p1b: Gholdengo|Make It Rain|p2a: Ninetales|[spread] p2b
|-activate|p2a: Ninetales|move: Protect
|-damage|p2b: Garchomp|0 fnt
|-unboost|p1b: Gholdengo|spa|1
|faint|p2b: Garchomp
|
|-weather|Snowscape|[upkeep]
|upkeep
|-message|hl498 forfeited.
|
|win|ninha1600
|l|☆hl498
|player|p2|
||hl498 is ready for game 3.
|inactive|ninha1600 has 30 seconds to confirm battle start!
