|j|☆VenuDaAscoInRain
|j|☆ReactorX
|html|VenuDaAscoInRainReactorX    
|uhtml|bestof|Game 1 of a best-of-3
|t:|1783066925
|gametype|doubles
|player|p1|VenuDaAscoInRain|li|1160
|player|p2|ReactorX|alder|1146
|gen|9
|tier|[Gen 9 Champions] VGC 2026 Reg M-B (Bo3)
|rated|
|rule|Species Clause: Limit one of each Pokémon
|rule|Item Clause: Limit 1 of each item
|clearpoke
|poke|p1|Pelipper, L50, M, shiny|
|poke|p1|Swampert, L50, M|
|poke|p1|Archaludon, L50, M, shiny|
|poke|p1|Grimmsnarl, L50, M, shiny|
|poke|p1|Venusaur, L50, M, shiny|
|poke|p1|Sneasler, L50, M, shiny|
|poke|p2|Camerupt, L50, M, shiny|
|poke|p2|Farigiraf, L50, M, shiny|
|poke|p2|Incineroar, L50, F|
|poke|p2|Sylveon, L50, M|
|poke|p2|Rotom-Wash, L50|
|poke|p2|Mawile, L50, F|
|teampreview|4
|showteam|p1|Pelipper||FocusSash|Drizzle|WeatherBall,Hurricane,Tailwind,Protect|Modest||M|||50|]Swampert||Swampertite|Torrent|WaveCrash,IcePunch,HighHorsepower,Protect|Adamant||M|||50|]Archaludon||Leftovers|Stamina|ElectroShot,FlashCannon,DragonPulse,Protect|Modest||M|||50|]Grimmsnarl||RoseliBerry|Prankster|SpiritBreak,PartingShot,Reflect,LightScreen|Careful||M|||50|]Venusaur||Venusaurite|Chlorophyll|SludgeBomb,GigaDrain,EarthPower,SleepPowder|Modest||M|||50|]Sneasler||WhiteHerb|Unburden|DireClaw,CloseCombat,FakeOut,RockTomb|Jolly||M|||50|
|showteam|p2|Camerupt||Cameruptite|SolidRock|AncientPower,Protect,HeatWave,EarthPower|Quiet||M|||50|]Farigiraf||ColburBerry|ArmorTail|Imprison,TwinBeam,TrickRoom,Protect|Bold||M|||50|]Incineroar||PasshoBerry|Intimidate|PartingShot,FakeOut,ThroatChop,FlareBlitz|Sassy||F|||50|]Sylveon||FairyFeather|Pixilate|HyperBeam,HyperVoice,QuickAttack,Protect|Quiet||M|||50|]Rotom-Wash||ChoiceScarf|Levitate|HydroPump,VoltSwitch,Electroweb,Trick|Modest|||||50|]Mawile||Mawilite|HyperCutter|IronHead,PlayRough,SwordsDance,FireFang|Brave||F|||50|
|inactive|Battle timer is ON: inactive players will automatically lose when time's up. (requested by VenuDaAscoInRain)
|inactive|ReactorX has 60 seconds left.
|inactive|ReactorX has 30 seconds left.
|inactive|ReactorX has 20 seconds left.
|
|t:|1783067001
|teamsize|p1|4
|teamsize|p2|4
|start
|switch|p1a: Venusaur|Venusaur, L50, M, shiny|100/100
|switch|p1b: Swampert|Swampert, L50, M|100/100
|switch|p2a: Mimu|Farigiraf, L50, M, shiny|100/100
|switch|p2b: Rotom|Rotom-Wash, L50|100/100
|turn|1
|inactive|VenuDaAscoInRain has 30 seconds left.
|
|t:|1783067027
|switch|p1b: Archaludon|Archaludon, L50, M, shiny|100/100
|move|p2b: Rotom|Volt Switch|p1a: Venusaur
|-resisted|p1a: Venusaur|1
|-damage|p1a: Venusaur|86/100
|
|t:|1783067035
|switch|p2b: Yellowstone|Camerupt, L50, M, shiny|100/100|[from] Volt Switch
|move|p1a: Venusaur|Sleep Powder|p2a: Mimu
|-status|p2a: Mimu|slp|[from] move: Sleep Powder
|cant|p2a: Mimu|slp
|
|upkeep
|turn|2
|
|t:|1783067044
|detailschange|p2b: Yellowstone|Camerupt-Mega, L50, M, shiny
|-mega|p2b: Yellowstone|Camerupt|Cameruptite
|move|p1a: Venusaur|Earth Power|p2b: Yellowstone
|-supereffective|p2b: Yellowstone|1
|-damage|p2b: Yellowstone|39/100
|move|p1b: Archaludon|Dragon Pulse|p2b: Yellowstone
|-damage|p2b: Yellowstone|0 fnt
|faint|p2b: Yellowstone
|cant|p2a: Mimu|slp
|
|upkeep
|-message|ReactorX forfeited.
|
|win|VenuDaAscoInRain
