|j|☆SlaymonSays
|j|‽sudoz
|html|SlaymonSayssudoz    
|uhtml|bestof|Game 2 of a best-of-3
|t:|1757642316
|gametype|doubles
|player|p1|SlaymonSays|266|1324
|player|p2|sudoz|iris-gen5bw2|1244
|gen|9
|tier|[Gen 9] VGC 2025 Reg H (Bo3)
|rated|
|rule|Species Clause: Limit one of each Pokémon
|rule|Item Clause: Limit 1 of each item
|clearpoke
|poke|p1|Pelipper, L50, F|
|poke|p1|Archaludon, L50, F|
|poke|p1|Basculegion, L50, M|
|poke|p1|Rillaboom, L50, M|
|poke|p1|Incineroar, L50, M|
|poke|p1|Gholdengo, L50|
|poke|p2|Dragonite, L50, M|
|poke|p2|Annihilape, L50, F|
|poke|p2|Gholdengo, L50|
|poke|p2|Rillaboom, L50, M|
|poke|p2|Electabuzz, L50, M|
|poke|p2|Incineroar, L50, M|
|teampreview|4
|showteam|p1|Pelipper||FocusSash|Drizzle|WeatherBall,Hurricane,Tailwind,Protect|||F|||50|,,,,,Ghost]Archaludon||PowerHerb|Sturdy|ElectroShot,DragonPulse,AuraSphere,Protect|||F|||50|,,,,,Electric]Basculegion||ChoiceScarf|Adaptability|WaveCrash,LastRespects,AquaJet,FlipTurn|||M|||50|,,,,,Water]Rillaboom||AssaultVest|GrassySurge|FakeOut,GrassyGlide,WoodHammer,HighHorsepower|||M|||50|,,,,,Fairy]Incineroar||SafetyGoggles|Intimidate|FakeOut,FlareBlitz,KnockOff,PartingShot|||M|||50|,,,,,Ghost]Gholdengo||LifeOrb|GoodasGold|MakeItRain,ShadowBall,NastyPlot,Protect||||||50|,,,,,Dragon
|showteam|p2|Dragonite||LoadedDice|Multiscale|Protect,ScaleShot,ExtremeSpeed,Haze|||M|||50|,,,,,Fairy]Annihilape||FocusSash|Defiant|RageFist,CloseCombat,Coaching,Taunt|||F|||50|,,,,,Stellar]Gholdengo||SitrusBerry|GoodasGold|Protect,MakeItRain,ShadowBall,NastyPlot||||||50|,,,,,Water]Rillaboom||AssaultVest|GrassySurge|FakeOut,WoodHammer,GrassyGlide,HighHorsepower|||M|||50|,,,,,Fire]Electabuzz||Eviolite|VitalSpirit|Protect,Thunderbolt,Electroweb,FollowMe|||M|||50|,,,,,Dragon]Incineroar||MirrorHerb|Intimidate|FakeOut,FlareBlitz,KnockOff,PartingShot|||M|||50|,,,,,Ghost
|
|t:|1757642368
|teamsize|p1|4
|teamsize|p2|4
|start
|switch|p1a: Gholdengo|Gholdengo, L50|100/100
|switch|p1b: Incineroar|Incineroar, L50, M|100/100
|switch|p2a: Annihilape|Annihilape, L50, F|100/100
|switch|p2b: Gholdengo|Gholdengo, L50|100/100
|-ability|p1b: Incineroar|Intimidate|boost
|-unboost|p2a: Annihilape|atk|1
|-ability|p2a: Annihilape|Defiant|boost
|-boost|p2a: Annihilape|atk|2
|-unboost|p2b: Gholdengo|atk|1
|turn|1
|
|t:|1757642407
|-terastallize|p1b: Incineroar|Ghost
|move|p2a: Annihilape|Close Combat|p1b: Incineroar
|-immune|p1b: Incineroar
|move|p2b: Gholdengo|Shadow Ball|p1a: Gholdengo
|-supereffective|p1a: Gholdengo
|-damage|p1a: Gholdengo|34/100
|move|p1a: Gholdengo|Shadow Ball|p2a: Annihilape
|-supereffective|p2a: Annihilape
|-damage|p2a: Annihilape|3/100
|-unboost|p2a: Annihilape|spd|1
|-ability|p2a: Annihilape|Defiant|boost
|-boost|p2a: Annihilape|atk|2
|-damage|p1a: Gholdengo|24/100|[from] item: Life Orb
|move|p1b: Incineroar|Knock Off|p2a: Annihilape
|-damage|p2a: Annihilape|0 fnt
|-enditem|p2a: Annihilape|Focus Sash|[from] move: Knock Off|[of] p1b: Incineroar
|faint|p2a: Annihilape
|
|upkeep
|
|t:|1757642423
|switch|p2a: Dragonite|Dragonite, L50, M|100/100
|turn|2
|
|t:|1757642442
|move|p2b: Gholdengo|Shadow Ball|p1b: Incineroar
|-supereffective|p1b: Incineroar
|-damage|p1b: Incineroar|41/100
|-unboost|p1b: Incineroar|spd|1
|move|p1a: Gholdengo|Make It Rain|p2a: Dragonite|[spread] p2a,p2b
|-resisted|p2b: Gholdengo
|-damage|p2a: Dragonite|74/100
|-damage|p2b: Gholdengo|75/100
|-unboost|p1a: Gholdengo|spa|1
|-damage|p1a: Gholdengo|15/100|[from] item: Life Orb
|move|p2a: Dragonite|Scale Shot|p1b: Incineroar
|-damage|p1b: Incineroar|27/100
|-damage|p1b: Incineroar|10/100
|-damage|p1b: Incineroar|0 fnt
|faint|p1b: Incineroar
|-hitcount|p1: Incineroar|3
|-unboost|p2a: Dragonite|def|1
|-boost|p2a: Dragonite|spe|1
|
|upkeep
|
|t:|1757642457
|switch|p1b: Archaludon|Archaludon, L50, F|100/100
|turn|3
|
|t:|1757642485
|-terastallize|p2b: Gholdengo|Water
|move|p2a: Dragonite|Scale Shot|p1b: Archaludon
|-damage|p1b: Archaludon|89/100
|-damage|p1b: Archaludon|76/100
|-damage|p1b: Archaludon|64/100
|-damage|p1b: Archaludon|49/100
|-hitcount|p1b: Archaludon|4
|-unboost|p2a: Dragonite|def|1
|-boost|p2a: Dragonite|spe|1
|move|p1b: Archaludon|Electro Shot||[still]
|-prepare|p1b: Archaludon|Electro Shot
|-boost|p1b: Archaludon|spa|1
|-enditem|p1b: Archaludon|Power Herb
|-anim|p1b: Archaludon|Electro Shot|p2a: Dragonite
|-damage|p2a: Dragonite|6/100
|move|p2b: Gholdengo|Shadow Ball|p1b: Archaludon
|-damage|p1b: Archaludon|0 fnt
|faint|p1b: Archaludon
|move|p1a: Gholdengo|Shadow Ball|p2b: Gholdengo
|-damage|p2b: Gholdengo|42/100
|-unboost|p2b: Gholdengo|spd|1
|-enditem|p2b: Gholdengo|Sitrus Berry|[eat]
|-heal|p2b: Gholdengo|66/100|[from] item: Sitrus Berry
|-damage|p1a: Gholdengo|5/100|[from] item: Life Orb
|
|upkeep
|
|t:|1757642513
|switch|p1b: Pelipper|Pelipper, L50, F|100/100
|-weather|RainDance|[from] ability: Drizzle|[of] p1b: Pelipper
|turn|4
|
|t:|1757642532
|move|p2a: Dragonite|Scale Shot|p1b: Pelipper
|-damage|p1b: Pelipper|78/100
|-damage|p1b: Pelipper|60/100
|-damage|p1b: Pelipper|38/100
|-damage|p1b: Pelipper|17/100
|-damage|p1b: Pelipper|0 fnt
|faint|p1b: Pelipper
|-hitcount|p1: Pelipper|5
|-unboost|p2a: Dragonite|def|1
|-boost|p2a: Dragonite|spe|1
|move|p2b: Gholdengo|Make It Rain|p1a: Gholdengo
|-resisted|p1a: Gholdengo
|-damage|p1a: Gholdengo|0 fnt
|-unboost|p2b: Gholdengo|spa|1
|faint|p1a: Gholdengo
|
|win|sudoz
|raw|SlaymonSays's rating: 1324 → 1299(-25 for losing)
|raw|sudoz's rating: 1244 → 1275(+31 for winning)
