|j|☆Raucho
|j|☆taylor4ever
|html|Rauchotaylor4ever    
|uhtml|bestof|Game 2 of a best-of-3
|t:|1756999342
|gametype|doubles
|player|p1|Raucho|n|1218
|player|p2|taylor4ever|102|1140
|gen|9
|tier|[Gen 9] VGC 2025 Reg H (Bo3)
|rated|
|rule|Species Clause: Limit one of each Pokémon
|rule|Item Clause: Limit 1 of each item
|clearpoke
|poke|p1|Gholdengo, L50|
|poke|p1|Dragonite, L50, M|
|poke|p1|Indeedee, L50, M|
|poke|p1|Sneasler, L50, F|
|poke|p1|Electabuzz, L50, F|
|poke|p1|Ursaluna-Bloodmoon, L50, M|
|poke|p2|Indeedee-F, L50, F|
|poke|p2|Gallade, L50, M|
|poke|p2|Torkoal, L50, F|
|poke|p2|Ursaluna, L50, M|
|poke|p2|Hatterene, L50, F|
|poke|p2|Lilligant-Hisui, L50, F|
|teampreview|4
|showteam|p1|Gholdengo||IronPlate|GoodasGold|MakeItRain,ShadowBall,NastyPlot,Protect||||||50|,,,,,Dragon]Dragonite||LoadedDice|InnerFocus|ScaleShot,StompingTantrum,Haze,Tailwind|||M|||50|,,,,,Fairy]Indeedee||FocusSash|PsychicSurge|ExpandingForce,Imprison,TrickRoom,Protect|||M|||50|,,,,,Psychic]Sneasler||PsychicSeed|Unburden|ThroatChop,CloseCombat,DireClaw,Protect|||F|||50|,,,,,Dark]Electabuzz||Eviolite|VitalSpirit|Electroweb,Taunt,FollowMe,Protect|||F|||50|,,,,,Dragon]Ursaluna-Bloodmoon||LifeOrb|MindsEye|HyperVoice,BloodMoon,EarthPower,Protect|||M|||50|,,,,,Normal
|showteam|p2|Indeedee-F||RockyHelmet|PsychicSurge|Psychic,HelpingHand,FollowMe,TrickRoom|||F|||50|,,,,,Grass]Gallade||ScopeLens|Sharpness|SacredSword,PsychoCut,TrickRoom,WideGuard|||M|||50|,,,,,Grass]Torkoal||Charcoal|Drought|Eruption,WeatherBall,ClearSmog,HeatWave|||F|||50|,,,,,Fire]Ursaluna||FlameOrb|Guts|Facade,HeadlongRush,Earthquake,Protect|||M|||50|,,,,,Ghost]Hatterene||LifeOrb|MagicBounce|ExpandingForce,TrickRoom,DazzlingGleam,Protect|||F|||50|,,,,,Psychic]Lilligant-Hisui||FocusSash|Chlorophyll|SleepPowder,AfterYou,SolarBlade,CloseCombat|||F|||50|,,,,,Ghost
|inactive|Battle timer is ON: inactive players will automatically lose when time's up. (requested by Raucho)
|inactive|Raucho has 60 seconds left.
|
|t:|1756999383
|teamsize|p1|4
|teamsize|p2|4
|start
|switch|p1a: Indeedee|Indeedee, L50, M, shiny|100/100
|switch|p1b: Sneasler|Sneasler, L50, F, shiny|100/100
|switch|p2a: Indeedee|Indeedee-F, L50, F|100/100
|switch|p2b: Gallade|Gallade, L50, M|100/100
|-fieldstart|move: Psychic Terrain|[from] ability: Psychic Surge|[of] p1a: Indeedee
|-enditem|p1b: Sneasler|Psychic Seed
|-boost|p1b: Sneasler|spd|1|[from] item: Psychic Seed
|turn|1
|inactive|taylor4ever has 30 seconds left.
|
|t:|1756999408
|-terastallize|p1b: Sneasler|Dark
|move|p2a: Indeedee|Follow Me|p2a: Indeedee
|-singleturn|p2a: Indeedee|move: Follow Me
|move|p1b: Sneasler|Dire Claw|p2a: Indeedee
|-damage|p2a: Indeedee|60/100
|-damage|p1b: Sneasler|84/100|[from] item: Rocky Helmet|[of] p2a: Indeedee
|move|p1a: Indeedee|Imprison|p1a: Indeedee
|-start|p1a: Indeedee|move: Imprison
|move|p2b: Gallade|Sacred Sword|p1a: Indeedee
|-enditem|p1a: Indeedee|Focus Sash
|-damage|p1a: Indeedee|1/100
|
|upkeep
|turn|2
|inactive|Raucho has 30 seconds left.
|inactive|taylor4ever has 30 seconds left.
|inactive|taylor4ever has 20 seconds left.
|inactive|taylor4ever has 15 seconds left.
|inactive|taylor4ever has 10 seconds left.
|inactive|taylor4ever has 5 seconds left.
|
|t:|1756999459
|switch|p2a: Ursaluna|Ursaluna, L50, M|100/100
|move|p1a: Indeedee|Protect|p1a: Indeedee
|-singleturn|p1a: Indeedee|Protect
|move|p1b: Sneasler|Dire Claw|p2b: Gallade
|-damage|p2b: Gallade|40/100
|move|p2b: Gallade|Sacred Sword|p1a: Indeedee
|-activate|p1a: Indeedee|move: Protect
|
|-status|p2a: Ursaluna|brn|[from] item: Flame Orb
|upkeep
|turn|3
|
|t:|1756999480
|move|p2b: Gallade|Wide Guard|p2b: Gallade
|-singleturn|p2b: Gallade|Wide Guard
|move|p1b: Sneasler|Close Combat|p2a: Ursaluna
|-supereffective|p2a: Ursaluna
|-damage|p2a: Ursaluna|0 fnt
|-unboost|p1b: Sneasler|def|1
|-unboost|p1b: Sneasler|spd|1
|faint|p2a: Ursaluna
|move|p1a: Indeedee|Expanding Force|p2b: Gallade
|-activate|p2b: Gallade|move: Wide Guard
|
|upkeep
|
|t:|1756999495
|switch|p2a: Indeedee|Indeedee-F, L50, F|60/100
|turn|4
|
|t:|1756999505
|move|p1a: Indeedee|Protect|p1a: Indeedee
|-singleturn|p1a: Indeedee|Protect
|move|p2a: Indeedee|Follow Me|p2a: Indeedee
|-singleturn|p2a: Indeedee|move: Follow Me
|move|p1b: Sneasler|Dire Claw|p2a: Indeedee
|-damage|p2a: Indeedee|17/100
|-damage|p1b: Sneasler|68/100|[from] item: Rocky Helmet|[of] p2a: Indeedee
|move|p2b: Gallade|Sacred Sword|p1a: Indeedee
|-activate|p1a: Indeedee|move: Protect
|
|upkeep
|turn|5
|
|t:|1756999528
|move|p2a: Indeedee|Follow Me|p2a: Indeedee
|-singleturn|p2a: Indeedee|move: Follow Me
|move|p1b: Sneasler|Dire Claw|p2a: Indeedee
|-damage|p2a: Indeedee|0 fnt
|-damage|p1b: Sneasler|51/100|[from] item: Rocky Helmet|[of] p2a: Indeedee
|faint|p2a: Indeedee
|move|p1a: Indeedee|Expanding Force|p2b: Gallade
|-damage|p2b: Gallade|0 fnt
|faint|p2b: Gallade
|
|-fieldend|move: Psychic Terrain
|upkeep
|-message|taylor4ever forfeited.
|
|win|Raucho
|raw|Raucho's rating: 1218 → 1237(+19 for winning)
|raw|taylor4ever's rating: 1140 → 1121(-19 for losing)
|l|☆taylor4ever
|player|p2|
