|j|☆KisuV
|j|☆bimbo mafioso
|html|KisuVbimbo mafioso    
|uhtml|bestof|Game 1 of a best-of-3
|t:|1757191419
|gametype|doubles
|player|p1|KisuV|cynthia-anime|1132
|player|p2|bimbo mafioso|swimmerf|1150
|gen|9
|tier|[Gen 9] VGC 2025 Reg H (Bo3)
|rated|
|rule|Species Clause: Limit one of each Pokémon
|rule|Item Clause: Limit 1 of each item
|clearpoke
|poke|p1|Garchomp, L50, M|
|poke|p1|Tyranitar, L50, F|
|poke|p1|Gholdengo, L50|
|poke|p1|Incineroar, L50, F|
|poke|p1|Vivillon, L50, F|
|poke|p1|Electabuzz, L50, M|
|poke|p2|Amoonguss, L50, M|
|poke|p2|Dragonite, L50, F|
|poke|p2|Incineroar, L50, M|
|poke|p2|Sneasler, L50, F|
|poke|p2|Ursaluna-Bloodmoon, L50, M|
|poke|p2|Gholdengo, L50|
|teampreview|4
|showteam|p1|Garchomp||ClearAmulet|SandVeil|DragonClaw,StompingTantrum,SwordsDance,Protect|||M|||50|,,,,,Fairy]Tyranitar||SitrusBerry|SandStream|RockSlide,KnockOff,HelpingHand,Protect|||F|||50|,,,,,Flying]Gholdengo||LifeOrb|GoodasGold|MakeItRain,ShadowBall,NastyPlot,Protect||||||50|,,,,,Water]Incineroar||SafetyGoggles|Intimidate|FakeOut,FlareBlitz,KnockOff,PartingShot|||F|||50|,,,,,Water]Vivillon||FocusSash|CompoundEyes|Hurricane,SleepPowder,Tailwind,Protect|||F|||50|,,,,,Ghost]Electabuzz||Eviolite|VitalSpirit|Electroweb,FollowMe,Taunt,Protect|||M|||50|,,,,,Ghost
|showteam|p2|Amoonguss||SitrusBerry|Regenerator|Spore,RagePowder,PollenPuff,Protect|||M|||50|,,,,,Water]Dragonite||LoadedDice|Multiscale|ScaleShot,Tailwind,Haze,Protect|||F|||50|,,,,,Fairy]Incineroar||SafetyGoggles|Intimidate|FakeOut,KnockOff,FlareBlitz,PartingShot|||M|||50|,,,,,Ghost]Sneasler||FocusSash|Unburden|CloseCombat,DireClaw,Coaching,Protect|||F|||50|,,,,,Stellar]Ursaluna-Bloodmoon||AssaultVest|MindsEye|HyperVoice,EarthPower,BloodMoon,VacuumWave|||M|||50|,,,,,Poison]Gholdengo||LifeOrb|GoodasGold|MakeItRain,ShadowBall,NastyPlot,Protect||||||50|,,,,,Water
|inactive|Battle timer is ON: inactive players will automatically lose when time's up. (requested by bimbo mafioso)
|j| Effe G.S.
|l| Effe G.S.
|inactive|bimbo mafioso has 60 seconds left.
|inactive|bimbo mafioso has 30 seconds left.
|inactive|bimbo mafioso has 20 seconds left.
|inactive|bimbo mafioso has 15 seconds left.
|
|t:|1757191498
|teamsize|p1|4
|teamsize|p2|4
|start
|switch|p1a: Garchomp|Garchomp, L50, M|100/100
|switch|p1b: Tyranitar|Tyranitar, L50, F, shiny|100/100
|switch|p2a: Dragonite|Dragonite, L50, F|100/100
|switch|p2b: Ursaluna|Ursaluna-Bloodmoon, L50, M|100/100
|-weather|Sandstorm|[from] ability: Sand Stream|[of] p1b: Tyranitar
|turn|1
|
|t:|1757191522
|switch|p1b: Vivillon|Vivillon, L50, F|100/100
|-terastallize|p1a: Garchomp|Fairy
|-terastallize|p2a: Dragonite|Fairy
|move|p1a: Garchomp|Swords Dance|p1a: Garchomp
|-boost|p1a: Garchomp|atk|2
|move|p2a: Dragonite|Scale Shot|p1b: Vivillon
|-damage|p1b: Vivillon|74/100
|-damage|p1b: Vivillon|49/100
|-damage|p1b: Vivillon|24/100
|-damage|p1b: Vivillon|0 fnt
|faint|p1b: Vivillon
|-hitcount|p1: Vivillon|4
|-unboost|p2a: Dragonite|def|1
|-boost|p2a: Dragonite|spe|1
|move|p2b: Ursaluna|Earth Power|p1a: Garchomp
|-damage|p1a: Garchomp|40/100
|
|-weather|Sandstorm|[upkeep]
|-damage|p2a: Dragonite|95/100|[from] Sandstorm
|upkeep
|
|t:|1757191543
|switch|p1b: Electabuzz|Electabuzz, L50, M|100/100
|turn|2
|
|t:|1757191552
|move|p1b: Electabuzz|Follow Me|p1b: Electabuzz
|-singleturn|p1b: Electabuzz|move: Follow Me
|move|p2a: Dragonite|Tailwind|p2a: Dragonite
|-sidestart|p2: bimbo mafioso|move: Tailwind
|move|p2b: Ursaluna|Hyper Voice|p1b: Electabuzz|[spread] p1a,p1b
|-damage|p1a: Garchomp|0 fnt
|-damage|p1b: Electabuzz|75/100
|faint|p1a: Garchomp
|
|-weather|Sandstorm|[upkeep]
|-damage|p2a: Dragonite|89/100|[from] Sandstorm
|-damage|p1b: Electabuzz|70/100|[from] Sandstorm
|upkeep
|
|t:|1757191559
|switch|p1a: Tyranitar|Tyranitar, L50, F, shiny|100/100
|turn|3
|-message|KisuV forfeited.
|raw|KisuV's rating: 1132 → 1108(-24 for losing)
|raw|bimbo mafioso's rating: 1150 → 1174(+24 for winning)
|
|win|bimbo mafioso
|l|☆KisuV
|player|p1|
