|j|☆Mojanf
|j|☆samki9
|html|Mojanfsamki9    
|uhtml|bestof|Game 2 of a best-of-3
|t:|1783355634
|gametype|doubles
|player|p1|Mojanf|170|1074
|player|p2|samki9|marshal|1079
|gen|9
|tier|[Gen 9 Champions] VGC 2026 Reg M-B (Bo3)
|rated|
|rule|Species Clause: Limit one of each Pokémon
|rule|Item Clause: Limit 1 of each item
|clearpoke
|poke|p1|Delphox, L50, M|
|poke|p1|Sneasler, L50, F|
|poke|p1|Kingambit, L50, F|
|poke|p1|Whimsicott, L50, M|
|poke|p1|Tsareena, L50, F|
|poke|p1|Basculegion, L50, M|
|poke|p2|Delphox, L50, M|
|poke|p2|Sceptile, L50, F|
|poke|p2|Garchomp, L50, M|
|poke|p2|Rotom-Wash, L50|
|poke|p2|Aerodactyl, L50, F|
|poke|p2|Sinistcha, L50|
|teampreview|4
|showteam|p1|Delphox||Delphoxite|Magician|HeatWave,Psychic,CalmMind,Protect|Timid||M|||50|]Sneasler||WhiteHerb|Unburden|FakeOut,DireClaw,CloseCombat,Protect|Adamant||F|||50|]Kingambit||LifeOrb|Defiant|KowtowCleave,SuckerPunch,IronHead,Protect|Adamant||F|||50|]Whimsicott||FocusSash|Prankster|Tailwind,Encore,Moonblast,Protect|Timid||M|||50|]Tsareena||SitrusBerry|QueenlyMajesty|TripleAxel,LowKick,TropKick,Protect|Adamant||F|||50|]Basculegion||ChoiceScarf|Adaptability|LastRespects,WaveCrash,FlipTurn,AquaJet|Jolly||M|||50|
|showteam|p2|Delphox||Delphoxite|Blaze|HeatWave,Psyshock,Encore,Protect|Timid||M|||50|]Sceptile||Sceptilite|Overgrow|EnergyBall,DragonPulse,EarthPower,Protect|Timid||F|||50|]Garchomp||LifeOrb|RoughSkin|Earthquake,RockSlide,DragonClaw,Protect|Adamant||M|||50|]Rotom-Wash||ChoiceScarf|Levitate|HydroPump,Discharge,Thunderbolt,WillOWisp|Timid|||||50|]Aerodactyl||FocusSash|Unnerve|RockSlide,DualWingbeat,Tailwind,Protect|Jolly||F|||50|]Sinistcha||SitrusBerry|Hospitality|MatchaGotcha,TrickRoom,Imprison,RagePowder|Sassy|||||50|
|inactive|Battle timer is ON: inactive players will automatically lose when time's up. (requested by Mojanf)
|inactive|Mojanf has 60 seconds left.
|
|t:|1783355667
|teamsize|p1|4
|teamsize|p2|4
|start
|switch|p1a: Delphox|Delphox, L50, M|100/100
|switch|p1b: Sneasler|Sneasler, L50, F|100/100
|switch|p2a: Garchomp|Garchomp, L50, M|100/100
|switch|p2b: Delphox|Delphox, L50, M|100/100
|turn|1
|inactive|Mojanf has 30 seconds left.
|inactive|Mojanf has 20 seconds left.
|
|t:|1783355706
|detailschange|p1a: Delphox|Delphox-Mega, L50, M
|-mega|p1a: Delphox|Delphox|Delphoxite
|detailschange|p2b: Delphox|Delphox-Mega, L50, M
|-mega|p2b: Delphox|Delphox|Delphoxite
|move|p1b: Sneasler|Fake Out|p2a: Garchomp
|-damage|p2a: Garchomp|83/100
|-damage|p1b: Sneasler|87/100|[from] ability: Rough Skin|[of] p2a: Garchomp
|move|p1a: Delphox|Calm Mind|p1a: Delphox
|-boost|p1a: Delphox|spa|1
|-boost|p1a: Delphox|spd|1
|move|p2b: Delphox|Psyshock|p1b: Sneasler
|-supereffective|p1b: Sneasler|2
|-damage|p1b: Sneasler|0 fnt
|faint|p1b: Sneasler
|cant|p2a: Garchomp|flinch
|
|upkeep
|
|t:|1783355728
|switch|p1b: Basculegion|Basculegion, L50, M|100/100
|turn|2
|
|t:|1783355738
|switch|p2b: Rotom|Rotom-Wash, L50|100/100
|move|p1b: Basculegion|Last Respects|p2b: Rotom
|-damage|p2b: Rotom|19/100
|move|p1a: Delphox|Psychic|p2a: Garchomp
|-damage|p2a: Garchomp|0 fnt
|faint|p2a: Garchomp
|
|upkeep
|
|t:|1783355751
|switch|p2a: Aerodactyl|Aerodactyl, L50, F|100/100
|-ability|p2a: Aerodactyl|Unnerve
|turn|3
|
|t:|1783355768
|move|p2b: Rotom|Thunderbolt|p1b: Basculegion
|-supereffective|p1b: Basculegion|1
|-crit|p1b: Basculegion
|-damage|p1b: Basculegion|0 fnt
|faint|p1b: Basculegion
|move|p1a: Delphox|Heat Wave|p2b: Rotom|[spread] p2a,p2b
|-resisted|p2a: Aerodactyl|1
|-resisted|p2b: Rotom|1
|-damage|p2a: Aerodactyl|49/100
|-damage|p2b: Rotom|0 fnt
|faint|p2b: Rotom
|move|p2a: Aerodactyl|Rock Slide|p1a: Delphox
|-supereffective|p1a: Delphox|1
|-damage|p1a: Delphox|0 fnt
|faint|p1a: Delphox
|
|upkeep
|
|t:|1783355776
|switch|p2b: Delphox|Delphox-Mega, L50, M|100/100
|switch|p1b: Whimsicott|Whimsicott, L50, M|100/100
|turn|4
|
|t:|1783355781
|move|p2b: Delphox|Heat Wave|p1b: Whimsicott
|-supereffective|p1b: Whimsicott|1
|-enditem|p1b: Whimsicott|Focus Sash
|-damage|p1b: Whimsicott|1/100
|move|p2a: Aerodactyl|Dual Wingbeat|p1b: Whimsicott
|-supereffective|p1b: Whimsicott|1
|-damage|p1b: Whimsicott|0 fnt
|faint|p1b: Whimsicott
|-hitcount|p1: Whimsicott|1
|
|win|samki9
||samki9 is ready for game 3.
||Mojanf is ready for game 3.
|uhtml|next|Next: Game 3 of 3
