|j|☆Trainer Piwi
|j|☆ground tera
|html|Trainer Piwiground tera    
|uhtml|bestof|Game 2 of a best-of-3
|t:|1784381113
|gametype|doubles
|player|p1|Trainer Piwi|101|1110
|player|p2|ground tera|102|1238
|gen|9
|tier|[Gen 9 Champions] VGC 2026 Reg M-B (Bo3)
|rated|
|rule|Species Clause: Limit one of each Pokémon
|rule|Item Clause: Limit 1 of each item
|clearpoke
|poke|p1|Araquanid, L50, F|
|poke|p1|Meowstic, L50, M|
|poke|p1|Blastoise, L50, M|
|poke|p1|Garchomp, L50, F|
|poke|p1|Delphox, L50, M|
|poke|p1|Clefable, L50, M|
|poke|p2|Whimsicott, L50, M, shiny|
|poke|p2|Garchomp, L50, F|
|poke|p2|Basculegion, L50, M|
|poke|p2|Charizard, L50, M|
|poke|p2|Floette-Eternal, L50, F|
|poke|p2|Kingambit, L50, F|
|teampreview|4
|showteam|p1|Araquanid||SitrusBerry|WaterBubble|Liquidation,WideGuard,Entrainment,RainDance|Relaxed||F|||50|]Meowstic||FocusSash|Prankster|Psychic,RainDance,TrickRoom,FakeOut|Timid||M|||50|]Blastoise||Blastoisinite|Torrent|WaterSpout,Surf,AuraSphere,Protect|Quiet||M|||50|]Garchomp||LifeOrb|SandVeil|DragonClaw,Protect,Earthquake,RockSlide|Jolly||F|||50|]Delphox||Delphoxite|Blaze|HeatWave,Psychic,WillOWisp,Protect|Timid||M|||50|]Clefable||FairyFeather|MagicGuard|Moonblast,DrainingKiss,FollowMe,Encore|Bold||M|||50|
|showteam|p2|Whimsicott||FocusSash|Prankster|Protect,Tailwind,SunnyDay,Moonblast|Timid||M|||50|]Garchomp||LifeOrb|RoughSkin|Protect,RockSlide,Earthquake,DragonClaw|Jolly||F|||50|]Basculegion||MysticWater|Adaptability|Protect,WaveCrash,LastRespects,AquaJet|Adamant||M|||50|]Charizard||CharizarditeY|Blaze|Protect,HeatWave,WeatherBall,SolarBeam|Modest||M|||50|]Floette-Eternal||Floettite|FlowerVeil|Protect,LightofRuin,DazzlingGleam,Moonblast|Timid||F|||50|]Kingambit||ChopleBerry|Defiant|LowKick,SuckerPunch,KowtowCleave,IronHead|Adamant||F|||50|
|inactive|Battle timer is ON: inactive players will automatically lose when time's up. (requested by ground tera)
|inactive|ground tera has 60 seconds left.
|
|t:|1784381166
|teamsize|p1|4
|teamsize|p2|4
|start
|switch|p1a: Araquanid|Araquanid, L50, F|100/100
|switch|p1b: Delphox|Delphox, L50, M|100/100
|switch|p2a: Whimsicott|Whimsicott, L50, M, shiny|100/100
|switch|p2b: Floette|Floette-Eternal, L50, F|100/100
|turn|1
|
|t:|1784381188
|detailschange|p2b: Floette|Floette-Mega, L50, F
|-mega|p2b: Floette|Floette|Floettite
|-ability|p2b: Floette|Fairy Aura
|detailschange|p1b: Delphox|Delphox-Mega, L50, M
|-mega|p1b: Delphox|Delphox|Delphoxite
|move|p1b: Delphox|Protect|p1b: Delphox
|-singleturn|p1b: Delphox|Protect
|move|p2a: Whimsicott|Moonblast|p1a: Araquanid
|-damage|p1a: Araquanid|58/100
|move|p2b: Floette|Moonblast|p1a: Araquanid
|-damage|p1a: Araquanid|0 fnt
|faint|p1a: Araquanid
|
|upkeep
|
|t:|1784381205
|switch|p1a: Garchomp|Garchomp, L50, F|100/100
|turn|2
|
|t:|1784381219
|move|p2a: Whimsicott|Tailwind|p2a: Whimsicott
|-sidestart|p2: ground tera|move: Tailwind
|move|p2b: Floette|Moonblast|p1a: Garchomp
|-supereffective|p1a: Garchomp|1
|-damage|p1a: Garchomp|0 fnt
|faint|p1a: Garchomp
|move|p1b: Delphox|Heat Wave|p2a: Whimsicott|[spread] p2a,p2b
|-supereffective|p2a: Whimsicott|1
|-enditem|p2a: Whimsicott|Focus Sash
|-damage|p2a: Whimsicott|1/100
|-damage|p2b: Floette|63/100
|
|upkeep
|
|t:|1784381230
|switch|p1a: Clefable|Clefable, L50, M|100/100
|turn|3
|
|t:|1784381240
|move|p1b: Delphox|Protect|p1b: Delphox
|-singleturn|p1b: Delphox|Protect
|move|p2a: Whimsicott|Moonblast|p1a: Clefable
|-damage|p1a: Clefable|56/100
|move|p2b: Floette|Moonblast|p1a: Clefable
|-damage|p1a: Clefable|0 fnt
|faint|p1a: Clefable
|
|upkeep
|turn|4
|l|☆Trainer Piwi
|inactive|Trainer Piwi disconnected and has a minute to reconnect!
|player|p1|
|inactive|Trainer Piwi has 30 seconds left.
|inactive|Trainer Piwi has 20 seconds left.
|inactive|Trainer Piwi has 15 seconds left.
|j|☆Trainer Piwi
|inactive|Trainer Piwi reconnected and has 15 seconds left.
|player|p1|Trainer Piwi|101|
|inactive|Trainer Piwi has 10 seconds left.
|-message|Trainer Piwi forfeited.
|raw|Trainer Piwi's rating: 1110 → 1094(-16 for losing)
|raw|ground tera's rating: 1238 → 1254(+16 for winning)
|
|win|ground tera
|l|☆Trainer Piwi
|player|p1|
