|j|☆Luh_simoes-04
|j|☆Quill86
|html|Luh_simoes-04Quill86    
|uhtml|bestof|Game 1 of a best-of-3
|t:|1757816398
|gametype|doubles
|player|p1|Luh_simoes-04|drayden|1164
|player|p2|Quill86|lucas|1233
|gen|9
|tier|[Gen 9] VGC 2025 Reg H (Bo3)
|rated|
|rule|Species Clause: Limit one of each Pokémon
|rule|Item Clause: Limit 1 of each item
|clearpoke
|poke|p1|Armarouge, L50, F|
|poke|p1|Ursaluna-Bloodmoon, L50, M|
|poke|p1|Indeedee-F, L50, F|
|poke|p1|Tsareena, L50, F|
|poke|p1|Primarina, L50, F|
|poke|p1|Gallade, L50, M|
|poke|p2|Incineroar, L50, M|
|poke|p2|Gholdengo, L50|
|poke|p2|Ursaluna-Bloodmoon, L50, M|
|poke|p2|Indeedee-F, L50, F|
|poke|p2|Gallade, L50, M|
|poke|p2|Torkoal, L50, F|
|teampreview|4
|showteam|p1|Armarouge||PowerHerb|FlashFire|ArmorCannon,ExpandingForce,MeteorBeam,TrickRoom|||F|||50|,,,,,Grass]Ursaluna-Bloodmoon||LifeOrb|MindsEye|HyperVoice,BloodMoon,EarthPower,Protect|||M|||50|,,,,,Normal]Indeedee-F||MentalHerb|PsychicSurge|Psychic,HelpingHand,FollowMe,TrickRoom|||F|||50|,,,,,Fairy]Tsareena||WideLens|QueenlyMajesty|PowerWhip,TripleAxel,Taunt,Protect|||F|||50|,,,,,Ice]Primarina||ThroatSpray|LiquidVoice|HyperVoice,Moonblast,Haze,Protect|||F|||50|,,,,,Steel]Gallade||SafetyGoggles|Sharpness|SacredSword,PsychoCut,WideGuard,TrickRoom|||M|||50|,,,,,Water
|showteam|p2|Incineroar||SafetyGoggles|Intimidate|FakeOut,FlareBlitz,KnockOff,PartingShot|||M|||50|,,,,,Ghost]Gholdengo||SitrusBerry|GoodasGold|MakeItRain,ShadowBall,NastyPlot,Protect||||||50|,,,,,Water]Ursaluna-Bloodmoon||LifeOrb|MindsEye|BloodMoon,HyperVoice,EarthPower,Protect|||M|||50|,,,,,Normal]Indeedee-F||PsychicSeed|PsychicSurge|FollowMe,TrickRoom,HelpingHand,DazzlingGleam|||F|||50|,,,,,Fairy]Gallade||ClearAmulet|Sharpness|SacredSword,PsychoCut,WideGuard,TrickRoom|||M|||50|,,,,,Grass]Torkoal||Leftovers|Drought|Eruption,WeatherBall,Yawn,Protect|||F|||50|,,,,,Fire
|inactive|Battle timer is ON: inactive players will automatically lose when time's up. (requested by Luh_simoes-04)
|j| maa21
|l| maa21
|inactive|Quill86 has 60 seconds left.
|inactive|Luh_simoes-04 has 60 seconds left.
|
|t:|1757816438
|teamsize|p1|4
|teamsize|p2|4
|start
|switch|p1a: Tsareena|Tsareena, L50, F|100/100
|switch|p1b: Armarouge|Armarouge, L50, F|100/100
|switch|p2a: Gallade|Gallade, L50, M|100/100
|switch|p2b: Ursaluna|Ursaluna-Bloodmoon, L50, M|100/100
|turn|1
|inactive|Quill86 has 30 seconds left.
|inactive|Quill86 has 20 seconds left.
|
|t:|1757816473
|-terastallize|p1b: Armarouge|Grass
|-terastallize|p2b: Ursaluna|Normal
|move|p2a: Gallade|Wide Guard|p2a: Gallade
|-singleturn|p2a: Gallade|Wide Guard
|move|p1a: Tsareena|Power Whip|p2b: Ursaluna
|-damage|p2b: Ursaluna|58/100
|move|p2b: Ursaluna|Hyper Voice|p1a: Tsareena|[spread] p1a,p1b
|-damage|p1a: Tsareena|25/100
|-damage|p1b: Armarouge|26/100
|-damage|p2b: Ursaluna|48/100|[from] item: Life Orb
|move|p1b: Armarouge|Trick Room|p1b: Armarouge
|-fieldstart|move: Trick Room|[of] p1b: Armarouge
|
|upkeep
|turn|2
|
|t:|1757816494
|move|p2b: Ursaluna|Hyper Voice|p1a: Tsareena|[spread] p1a,p1b
|-damage|p1a: Tsareena|0 fnt
|-damage|p1b: Armarouge|0 fnt
|faint|p1a: Tsareena
|faint|p1b: Armarouge
|-damage|p2b: Ursaluna|38/100|[from] item: Life Orb
|move|p2a: Gallade|Sacred Sword|p1: Tsareena|[notarget]
|-fail|p2a: Gallade
|
|upkeep
|
|t:|1757816497
|switch|p1b: Ursaluna|Ursaluna-Bloodmoon, L50, M|100/100
|switch|p1a: Gallade|Gallade, L50, M|100/100
|turn|3
|
|t:|1757816507
|move|p2b: Ursaluna|Blood Moon|p1a: Gallade
|-damage|p1a: Gallade|0 fnt
|faint|p1a: Gallade
|-damage|p2b: Ursaluna|28/100|[from] item: Life Orb
|move|p1b: Ursaluna|Hyper Voice|p2b: Ursaluna|[spread] p2a,p2b
|-damage|p2a: Gallade|51/100
|-damage|p2b: Ursaluna|0 fnt
|faint|p2b: Ursaluna
|-damage|p1b: Ursaluna|90/100|[from] item: Life Orb
|move|p2a: Gallade|Sacred Sword|p1b: Ursaluna
|-supereffective|p1b: Ursaluna
|-damage|p1b: Ursaluna|0 fnt
|faint|p1b: Ursaluna
|
|win|Quill86
||Quill86 is ready for game 2.
