|j|☆I am the Sweeper
|j|☆shikoguard
|html|I am the Sweepershikoguard    
|uhtml|bestof|Game 2 of a best-of-3
|t:|1756363937
|gametype|doubles
|player|p1|I am the Sweeper|janitor|
|player|p2|shikoguard|102|
|gen|9
|tier|[Gen 9] VGC 2025 Reg H (Bo3)
|rule|Species Clause: Limit one of each Pokémon
|rule|Item Clause: Limit 1 of each item
|clearpoke
|poke|p1|Garganacl, L50, F|
|poke|p1|Dondozo, L50, F|
|poke|p1|Sneasler, L50, M|
|poke|p1|Gholdengo, L50|
|poke|p1|Ninetales-Alola, L50, M|
|poke|p1|Incineroar, L50, M|
|poke|p2|Abomasnow, L50, F|
|poke|p2|Glaceon, L50, F|
|poke|p2|Slowking, L50, M|
|poke|p2|Chandelure, L50, M|
|poke|p2|Ursaluna, L50, M|
|poke|p2|Flamigo, L50, F|
|teampreview|4
|showteam|p1|Garganacl||MarangaBerry|PurifyingSalt|SaltCure,StealthRock,Protect,Recover|||F|||50|,,,,,Flying]Dondozo||Leftovers|Unaware|Liquidation,Yawn,Curse,Protect|||F|||50|,,,,,Poison]Sneasler||FocusSash|PoisonTouch|DireClaw,CloseCombat,Coaching,Protect|||M|||50|,,,,,Ghost]Gholdengo||ChoiceScarf|GoodasGold|MakeItRain,ShadowBall,Trick,PowerGem||||||50|,,,,,Steel]Ninetales-Alola||NeverMeltIce|SnowWarning|Blizzard,FreezeDry,Protect,AuroraVeil|||M|||50|,,,,,Ice]Incineroar||AssaultVest|Intimidate|FlareBlitz,KnockOff,FakeOut,DrainPunch|||M|||50|,,,,,Grass
|showteam|p2|Abomasnow||LifeOrb|SnowWarning|Protect,EarthPower,GigaDrain,Blizzard|||F|||50|,,,,,Ground]Glaceon||NeverMeltIce|SnowCloak|Blizzard,FreezeDry,TeraBlast,Protect|||F|||50|,,,,,Water]Slowking||CovertCloak|Regenerator|MuddyWater,Psychic,TrickRoom,ChillyReception|||M|||50|,,,,,Fairy]Chandelure||MentalHerb|FlashFire|HeatWave,ShadowBall,TrickRoom,Protect|||M|||50|,,,,,Grass]Ursaluna||FlameOrb|Guts|Protect,RockSlide,Facade,Earthquake|||M|||50|,,,,,Poison]Flamigo||FocusSash|Scrappy|CloseCombat,WideGuard,BraveBird,Tailwind|||F|||50|,,,,,Flying
|
|t:|1756363989
|teamsize|p1|4
|teamsize|p2|4
|start
|switch|p1a: Incineroar|Incineroar, L50, M|100/100
|switch|p1b: Sneasler|Sneasler, L50, M|100/100
|switch|p2a: Flamigo|Flamigo, L50, F|100/100
|switch|p2b: Chandelure|Chandelure, L50, M|100/100
|-ability|p1a: Incineroar|Intimidate|boost
|-fail|p2a: Flamigo|unboost|Attack|[from] ability: Scrappy|[of] p2a: Flamigo
|-unboost|p2b: Chandelure|atk|1
|turn|1
|
|t:|1756364041
|move|p1b: Sneasler|Dire Claw|p2a: Flamigo
|-damage|p2a: Flamigo|41/100
|-status|p2a: Flamigo|par
|move|p1a: Incineroar|Knock Off|p2b: Chandelure
|-supereffective|p2b: Chandelure
|-damage|p2b: Chandelure|0 fnt
|-enditem|p2b: Chandelure|Mental Herb|[from] move: Knock Off|[of] p1a: Incineroar
|faint|p2b: Chandelure
|move|p2a: Flamigo|Close Combat|p1a: Incineroar
|-supereffective|p1a: Incineroar
|-crit|p1a: Incineroar
|-damage|p1a: Incineroar|0 fnt
|-unboost|p2a: Flamigo|def|1
|-unboost|p2a: Flamigo|spd|1
|faint|p1a: Incineroar
|
|upkeep
|
|t:|1756364068
|switch|p1a: Gholdengo|Gholdengo, L50|100/100
|switch|p2b: Abomasnow|Abomasnow, L50, F|100/100
|-weather|Snowscape|[from] ability: Snow Warning|[of] p2b: Abomasnow
|turn|2
|
|t:|1756364106
|-terastallize|p2b: Abomasnow|Ground
|cant|p2a: Flamigo|par
|move|p1a: Gholdengo|Trick|p2a: Flamigo
|-activate|p1a: Gholdengo|move: Trick|[of] p2a: Flamigo
|-item|p2a: Flamigo|Choice Scarf|[from] move: Trick
|-item|p1a: Gholdengo|Focus Sash|[from] move: Trick
|move|p1b: Sneasler|Dire Claw|p2a: Flamigo
|-crit|p2a: Flamigo
|-damage|p2a: Flamigo|0 fnt
|faint|p2a: Flamigo
|move|p2b: Abomasnow|Earth Power|p1a: Gholdengo
|-supereffective|p1a: Gholdengo
|-enditem|p1a: Gholdengo|Focus Sash
|-damage|p1a: Gholdengo|1/100
|-damage|p2b: Abomasnow|91/100|[from] item: Life Orb
|
|-weather|Snowscape|[upkeep]
|upkeep
|
|t:|1756364124
|switch|p2a: Glaceon|Glaceon, L50, F|100/100
|turn|3
|
|t:|1756364165
|-terastallize|p1a: Gholdengo|Steel
|move|p1b: Sneasler|Close Combat|p2b: Abomasnow
|-damage|p2b: Abomasnow|17/100
|-unboost|p1b: Sneasler|def|1
|-unboost|p1b: Sneasler|spd|1
|move|p1a: Gholdengo|Make It Rain|p2b: Abomasnow|[spread] p2a,p2b
|-supereffective|p2a: Glaceon
|-damage|p2a: Glaceon|0 fnt
|-damage|p2b: Abomasnow|0 fnt
|-unboost|p1a: Gholdengo|spa|1
|faint|p2a: Glaceon
|faint|p2b: Abomasnow
|
|win|I am the Sweeper
