|j|☆srilekha
|j|☆lox1sm
|html|srilekhalox1sm    
|uhtml|bestof|Game 1 of a best-of-3
|t:|1782402548
|gametype|doubles
|player|p1|srilekha|265|1139
|player|p2|lox1sm|veteran|1124
|gen|9
|tier|[Gen 9 Champions] VGC 2026 Reg M-B (Bo3)
|rated|
|rule|Species Clause: Limit one of each Pokémon
|rule|Item Clause: Limit 1 of each item
|clearpoke
|poke|p1|Rotom-Wash, L50|
|poke|p1|Toxapex, L50, F, shiny|
|poke|p1|Froslass, L50, F|
|poke|p1|Kingambit, L50, F, shiny|
|poke|p1|Sceptile, L50, M|
|poke|p1|Dragonite, L50, M|
|poke|p2|Charizard, L50, M|
|poke|p2|Metagross, L50|
|poke|p2|Aerodactyl, L50, F|
|poke|p2|Garchomp, L50, F|
|poke|p2|Sylveon, L50, F|
|poke|p2|Kingambit, L50, M|
|teampreview|4
|showteam|p1|Rotom-Wash||ChoiceScarf|Levitate|Electroweb,VoltSwitch,HydroPump,Discharge|Timid|||||50|]Toxapex||Leftovers|Regenerator|BanefulBunker,Toxic,Infestation,Recover|Bold||F|||50|]Froslass||Froslassite|CursedBody|Blizzard,ShadowBall,AuroraVeil,Protect|Modest||F|||50|]Kingambit||LifeOrb|Defiant|KowtowCleave,IronHead,SuckerPunch,SwordsDance|Adamant||F|||50|]Sceptile||Sceptilite|Overgrow|LeafStorm,EnergyBall,DragonPulse,Detect|Timid||M|||50|]Dragonite||SitrusBerry|InnerFocus|Tailwind,ExtremeSpeed,Superpower,ChillingWater|Impish||M|||50|
|showteam|p2|Charizard||CharizarditeY|Blaze|HeatWave,WeatherBall,SolarBeam,Protect|Modest||M|||50|]Metagross||Metagrossite|ClearBody|IronHead,PsychicFangs,StompingTantrum,Protect|Jolly|||||50|]Aerodactyl||SitrusBerry|Unnerve|RockSlide,DualWingbeat,IceFang,Tailwind|Jolly||F|||50|]Garchomp||LifeOrb|RoughSkin|DragonClaw,Earthquake,RockSlide,Protect|Jolly||F|||50|]Sylveon||FairyFeather|Pixilate|HyperVoice,HyperBeam,QuickAttack,Protect|Modest||F|||50|]Kingambit||FocusSash|Defiant|KowtowCleave,SuckerPunch,IronHead,LowKick|Adamant||M|||50|
|
|t:|1782402598
|teamsize|p1|4
|teamsize|p2|4
|start
|switch|p1a: Rotom|Rotom-Wash, L50|100/100
|switch|p1b: Sceptile|Sceptile, L50, M|100/100
|switch|p2a: Aerodactyl|Aerodactyl, L50, F|100/100
|switch|p2b: Metagross|Metagross, L50|100/100
|-ability|p2a: Aerodactyl|Unnerve
|turn|1
|inactive|Battle timer is ON: inactive players will automatically lose when time's up. (requested by srilekha)
|
|t:|1782402649
|switch|p2a: Sylveon|Sylveon, L50, F|100/100
|detailschange|p1b: Sceptile|Sceptile-Mega, L50, M
|-mega|p1b: Sceptile|Sceptile|Sceptilite
|detailschange|p2b: Metagross|Metagross-Mega, L50
|-mega|p2b: Metagross|Metagross|Metagrossite
|move|p1a: Rotom|Discharge|p2a: Sylveon|[spread] p2a,p2b
|-ability|p1b: Sceptile|Lightning Rod|boost
|-boost|p1b: Sceptile|spa|1
|-damage|p2a: Sylveon|80/100
|-damage|p2b: Metagross|74/100
|-status|p2b: Metagross|par
|move|p1b: Sceptile|Energy Ball|p2a: Sylveon
|-damage|p2a: Sylveon|18/100
|move|p2b: Metagross|Psychic Fangs|p1a: Rotom
|-damage|p1a: Rotom|13/100
|
|upkeep
|turn|2
|inactive|lox1sm has 30 seconds left.
|inactive|lox1sm has 20 seconds left.
|
|t:|1782402689
|move|p2a: Sylveon|Protect|p2a: Sylveon
|-singleturn|p2a: Sylveon|Protect
|move|p1a: Rotom|Discharge|p2b: Metagross|[spread] p2b
|-activate|p2a: Sylveon|move: Protect
|-ability|p1b: Sceptile|Lightning Rod|boost
|-boost|p1b: Sceptile|spa|1
|-damage|p2b: Metagross|44/100 par
|move|p1b: Sceptile|Leaf Storm|p2b: Metagross
|-resisted|p2b: Metagross|1
|-damage|p2b: Metagross|0 fnt
|-unboost|p1b: Sceptile|spa|2
|faint|p2b: Metagross
|
|upkeep
|
|t:|1782402701
|switch|p2b: Kingambit|Kingambit, L50, M|100/100
|turn|3
|
|t:|1782402720
|switch|p1a: Toxapex|Toxapex, L50, F, shiny|100/100
|move|p2b: Kingambit|Sucker Punch||[still]
|-fail|p2b: Kingambit
|move|p1b: Sceptile|Energy Ball|p2a: Sylveon
|-damage|p2a: Sylveon|0 fnt
|faint|p2a: Sylveon
|
|upkeep
|-message|lox1sm forfeited.
|
|win|srilekha
||lox1sm is ready for game 2.
||srilekha is ready for game 2.
|uhtml|next|Next: Game 2 of 3
