|j|☆benryly
|j|☆Quill86
|html|benrylyQuill86    
|uhtml|bestof|Game 1 of a best-of-3
|t:|1757821044
|gametype|doubles
|player|p1|benryly|cynthia-gen4|1020
|player|p2|Quill86|lucas|1128
|gen|9
|tier|[Gen 9] VGC 2025 Reg H (Bo3)
|rated|
|rule|Species Clause: Limit one of each Pokémon
|rule|Item Clause: Limit 1 of each item
|clearpoke
|poke|p1|Garchomp, L50, F|
|poke|p1|Hydreigon, L50, M|
|poke|p1|Gholdengo, L50|
|poke|p1|Ninetales-Alola, L50, M|
|poke|p1|Incineroar, L50, F|
|poke|p1|Porygon2, L50|
|poke|p2|Incineroar, L50, F|
|poke|p2|Gholdengo, L50|
|poke|p2|Ursaluna-Bloodmoon, L50, M|
|poke|p2|Indeedee-F, L50, F|
|poke|p2|Gallade, L50, M|
|poke|p2|Torkoal, L50, F|
|teampreview|4
|showteam|p1|Garchomp||LifeOrb|RoughSkin|Earthquake,DragonClaw,StompingTantrum,Protect|||F|||50|,,,,,Ground]Hydreigon||ChoiceSpecs|Levitate|Snarl,DracoMeteor,HeatWave,EarthPower|||M|||50|,,,,,Fire]Gholdengo||MetalCoat|GoodasGold|MakeItRain,ShadowBall,NastyPlot,Protect||||||50|,,,,,Flying]Ninetales-Alola||CovertCloak|SnowWarning|IcyWind,AuroraVeil,Moonblast,Blizzard|||M|||50|,,,,,Water]Incineroar||SafetyGoggles|Intimidate|FakeOut,FlareBlitz,KnockOff,PartingShot|||F|||50|,,,,,Ghost]Porygon2||Eviolite|Download|Thunderbolt,IceBeam,Recover,TrickRoom||||||50|,,,,,Flying
|showteam|p2|Incineroar||SafetyGoggles|Intimidate|FakeOut,FlareBlitz,KnockOff,PartingShot|||F|||50|,,,,,Ghost]Gholdengo||SitrusBerry|GoodasGold|MakeItRain,ShadowBall,NastyPlot,Protect||||||50|,,,,,Water]Ursaluna-Bloodmoon||LifeOrb|MindsEye|BloodMoon,HyperVoice,EarthPower,Protect|||M|||50|,,,,,Normal]Indeedee-F||PsychicSeed|PsychicSurge|FollowMe,TrickRoom,HelpingHand,DazzlingGleam|||F|||50|,,,,,Fairy]Gallade||ClearAmulet|Sharpness|SacredSword,PsychoCut,WideGuard,TrickRoom|||M|||50|,,,,,Grass]Torkoal||Leftovers|Drought|Eruption,WeatherBall,Yawn,Protect|||F|||50|,,,,,Fire
|inactive|Battle timer is ON: inactive players will automatically lose when time's up. (requested by benryly)
|inactive|benryly has 60 seconds left.
|
|t:|1757821080
|teamsize|p1|4
|teamsize|p2|4
|start
|switch|p1a: Hydreigon|Hydreigon, L50, M|100/100
|switch|p1b: Garchomp|Garchomp, L50, F|100/100
|switch|p2a: Indeedee|Indeedee-F, L50, F|100/100
|switch|p2b: Gallade|Gallade, L50, M|100/100
|-fieldstart|move: Psychic Terrain|[from] ability: Psychic Surge|[of] p2a: Indeedee
|-enditem|p2a: Indeedee|Psychic Seed
|-boost|p2a: Indeedee|spd|1|[from] item: Psychic Seed
|turn|1
|
|t:|1757821102
|-terastallize|p1a: Hydreigon|Fire
|move|p2a: Indeedee|Follow Me|p2a: Indeedee
|-singleturn|p2a: Indeedee|move: Follow Me
|move|p1b: Garchomp|Earthquake|p2a: Indeedee|[spread] p2a,p2b
|-immune|p1a: Hydreigon|[from] ability: Levitate
|-damage|p2a: Indeedee|49/100
|-damage|p2b: Gallade|26/100
|-damage|p1b: Garchomp|91/100|[from] item: Life Orb
|move|p1a: Hydreigon|Heat Wave|p2a: Indeedee|[spread] p2a,p2b
|-crit|p2b: Gallade
|-damage|p2a: Indeedee|16/100
|-damage|p2b: Gallade|0 fnt
|faint|p2b: Gallade
|
|upkeep
|
|t:|1757821116
|switch|p2b: Ursaluna|Ursaluna-Bloodmoon, L50, M|100/100
|turn|2
|
|t:|1757821125
|-terastallize|p2b: Ursaluna|Normal
|move|p2a: Indeedee|Follow Me|p2a: Indeedee
|-singleturn|p2a: Indeedee|move: Follow Me
|move|p1b: Garchomp|Earthquake|p2a: Indeedee|[spread] p2a,p2b
|-immune|p1a: Hydreigon|[from] ability: Levitate
|-damage|p2a: Indeedee|0 fnt
|-damage|p2b: Ursaluna|65/100
|faint|p2a: Indeedee
|-damage|p1b: Garchomp|81/100|[from] item: Life Orb
|move|p1a: Hydreigon|Heat Wave|p2b: Ursaluna
|-damage|p2b: Ursaluna|0 fnt
|faint|p2b: Ursaluna
|
|upkeep
|-message|Quill86 forfeited.
|
|win|benryly
||Quill86 is ready for game 2.
||benryly is ready for game 2.
|uhtml|next|Next: Game 2 of 3
