|j|☆EnzoPS
|j|☆ViaggioinGiappone
|html|EnzoPSViaggioinGiappone    
|uhtml|bestof|Game 1 of a best-of-3
|t:|1756234512
|gametype|doubles
|player|p1|EnzoPS|cynthia-gen4|1158
|player|p2|ViaggioinGiappone|pokemonbreederf-gen4|1218
|gen|9
|tier|[Gen 9] VGC 2025 Reg H (Bo3)
|rated|
|rule|Species Clause: Limit one of each Pokémon
|rule|Item Clause: Limit 1 of each item
|clearpoke
|poke|p1|Pelipper, L50, M|
|poke|p1|Amoonguss, L50, F|
|poke|p1|Archaludon, L50, M|
|poke|p1|Basculegion, L50, M|
|poke|p1|Gholdengo, L50|
|poke|p1|Incineroar, L50, F|
|poke|p2|Dragonite, L50, M|
|poke|p2|Gholdengo, L50|
|poke|p2|Ursaluna-Bloodmoon, L50, M|
|poke|p2|Whimsicott, L50, F|
|poke|p2|Archaludon, L50, F|
|poke|p2|Incineroar, L50, F|
|teampreview|4
|showteam|p1|Pelipper||FocusSash|Drizzle|Protect,WeatherBall,Hurricane,Tailwind|||M|||50|,,,,,Ground]Amoonguss||SitrusBerry|Regenerator|Protect,Spore,RagePowder,PollenPuff|||F|||50|,,,,,Water]Archaludon||AssaultVest|Stamina|DragonPulse,ElectroShot,FlashCannon,BodyPress|||M|||50|,,,,,Grass]Basculegion||ChoiceBand|SwiftSwim|FlipTurn,WaveCrash,AquaJet,LastRespects|||M|||50|,,,,,Grass]Gholdengo||LifeOrb|GoodasGold|Protect,MakeItRain,ShadowBall,NastyPlot||||||50|,,,,,Water]Incineroar||SafetyGoggles|Intimidate|FlareBlitz,KnockOff,PartingShot,FakeOut|||F|||50|,,,,,Ghost
|showteam|p2|Dragonite||LoadedDice|Multiscale|ScaleShot,ExtremeSpeed,IceSpinner,Protect|||M|||50|,,,,,Fairy]Gholdengo||ChoiceSpecs|GoodasGold|MakeItRain,ShadowBall,Trick,PowerGem||||||50|,,,,,Steel]Ursaluna-Bloodmoon||AssaultVest|MindsEye|BloodMoon,EarthPower,HyperVoice,VacuumWave|||M|||50|,,,,,Water]Whimsicott||CovertCloak|Prankster|Tailwind,Moonblast,FakeTears,Encore|||F|||50|,,,,,Fire]Archaludon||PowerHerb|Sturdy|ElectroShot,FlashCannon,DragonPulse,Protect|||F|||50|,,,,,Stellar]Incineroar||MirrorHerb|Intimidate|FakeOut,PartingShot,KnockOff,FlareBlitz|||F|||50|,,,,,Ghost
|c|☆EnzoPS|magari
|c|☆ViaggioinGiappone|Ahahahaha
|c|☆ViaggioinGiappone|ti giuro
|c|☆ViaggioinGiappone|sono tornato 2 giorni fa
|c|☆EnzoPS|waaaaaa gg
|c|☆EnzoPS|preso delle carte?
|c|☆ViaggioinGiappone|Ci ho lasciato un patrimonio 🤣
|c|☆EnzoPS|farò anche io un giorno questa fine
|
|t:|1756234603
|teamsize|p1|4
|teamsize|p2|4
|start
|switch|p1a: Gholdengo|Gholdengo, L50|100/100
|switch|p1b: Amoonguss|Amoonguss, L50, F|100/100
|switch|p2a: Archaludon|Archaludon, L50, F|100/100
|switch|p2b: Dragonite|Dragonite, L50, M, shiny|100/100
|turn|1
|inactive|Battle timer is ON: inactive players will automatically lose when time's up. (requested by ViaggioinGiappone)
|c|☆EnzoPS|gl hf
|
|t:|1756234630
|-terastallize|p2a: Archaludon|Stellar
|move|p1a: Gholdengo|Protect|p1a: Gholdengo
|-singleturn|p1a: Gholdengo|Protect
|move|p2a: Archaludon|Dragon Pulse|p1b: Amoonguss
|-damage|p1b: Amoonguss|47/100
|-enditem|p1b: Amoonguss|Sitrus Berry|[eat]
|-heal|p1b: Amoonguss|72/100|[from] item: Sitrus Berry
|move|p2b: Dragonite|Scale Shot|p1b: Amoonguss
|-damage|p1b: Amoonguss|60/100
|-damage|p1b: Amoonguss|47/100
|-damage|p1b: Amoonguss|35/100
|-damage|p1b: Amoonguss|23/100
|-hitcount|p1b: Amoonguss|4
|-unboost|p2b: Dragonite|def|1
|-boost|p2b: Dragonite|spe|1
|move|p1b: Amoonguss|Spore|p2a: Archaludon
|-status|p2a: Archaludon|slp|[from] move: Spore
|
|upkeep
|turn|2
|inactive|ViaggioinGiappone has 30 seconds left.
|
|t:|1756234662
|switch|p1b: Archaludon|Archaludon, L50, M|100/100
|move|p2b: Dragonite|Scale Shot|p1b: Archaludon
|-damage|p1b: Archaludon|89/100
|-ability|p1b: Archaludon|Stamina|boost
|-boost|p1b: Archaludon|def|1
|-damage|p1b: Archaludon|82/100
|-ability|p1b: Archaludon|Stamina|boost
|-boost|p1b: Archaludon|def|1
|-damage|p1b: Archaludon|75/100
|-ability|p1b: Archaludon|Stamina|boost
|-boost|p1b: Archaludon|def|1
|-damage|p1b: Archaludon|71/100
|-ability|p1b: Archaludon|Stamina|boost
|-boost|p1b: Archaludon|def|1
|-damage|p1b: Archaludon|67/100
|-ability|p1b: Archaludon|Stamina|boost
|-boost|p1b: Archaludon|def|1
|-hitcount|p1b: Archaludon|5
|-unboost|p2b: Dragonite|def|1
|-boost|p2b: Dragonite|spe|1
|move|p1a: Gholdengo|Nasty Plot|p1a: Gholdengo
|-boost|p1a: Gholdengo|spa|2
|cant|p2a: Archaludon|slp
|
|upkeep
|turn|3
|inactive|ViaggioinGiappone has 30 seconds left.
|inactive|ViaggioinGiappone has 20 seconds left.
|c|☆ViaggioinGiappone|Cazzo giocavo sicuro di avere haze
|inactive|ViaggioinGiappone has 15 seconds left.
|inactive|ViaggioinGiappone has 10 seconds left.
|c|☆ViaggioinGiappone|È un altro team
|inactive|ViaggioinGiappone has 5 seconds left.
|c|☆EnzoPS|kek
|
|t:|1756234717
|move|p2b: Dragonite|Scale Shot|p1b: Archaludon
|-damage|p1b: Archaludon|63/100
|-ability|p1b: Archaludon|Stamina|boost
|-boost|p1b: Archaludon|def|1
|-damage|p1b: Archaludon|60/100
|-damage|p1b: Archaludon|57/100
|-damage|p1b: Archaludon|53/100
|-damage|p1b: Archaludon|50/100
|-hitcount|p1b: Archaludon|5
|-unboost|p2b: Dragonite|def|1
|-boost|p2b: Dragonite|spe|1
|move|p1a: Gholdengo|Shadow Ball|p2a: Archaludon
|-ability|p2a: Archaludon|Sturdy
|-damage|p2a: Archaludon|1/100 slp
|-damage|p1a: Gholdengo|91/100|[from] item: Life Orb
|cant|p2a: Archaludon|slp
|move|p1b: Archaludon|Dragon Pulse|p2a: Archaludon
|-damage|p2a: Archaludon|0 fnt
|faint|p2a: Archaludon
|
|upkeep
|
|t:|1756234740
|switch|p2a: Gholdengo|Gholdengo, L50|100/100
|turn|4
|inactive|EnzoPS has 30 seconds left.
|inactive|EnzoPS has 20 seconds left.
|
|t:|1756234777
|-terastallize|p1a: Gholdengo|Water
|move|p2b: Dragonite|Scale Shot|p1a: Gholdengo
|-crit|p1a: Gholdengo
|-damage|p1a: Gholdengo|68/100
|-damage|p1a: Gholdengo|52/100
|-damage|p1a: Gholdengo|36/100
|-damage|p1a: Gholdengo|19/100
|-hitcount|p1a: Gholdengo|4
|-unboost|p2b: Dragonite|def|1
|-boost|p2b: Dragonite|spe|1
|move|p1a: Gholdengo|Shadow Ball|p2a: Gholdengo
|-supereffective|p2a: Gholdengo
|-damage|p2a: Gholdengo|0 fnt
|faint|p2a: Gholdengo
|-damage|p1a: Gholdengo|10/100|[from] item: Life Orb
|move|p1b: Archaludon|Flash Cannon|p2b: Dragonite
|-damage|p2b: Dragonite|80/100
|
|upkeep
|
|t:|1756234796
|switch|p2a: Whimsicott|Whimsicott, L50, F|100/100
|turn|5
|
|t:|1756234805
|move|p1a: Gholdengo|Protect|p1a: Gholdengo
|-singleturn|p1a: Gholdengo|Protect
|move|p2b: Dragonite|Scale Shot|p1b: Archaludon
|-damage|p1b: Archaludon|47/100
|-crit|p1b: Archaludon
|-damage|p1b: Archaludon|29/100
|-damage|p1b: Archaludon|26/100
|-damage|p1b: Archaludon|22/100
|-damage|p1b: Archaludon|19/100
|-hitcount|p1b: Archaludon|5
|-unboost|p2b: Dragonite|def|1
|-boost|p2b: Dragonite|spe|1
|move|p2a: Whimsicott|Moonblast|p1b: Archaludon
|-damage|p1b: Archaludon|0 fnt
|faint|p1b: Archaludon
|
|upkeep
|
|t:|1756234826
|switch|p1b: Amoonguss|Amoonguss, L50, F|56/100
|turn|6
|
|t:|1756234835
|move|p2b: Dragonite|Protect|p2b: Dragonite
|-singleturn|p2b: Dragonite|Protect
|move|p1b: Amoonguss|Rage Powder|p1b: Amoonguss
|-singleturn|p1b: Amoonguss|move: Rage Powder
|move|p2a: Whimsicott|Moonblast|p1a: Gholdengo
|-damage|p1a: Gholdengo|0 fnt
|faint|p1a: Gholdengo
|
|upkeep
|
|t:|1756234842
|switch|p1a: Pelipper|Pelipper, L50, M|100/100
|-weather|RainDance|[from] ability: Drizzle|[of] p1a: Pelipper
|turn|7
|inactive|ViaggioinGiappone has 30 seconds left.
|inactive|ViaggioinGiappone has 20 seconds left.
|
|t:|1756234878
|move|p1b: Amoonguss|Rage Powder|p1b: Amoonguss
|-singleturn|p1b: Amoonguss|move: Rage Powder
|move|p2b: Dragonite|Scale Shot|p1b: Amoonguss|[miss]
|-miss|p2b: Dragonite|p1b: Amoonguss
|move|p2a: Whimsicott|Moonblast|p1b: Amoonguss
|-resisted|p1b: Amoonguss
|-damage|p1b: Amoonguss|45/100
|-unboost|p1b: Amoonguss|spa|1
|move|p1a: Pelipper|Hurricane|p2b: Dragonite
|-damage|p2b: Dragonite|29/100
|
|-weather|RainDance|[upkeep]
|upkeep
|turn|8
|
|t:|1756234901
|move|p2b: Dragonite|Protect|p2b: Dragonite
|-singleturn|p2b: Dragonite|Protect
|move|p1b: Amoonguss|Rage Powder|p1b: Amoonguss
|-singleturn|p1b: Amoonguss|move: Rage Powder
|move|p2a: Whimsicott|Moonblast|p1a: Pelipper
|-damage|p1a: Pelipper|52/100
|move|p1a: Pelipper|Hurricane|p2a: Whimsicott
|-supereffective|p2a: Whimsicott
|-damage|p2a: Whimsicott|0 fnt
|faint|p2a: Whimsicott
|
|-weather|RainDance|[upkeep]
|upkeep
|turn|9
|
|t:|1756234915
|move|p1b: Amoonguss|Rage Powder|p1b: Amoonguss
|-singleturn|p1b: Amoonguss|move: Rage Powder
|move|p2b: Dragonite|Scale Shot|p1b: Amoonguss
|-damage|p1b: Amoonguss|33/100
|-damage|p1b: Amoonguss|21/100
|-damage|p1b: Amoonguss|9/100
|-damage|p1b: Amoonguss|0 fnt
|faint|p1b: Amoonguss
|-hitcount|p1: Amoonguss|4
|-unboost|p2b: Dragonite|def|1
|-boost|p2b: Dragonite|spe|1
|move|p1a: Pelipper|Hurricane|p2b: Dragonite
|-damage|p2b: Dragonite|0 fnt
|faint|p2b: Dragonite
|
|win|EnzoPS
||EnzoPS is ready for game 2.
|c|☆ViaggioinGiappone|Un po’ sfortunato
|inactive|ViaggioinGiappone has 30 seconds to confirm battle start!
|c|☆ViaggioinGiappone|gg
|c|☆EnzoPS|gg
||ViaggioinGiappone is ready for game 2.
|uhtml|next|Next: Game 2 of 3
