|j|☆Delacruso
|j|☆eres_un_cracki2
|html|Delacrusoeres_un_cracki2    
|uhtml|bestof|Game 1 of a best-of-3
|t:|1756749380
|gametype|doubles
|player|p1|Delacruso|red|1122
|player|p2|eres_un_cracki2|n|1000
|gen|9
|tier|[Gen 9] VGC 2025 Reg H (Bo3)
|rated|
|rule|Species Clause: Limit one of each Pokémon
|rule|Item Clause: Limit 1 of each item
|clearpoke
|poke|p1|Ninetales, L50, M|
|poke|p1|Charizard, L50, M|
|poke|p1|Jumpluff, L50, F|
|poke|p1|Ursaluna-Bloodmoon, L50, M|
|poke|p1|Incineroar, L50, F|
|poke|p1|Porygon2, L50|
|poke|p2|Charizard, L50, M|
|poke|p2|Torkoal, L50, M|
|poke|p2|Incineroar, L50, M|
|poke|p2|Jumpluff, L50, F|
|poke|p2|Ursaluna, L50, F|
|poke|p2|Dusclops, L50, F|
|teampreview|4
|showteam|p1|Ninetales||Charcoal|Drought|BatonPass,CalmMind,WillOWisp,HeatWave|||M|||50|,,,,,Grass]Charizard||ChoiceSpecs|SolarPower|DragonPulse,HeatWave,Overheat,WeatherBall|||M|||50|,,,,,Ghost]Jumpluff||CovertCloak|Chlorophyll|SleepPowder,SunnyDay,Tailwind,RagePowder|||F|||50|,,,,,Water]Ursaluna-Bloodmoon||AssaultVest|MindsEye|EarthPower,BloodMoon,HyperVoice,VacuumWave|||M|||50|,,,,,Normal]Incineroar||SitrusBerry|Intimidate|FakeOut,FlareBlitz,KnockOff,PartingShot|||F|||50|,,,,,Ghost]Porygon2||Eviolite|Download|Thunderbolt,IceBeam,Recover,TrickRoom||||||50|,,,,,Electric
|showteam|p2|Charizard||ChoiceSpecs|SolarPower|HeatWave,Overheat,WeatherBall,AirSlash|||M|||50|,,,,,Ghost]Torkoal||EjectPack|Drought|Eruption,Overheat,HelpingHand,Protect|||M|||50|,,,,,Fire]Incineroar||SitrusBerry|Intimidate|FlareBlitz,KnockOff,FakeOut,PartingShot|||M|||50|,,,,,Ghost]Jumpluff||CovertCloak|Chlorophyll|SleepPowder,SunnyDay,RagePowder,Tailwind|||F|||50|,,,,,Water]Ursaluna||FlameOrb|Guts|HeadlongRush,Facade,Earthquake,Protect|||F|||50|,,,,,Ghost]Dusclops||Eviolite|Pressure|PainSplit,Haze,WillOWisp,TrickRoom|||F|||50|,,,,,Fairy
|inactive|Battle timer is ON: inactive players will automatically lose when time's up. (requested by eres_un_cracki2)
|inactive|eres_un_cracki2 has 60 seconds left.
|
|t:|1756749453
|teamsize|p1|4
|teamsize|p2|4
|start
|switch|p1a: Ninetales|Ninetales, L50, M|100/100
|switch|p1b: Jumpluff|Jumpluff, L50, F|100/100
|switch|p2a: Dusclops|Dusclops, L50, F|100/100
|switch|p2b: Charizard|Charizard, L50, M|100/100
|-weather|SunnyDay|[from] ability: Drought|[of] p1a: Ninetales
|-ability|p2a: Dusclops|Pressure
|turn|1
|inactive|Delacruso has 30 seconds left.
|inactive|eres_un_cracki2 has 30 seconds left.
|inactive|Delacruso has 20 seconds left.
|inactive|Delacruso has 15 seconds left.
|
|t:|1756749497
|move|p1b: Jumpluff|Sleep Powder|p2b: Charizard
|-status|p2b: Charizard|slp|[from] move: Sleep Powder
|cant|p2b: Charizard|slp
|move|p1a: Ninetales|Calm Mind|p1a: Ninetales
|-boost|p1a: Ninetales|spa|1
|-boost|p1a: Ninetales|spd|1
|move|p2a: Dusclops|Trick Room|p2a: Dusclops
|-fieldstart|move: Trick Room|[of] p2a: Dusclops
|
|-weather|SunnyDay|[upkeep]
|-damage|p2b: Charizard|88/100 slp|[from] ability: Solar Power|[of] p2b: Charizard
|upkeep
|turn|2
|inactive|Delacruso has 30 seconds left.
|
|t:|1756749527
|switch|p2b: Ursaluna|Ursaluna, L50, F|100/100
|switch|p1b: Ursaluna|Ursaluna-Bloodmoon, L50, M|100/100
|move|p2a: Dusclops|Haze|p2a: Dusclops
|-clearallboost
|move|p1a: Ninetales|Baton Pass|p1a: Ninetales
|
|t:|1756749548
|switch|p1a: Jumpluff|Jumpluff, L50, F|100/100|[from] Baton Pass
|
|-weather|SunnyDay|[upkeep]
|-status|p2b: Ursaluna|brn|[from] item: Flame Orb
|upkeep
|turn|3
|
|t:|1756749571
|-terastallize|p1b: Ursaluna|Normal
|move|p2a: Dusclops|Pain Split|p1b: Ursaluna
|-sethp|p1b: Ursaluna|89/100|[from] move: Pain Split|[silent]
|-sethp|p2a: Dusclops|100/100|[from] move: Pain Split
|move|p2b: Ursaluna|Facade|p1b: Ursaluna
|-damage|p1b: Ursaluna|0 fnt
|faint|p1b: Ursaluna
|move|p1a: Jumpluff|Sleep Powder||[still]
|-fail|p1a: Jumpluff
|
|-weather|SunnyDay|[upkeep]
|-damage|p2b: Ursaluna|95/100 brn|[from] brn
|upkeep
|-message|Delacruso forfeited.
|
|win|eres_un_cracki2
||eres_un_cracki2 is ready for game 2.
||Delacruso is ready for game 2.
|uhtml|next|Next: Game 2 of 3
|l|☆eres_un_cracki2
|player|p2|
