|j|☆sweetlysunny
|j|☆zardingit
|html|sweetlysunnyzardingit    
|uhtml|bestof|Game 3 of a best-of-3
|t:|1783748427
|gametype|doubles
|player|p1|sweetlysunny|serena|1216
|player|p2|zardingit|169|1294
|gen|9
|tier|[Gen 9 Champions] VGC 2026 Reg M-B (Bo3)
|rated|
|rule|Species Clause: Limit one of each Pokémon
|rule|Item Clause: Limit 1 of each item
|clearpoke
|poke|p1|Torkoal, L50, M|
|poke|p1|Pyroar, L50, F|
|poke|p1|Vileplume, L50, F|
|poke|p1|Scrafty, L50, M|
|poke|p1|Farigiraf, L50, M|
|poke|p1|Sylveon, L50, M|
|poke|p2|Charizard, L50, M|
|poke|p2|Garchomp, L50, M|
|poke|p2|Venusaur, L50, M|
|poke|p2|Grimmsnarl, L50, M|
|poke|p2|Aegislash, L50, M|
|poke|p2|Farigiraf, L50, M|
|teampreview|4
|showteam|p1|Torkoal||Charcoal|Drought|HeatWave,Eruption,HelpingHand,Protect|Quiet||M|||50|]Pyroar||Pyroarite|Unnerve|HeatWave,Overheat,ScorchingSands,Protect|Timid||F|||50|]Vileplume||FocusSash|Chlorophyll|EnergyBall,SludgeBomb,SleepPowder,AfterYou|Timid||F|||50|]Scrafty||Scraftinite|Intimidate|FakeOut,CloseCombat,PoisonJab,KnockOff|Brave||M|||50|]Farigiraf||SitrusBerry|ArmorTail|HyperVoice,Psychic,HelpingHand,TrickRoom|Bold||M|||50|]Sylveon||FairyFeather|Pixilate|HyperVoice,HyperBeam,QuickAttack,Protect|Quiet||M|||50|
|showteam|p2|Charizard||CharizarditeY|Blaze|WeatherBall,HeatWave,HelpingHand,Protect|Modest||M|||50|]Garchomp||ChoiceScarf|RoughSkin|Earthquake,RockSlide,DragonClaw,StompingTantrum|Adamant||M|||50|]Venusaur||LifeOrb|Chlorophyll|SludgeBomb,LeafStorm,SleepPowder,Protect|Timid||M|||50|]Grimmsnarl||LightClay|Prankster|Reflect,LightScreen,PartingShot,SpiritBreak|Careful||M|||50|]Aegislash||FocusSash|StanceChange|Poltergeist,ShadowSneak,CloseCombat,WideGuard|Adamant||M|||50|]Farigiraf||SitrusBerry|ArmorTail|TrickRoom,TwinBeam,Thunderbolt,Protect|Calm||M|||50|
|inactive|Battle timer is ON: inactive players will automatically lose when time's up. (requested by sweetlysunny)
|inactive|zardingit has 60 seconds left.
|
|t:|1783748459
|teamsize|p1|4
|teamsize|p2|4
|start
|switch|p1a: Farigiraf|Farigiraf, L50, M|100/100
|switch|p1b: Scrafty|Scrafty, L50, M|100/100
|switch|p2a: Charizard|Charizard, L50, M|100/100
|switch|p2b: Venusaur|Venusaur, L50, M|100/100
|-ability|p1b: Scrafty|Intimidate|boost
|-unboost|p2a: Charizard|atk|1
|-unboost|p2b: Venusaur|atk|1
|turn|1
|
|t:|1783748475
|switch|p2b: Farigiraf|Farigiraf, L50, M|100/100
|detailschange|p2a: Charizard|Charizard-Mega-Y, L50, M
|-mega|p2a: Charizard|Charizard|Charizardite Y
|-weather|SunnyDay|[from] ability: Drought|[of] p2a: Charizard
|detailschange|p1b: Scrafty|Scrafty-Mega, L50, M
|-mega|p1b: Scrafty|Scrafty|Scraftinite
|-ability|p1b: Scrafty|Intimidate|boost
|-unboost|p2a: Charizard|atk|1
|-unboost|p2b: Farigiraf|atk|1
|move|p2a: Charizard|Heat Wave|p1a: Farigiraf|[spread] p1b
|-miss|p2a: Charizard|p1a: Farigiraf
|-damage|p1b: Scrafty|44/100
|-status|p1b: Scrafty|brn
|move|p1b: Scrafty|Poison Jab|p2a: Charizard
|-damage|p2a: Charizard|82/100
|move|p1a: Farigiraf|Trick Room|p1a: Farigiraf
|-fieldstart|move: Trick Room|[of] p1a: Farigiraf
|
|-weather|SunnyDay|[upkeep]
|-damage|p1b: Scrafty|38/100 brn|[from] brn
|upkeep
|turn|2
|inactive|sweetlysunny has 30 seconds left.
|
|t:|1783748502
|move|p1b: Scrafty|Knock Off|p2b: Farigiraf
|-supereffective|p2b: Farigiraf|1
|-damage|p2b: Farigiraf|48/100
|-enditem|p2b: Farigiraf|Sitrus Berry|[from] move: Knock Off|[of] p1b: Scrafty
|move|p1a: Farigiraf|Hyper Voice|p2a: Charizard|[spread] p2a,p2b
|-damage|p2a: Charizard|59/100
|-damage|p2b: Farigiraf|28/100
|move|p2a: Charizard|Heat Wave|p1a: Farigiraf|[spread] p1a,p1b
|-damage|p1a: Farigiraf|32/100
|-damage|p1b: Scrafty|0 fnt
|-enditem|p1a: Farigiraf|Sitrus Berry|[eat]
|-heal|p1a: Farigiraf|57/100|[from] item: Sitrus Berry
|faint|p1b: Scrafty
|move|p2b: Farigiraf|Trick Room|p2b: Farigiraf
|-fieldend|move: Trick Room
|
|-weather|SunnyDay|[upkeep]
|upkeep
|
|t:|1783748520
|switch|p1b: Torkoal|Torkoal, L50, M|100/100
|turn|3
|
|t:|1783748527
|move|p1a: Farigiraf|Helping Hand|p1b: Torkoal
|-singleturn|p1b: Torkoal|Helping Hand|[of] p1a: Farigiraf
|move|p2a: Charizard|Heat Wave|p1b: Torkoal|[spread] p1a,p1b
|-resisted|p1b: Torkoal|1
|-damage|p1a: Farigiraf|0 fnt
|-damage|p1b: Torkoal|57/100
|faint|p1a: Farigiraf
|move|p2b: Farigiraf|Thunderbolt|p1b: Torkoal
|-damage|p1b: Torkoal|26/100
|move|p1b: Torkoal|Heat Wave|p2a: Charizard|[spread] p2b
|-miss|p1b: Torkoal|p2a: Charizard
|-damage|p2b: Farigiraf|0 fnt
|faint|p2b: Farigiraf
|
|-weather|SunnyDay|[upkeep]
|upkeep
|
|t:|1783748540
|switch|p2b: Venusaur|Venusaur, L50, M|100/100
|switch|p1a: Sylveon|Sylveon, L50, M|100/100
|turn|4
|
|t:|1783748551
|move|p2b: Venusaur|Sludge Bomb|p1a: Sylveon
|-supereffective|p1a: Sylveon|1
|-crit|p1a: Sylveon
|-damage|p1a: Sylveon|0 fnt
|faint|p1a: Sylveon
|-damage|p2b: Venusaur|90/100|[from] item: Life Orb
|move|p2a: Charizard|Weather Ball|p1b: Torkoal
|-resisted|p1b: Torkoal|1
|-damage|p1b: Torkoal|0 fnt
|faint|p1b: Torkoal
|
|win|zardingit
|raw|sweetlysunny's rating: 1216 → 1197(-19 for losing)
|raw|zardingit's rating: 1294 → 1313(+19 for winning)
|l|☆zardingit
|player|p2|
