|j|☆el_papas2893
|j|☆CritHappens5
|html|el_papas2893CritHappens5    
|uhtml|bestof|Game 2 of a best-of-3
|t:|1757252920
|gametype|doubles
|player|p1|el_papas2893|265|1058
|player|p2|CritHappens5|170|1197
|gen|9
|tier|[Gen 9] VGC 2025 Reg H (Bo3)
|rated|
|rule|Species Clause: Limit one of each Pokémon
|rule|Item Clause: Limit 1 of each item
|clearpoke
|poke|p1|Bastiodon, L50, M|
|poke|p1|Electabuzz, L50, F|
|poke|p1|Indeedee, L50, M|
|poke|p1|Tauros-Paldea-Aqua, L50, M|
|poke|p1|Talonflame, L50, M|
|poke|p1|Ursaluna-Bloodmoon, L50, M|
|poke|p2|Sneasler, L50, F|
|poke|p2|Indeedee, L50, M|
|poke|p2|Volcarona, L50, M|
|poke|p2|Ursaluna-Bloodmoon, L50, M|
|poke|p2|Annihilape, L50, F|
|poke|p2|Tyranitar, L50, M|
|teampreview|4
|showteam|p1|Bastiodon||Leftovers|Soundproof|BodyPress,WideGuard,StoneEdge,IronDefense|||M|||50|,,,,,Fighting]Electabuzz||Eviolite|VitalSpirit|Electroweb,FollowMe,Protect,HelpingHand|||F|||50|,,,,,Dragon]Indeedee||FocusSash|PsychicSurge|ExpandingForce,TeraBlast,TrickRoom,Protect|||M|||50|,,,,,Fighting]Tauros-Paldea-Aqua||SitrusBerry|CudChew|CloseCombat,AquaJet,WaveCrash,LashOut|||M|||50|,,,,,Fire]Talonflame||CovertCloak|GaleWings|Tailwind,DualWingbeat,WillOWisp,FlareBlitz|||M|||50|,,,,,Fairy]Ursaluna-Bloodmoon||LifeOrb|MindsEye|HyperVoice,BloodMoon,EarthPower,Protect|||M|||50|,,,,,Normal
|showteam|p2|Sneasler||PsychicSeed|Unburden|CloseCombat,DireClaw,ThroatChop,Protect|||F|||50|,,,,,Dark]Indeedee||ChoiceScarf|PsychicSurge|ExpandingForce,TeraBlast,Trick,Protect|||M|||50|,,,,,Psychic]Volcarona||SitrusBerry|FlameBody|Overheat,StruggleBug,RagePowder,Tailwind|||M|||50|,,,,,Dragon]Ursaluna-Bloodmoon||LifeOrb|MindsEye|BloodMoon,HyperVoice,EarthPower,Protect|||M|||50|,,,,,Normal]Annihilape||SafetyGoggles|Defiant|CloseCombat,RageFist,Taunt,FinalGambit|||F|||50|,,,,,Fairy]Tyranitar||AssaultVest|SandStream|RockSlide,KnockOff,TeraBlast,LowKick|||M|||50|,,,,,Flying
|inactive|Battle timer is ON: inactive players will automatically lose when time's up. (requested by CritHappens5)
|
|t:|1757252946
|teamsize|p1|4
|teamsize|p2|4
|start
|switch|p1a: Ursaluna|Ursaluna-Bloodmoon, L50, M|100/100
|switch|p1b: Tauros|Tauros-Paldea-Aqua, L50, M|100/100
|switch|p2a: Annihilape|Annihilape, L50, F|100/100
|switch|p2b: Tyranitar|Tyranitar, L50, M|100/100
|-weather|Sandstorm|[from] ability: Sand Stream|[of] p2b: Tyranitar
|turn|1
|inactive|CritHappens5 has 30 seconds left.
|
|t:|1757252972
|-terastallize|p2b: Tyranitar|Flying
|move|p2a: Annihilape|Rage Fist|p1b: Tauros
|-damage|p1b: Tauros|78/100
|move|p1b: Tauros|Wave Crash|p2b: Tyranitar
|-damage|p2b: Tyranitar|44/100
|-damage|p1b: Tauros|54/100|[from] Recoil
|move|p1a: Ursaluna|Hyper Voice|p2b: Tyranitar|[spread] p2a,p2b
|-damage|p2a: Annihilape|56/100
|-damage|p2b: Tyranitar|16/100
|-damage|p1a: Ursaluna|91/100|[from] item: Life Orb
|move|p2b: Tyranitar|Low Kick|p1a: Ursaluna
|-supereffective|p1a: Ursaluna
|-damage|p1a: Ursaluna|10/100
|
|-weather|Sandstorm|[upkeep]
|-damage|p1b: Tauros|48/100|[from] Sandstorm
|-damage|p2b: Tyranitar|10/100|[from] Sandstorm
|-enditem|p1b: Tauros|Sitrus Berry|[eat]
|-heal|p1b: Tauros|72/100|[from] item: Sitrus Berry
|upkeep
|turn|2
|inactive|el_papas2893 has 30 seconds left.
|inactive|CritHappens5 has 30 seconds left.
|inactive|el_papas2893 has 20 seconds left.
|inactive|el_papas2893 has 15 seconds left.
|inactive|el_papas2893 has 10 seconds left.
|inactive|el_papas2893 has 5 seconds left.
|
|t:|1757253027
|move|p2a: Annihilape|Rage Fist|p1b: Tauros
|-damage|p1b: Tauros|28/100
|move|p1b: Tauros|Close Combat|p2a: Annihilape
|-immune|p2a: Annihilape
|move|p1a: Ursaluna|Hyper Voice|p2b: Tyranitar|[spread] p2a,p2b
|-damage|p2a: Annihilape|14/100
|-damage|p2b: Tyranitar|0 fnt
|faint|p2b: Tyranitar
|-damage|p1a: Ursaluna|0 fnt|[from] item: Life Orb
|faint|p1a: Ursaluna
|
|-weather|Sandstorm|[upkeep]
|-damage|p1b: Tauros|22/100|[from] Sandstorm
|upkeep
|-message|el_papas2893 forfeited.
|
|win|CritHappens5
|raw|el_papas2893's rating: 1058 → 1046(-12 for losing)
|raw|CritHappens5's rating: 1197 → 1212(+15 for winning)
|l|☆el_papas2893
|player|p1|
