|j|☆thepartysneverover
|j|☆IlluminaGielBakker
|html|thepartysneveroverIlluminaGielBakker    
|uhtml|bestof|Game 3 of a best-of-3
|t:|1754336502
|gametype|doubles
|player|p1|thepartysneverover|169|1168
|player|p2|IlluminaGielBakker|wattson|1290
|gen|9
|tier|[Gen 9] VGC 2025 Reg H (Bo3)
|rated|
|rule|Species Clause: Limit one of each Pokémon
|rule|Item Clause: Limit 1 of each item
|clearpoke
|poke|p1|Kingambit, L50, F|
|poke|p1|Annihilape, L50, M|
|poke|p1|Glimmora, L50, F|
|poke|p1|Rillaboom, L50, M|
|poke|p1|Dragapult, L50, M|
|poke|p1|Porygon2, L50|
|poke|p2|Porygon2, L50|
|poke|p2|Incineroar, L50, M|
|poke|p2|Pelipper, L50, M|
|poke|p2|Sneasler, L50, F|
|poke|p2|Ursaluna, L50, F|
|poke|p2|Gholdengo, L50|
|teampreview|4
|showteam|p1|Kingambit||BlackGlasses|Defiant|KowtowCleave,SuckerPunch,SwordsDance,Protect|||F|||50|,,,,,Poison]Annihilape||SafetyGoggles|Defiant|RageFist,Taunt,CloseCombat,Protect|||M|||50|,,,,,Electric]Glimmora||FocusSash|ToxicDebris|PowerGem,SludgeBomb,EarthPower,SpikyShield|||F|||50|,,,,,Stellar]Rillaboom||AssaultVest|GrassySurge|FakeOut,WoodHammer,GrassyGlide,HighHorsepower|||M|||50|,,,,,Poison]Dragapult||ChoiceBand|ClearBody|TeraBlast,DragonDarts,PhantomForce,Uturn|||M|||50|,,,,,Ghost]Porygon2||Eviolite|Download|TeraBlast,TrickRoom,IceBeam,Recover||||||50|,,,,,Fairy
|showteam|p2|Porygon2||Eviolite|Download|TeraBlast,IceBeam,Recover,TrickRoom||||||50|,,,,,Electric]Incineroar||SafetyGoggles|Intimidate|FakeOut,KnockOff,FlareBlitz,PartingShot|||M|||50|,,,,,Ghost]Pelipper||CovertCloak|Drizzle|WeatherBall,WideGuard,Hurricane,Tailwind|||M|||50|,,,,,Grass]Sneasler||FocusSash|Unburden|FakeOut,CloseCombat,DireClaw,Protect|||F|||50|,,,,,Stellar]Ursaluna||FlameOrb|Guts|Facade,HeadlongRush,Earthquake,Protect|||F|||50|,,,,,Poison]Gholdengo||Leftovers|GoodasGold|MakeItRain,ShadowBall,NastyPlot,Protect||||||50|,,,,,Water
|inactive|Battle timer is ON: inactive players will automatically lose when time's up. (requested by IlluminaGielBakker)
|inactive|thepartysneverover has 60 seconds left.
|
|t:|1754336534
|teamsize|p1|4
|teamsize|p2|4
|start
|switch|p1a: Dragapult|Dragapult, L50, M|100/100
|switch|p1b: Annihilape|Annihilape, L50, M|100/100
|switch|p2a: Pelipper|Pelipper, L50, M|100/100
|switch|p2b: Ursaluna|Ursaluna, L50, F|100/100
|-weather|RainDance|[from] ability: Drizzle|[of] p2a: Pelipper
|turn|1
|
|t:|1754336550
|switch|p2b: Gholdengo|Gholdengo, L50|100/100
|-terastallize|p1a: Dragapult|Ghost
|move|p1a: Dragapult|Tera Blast|p2a: Pelipper|[anim] Tera Blast Ghost
|-damage|p2a: Pelipper|2/100
|move|p1b: Annihilape|Close Combat|p2a: Pelipper
|-resisted|p2a: Pelipper
|-damage|p2a: Pelipper|0 fnt
|-unboost|p1b: Annihilape|def|1
|-unboost|p1b: Annihilape|spd|1
|faint|p2a: Pelipper
|
|-weather|RainDance|[upkeep]
|upkeep
|
|t:|1754336569
|switch|p2a: Ursaluna|Ursaluna, L50, F|100/100
|turn|2
|inactive|thepartysneverover has 30 seconds left.
|
|t:|1754336595
|-terastallize|p2a: Ursaluna|Poison
|move|p2b: Gholdengo|Protect|p2b: Gholdengo
|-singleturn|p2b: Gholdengo|Protect
|move|p1a: Dragapult|Tera Blast|p2b: Gholdengo|[anim] Tera Blast Ghost
|-activate|p2b: Gholdengo|move: Protect
|move|p1b: Annihilape|Close Combat|p2b: Gholdengo
|-activate|p2b: Gholdengo|move: Protect
|move|p2a: Ursaluna|Headlong Rush|p1a: Dragapult
|-damage|p1a: Dragapult|1/100
|-unboost|p2a: Ursaluna|def|1
|-unboost|p2a: Ursaluna|spd|1
|
|-weather|RainDance|[upkeep]
|-status|p2a: Ursaluna|brn|[from] item: Flame Orb
|upkeep
|turn|3
|
|t:|1754336619
|switch|p1b: Rillaboom|Rillaboom, L50, M|100/100
|-fieldstart|move: Grassy Terrain|[from] ability: Grassy Surge|[of] p1b: Rillaboom
|move|p2a: Ursaluna|Protect|p2a: Ursaluna
|-singleturn|p2a: Ursaluna|Protect
|move|p1a: Dragapult|Tera Blast|p2b: Gholdengo|[anim] Tera Blast Ghost
|-supereffective|p2b: Gholdengo
|-damage|p2b: Gholdengo|0 fnt
|faint|p2b: Gholdengo
|
|-weather|RainDance|[upkeep]
|-heal|p1a: Dragapult|7/100|[from] Grassy Terrain
|-damage|p2a: Ursaluna|95/100 brn|[from] brn
|upkeep
|
|t:|1754336622
|switch|p2b: Incineroar|Incineroar, L50, M, shiny|100/100
|-ability|p2b: Incineroar|Intimidate|boost
|-fail|p1a: Dragapult|unboost|[from] ability: Clear Body|[of] p1a: Dragapult
|-unboost|p1b: Rillaboom|atk|1
|turn|4
|
|t:|1754336632
|move|p1b: Rillaboom|Fake Out|p2a: Ursaluna
|-damage|p2a: Ursaluna|83/100 brn
|move|p1a: Dragapult|Tera Blast|p2a: Ursaluna|[anim] Tera Blast Ghost
|-damage|p2a: Ursaluna|0 fnt
|faint|p2a: Ursaluna
|move|p2b: Incineroar|Knock Off|p1a: Dragapult
|-supereffective|p1a: Dragapult
|-damage|p1a: Dragapult|0 fnt
|-enditem|p1a: Dragapult|Choice Band|[from] move: Knock Off|[of] p2b: Incineroar
|faint|p1a: Dragapult
|
|-weather|RainDance|[upkeep]
|upkeep
|-message|IlluminaGielBakker forfeited.
|
|win|thepartysneverover
|raw|thepartysneverover's rating: 1168 → 1201(+33 for winning)
|raw|IlluminaGielBakker's rating: 1290 → 1257(-33 for losing)
|l|☆thepartysneverover
|player|p1|
