|j|☆0hgan
|j|☆dambro222
|html|0hgandambro222    
|uhtml|bestof|Game 1 of a best-of-3
|t:|1756287369
|gametype|doubles
|player|p1|0hgan|brycenman|1107
|player|p2|dambro222|ethan|1217
|gen|9
|tier|[Gen 9] VGC 2025 Reg H (Bo3)
|rated|
|rule|Species Clause: Limit one of each Pokémon
|rule|Item Clause: Limit 1 of each item
|clearpoke
|poke|p1|Gholdengo, L50|
|poke|p1|Incineroar, L50, M|
|poke|p1|Amoonguss, L50, F|
|poke|p1|Archaludon, L50, M|
|poke|p1|Pelipper, L50, M|
|poke|p1|Basculegion, L50, M|
|poke|p2|Dragonite, L50, M|
|poke|p2|Volcarona, L50, F|
|poke|p2|Sneasler, L50, M|
|poke|p2|Rillaboom, L50, M|
|poke|p2|Electabuzz, L50, M|
|poke|p2|Kingambit, L50, M|
|teampreview|4
|showteam|p1|Gholdengo||LifeOrb|GoodasGold|MakeItRain,ShadowBall,NastyPlot,Protect||||||50|,,,,,Water]Incineroar||RockyHelmet|Intimidate|Taunt,KnockOff,PartingShot,FakeOut|||M|||50|,,,,,Ghost]Amoonguss||SitrusBerry|Regenerator|PollenPuff,Spore,RagePowder,Protect|||F|||50|,,,,,Water]Archaludon||AssaultVest|Stamina|DragonPulse,FlashCannon,ElectroShot,BodyPress|||M|||50|,,,,,Bug]Pelipper||FocusSash|Drizzle|WeatherBall,Hurricane,Tailwind,Protect|||M|||50|,,,,,Ground]Basculegion||ChoiceBand|SwiftSwim|WaveCrash,LastRespects,FlipTurn,AquaJet|||M|||50|,,,,,Water
|showteam|p2|Dragonite||LoadedDice|Multiscale|ScaleShot,ExtremeSpeed,Haze,Protect|||M|||50|,,,,,Fairy]Volcarona||CovertCloak|FlameBody|HeatWave,TeraBlast,QuiverDance,Protect|||F|||50|,,,,,Fairy]Sneasler||FocusSash|Unburden|CloseCombat,DireClaw,Coaching,Protect|||M|||50|,,,,,Stellar]Rillaboom||AssaultVest|GrassySurge|WoodHammer,GrassyGlide,HighHorsepower,FakeOut|||M|||50|,,,,,Water]Electabuzz||Eviolite|VitalSpirit|Electroweb,FollowMe,Taunt,Protect|||M|||50|,,,,,Ghost]Kingambit||BlackGlasses|Defiant|KowtowCleave,SuckerPunch,SwordsDance,Protect|||M|||50|,,,,,Dark
|inactive|Battle timer is ON: inactive players will automatically lose when time's up. (requested by dambro222)
|inactive|0hgan has 60 seconds left.
|inactive|0hgan has 30 seconds left.
|inactive|0hgan has 20 seconds left.
|
|t:|1756287443
|teamsize|p1|4
|teamsize|p2|4
|start
|switch|p1a: Pelipper|Pelipper, L50, M|100/100
|switch|p1b: Basculegion|Basculegion, L50, M|100/100
|switch|p2a: Electabuzz|Electabuzz, L50, M|100/100
|switch|p2b: Kingambit|Kingambit, L50, M, shiny|100/100
|-weather|RainDance|[from] ability: Drizzle|[of] p1a: Pelipper
|turn|1
|inactive|0hgan has 30 seconds left.
|inactive|dambro222 has 30 seconds left.
|
|t:|1756287474
|switch|p1a: Archaludon|Archaludon, L50, M|100/100
|-terastallize|p1b: Basculegion|Water
|move|p2b: Kingambit|Protect|p2b: Kingambit
|-singleturn|p2b: Kingambit|Protect
|move|p1b: Basculegion|Flip Turn|p2b: Kingambit
|-activate|p2b: Kingambit|move: Protect
|move|p2a: Electabuzz|Electroweb|p1b: Basculegion|[spread] p1a,p1b
|-resisted|p1a: Archaludon
|-supereffective|p1b: Basculegion
|-damage|p1a: Archaludon|96/100
|-damage|p1b: Basculegion|69/100
|-unboost|p1a: Archaludon|spe|1
|-unboost|p1b: Basculegion|spe|1
|-ability|p1a: Archaludon|Stamina|boost
|-boost|p1a: Archaludon|def|1
|
|-weather|RainDance|[upkeep]
|upkeep
|turn|2
|inactive|dambro222 has 30 seconds left.
|
|t:|1756287499
|switch|p2b: Rillaboom|Rillaboom, L50, M|100/100
|-fieldstart|move: Grassy Terrain|[from] ability: Grassy Surge|[of] p2b: Rillaboom
|move|p1b: Basculegion|Flip Turn|p2a: Electabuzz
|-damage|p2a: Electabuzz|35/100
|
|t:|1756287506
|switch|p1b: Incineroar|Incineroar, L50, M|100/100|[from] Flip Turn
|-ability|p1b: Incineroar|Intimidate|boost
|-unboost|p2a: Electabuzz|atk|1
|-unboost|p2b: Rillaboom|atk|1
|move|p2a: Electabuzz|Electroweb|p1a: Archaludon|[spread] p1a,p1b
|-resisted|p1a: Archaludon
|-damage|p1a: Archaludon|91/100
|-damage|p1b: Incineroar|87/100
|-unboost|p1a: Archaludon|spe|1
|-unboost|p1b: Incineroar|spe|1
|-ability|p1a: Archaludon|Stamina|boost
|-boost|p1a: Archaludon|def|1
|move|p1a: Archaludon|Body Press|p2b: Rillaboom
|-damage|p2b: Rillaboom|57/100
|
|-weather|RainDance|[upkeep]
|-heal|p2a: Electabuzz|41/100|[from] Grassy Terrain
|-heal|p2b: Rillaboom|63/100|[from] Grassy Terrain
|-heal|p1b: Incineroar|93/100|[from] Grassy Terrain
|-heal|p1a: Archaludon|97/100|[from] Grassy Terrain
|upkeep
|turn|3
|inactive|0hgan has 30 seconds left.
|inactive|0hgan has 20 seconds left.
|
|t:|1756287541
|move|p2a: Electabuzz|Protect|p2a: Electabuzz
|-singleturn|p2a: Electabuzz|Protect
|move|p2b: Rillaboom|High Horsepower|p1b: Incineroar|[miss]
|-miss|p2b: Rillaboom|p1b: Incineroar
|move|p1b: Incineroar|Parting Shot|p2b: Rillaboom
|-unboost|p2b: Rillaboom|atk|1
|-unboost|p2b: Rillaboom|spa|1
|
|t:|1756287550
|switch|p1b: Basculegion|Basculegion, L50, M, tera:Water|69/100|[from] Parting Shot
|move|p1a: Archaludon|Body Press|p2a: Electabuzz
|-activate|p2a: Electabuzz|move: Protect
|
|-weather|RainDance|[upkeep]
|-heal|p1b: Basculegion|75/100|[from] Grassy Terrain
|-heal|p2a: Electabuzz|47/100|[from] Grassy Terrain
|-heal|p2b: Rillaboom|69/100|[from] Grassy Terrain
|-heal|p1a: Archaludon|100/100|[from] Grassy Terrain
|upkeep
|turn|4
|-message|dambro222 forfeited.
|raw|0hgan's rating: 1107 → 1140(+33 for winning)
|raw|dambro222's rating: 1217 → 1184(-33 for losing)
|
|win|0hgan
