|j|☆parsley<3
|j|☆marcosdeltasena31
|html|parsley<3marcosdeltasena31    
|uhtml|bestof|Game 1 of a best-of-3
|t:|1756187025
|gametype|doubles
|player|p1|parsley<3|lacey|1242
|player|p2|marcosdeltasena31|hilbert|1317
|gen|9
|tier|[Gen 9] VGC 2025 Reg H (Bo3)
|rated|
|rule|Species Clause: Limit one of each Pokémon
|rule|Item Clause: Limit 1 of each item
|clearpoke
|poke|p1|Incineroar, L50, F|
|poke|p1|Amoonguss, L50, F|
|poke|p1|Porygon2, L50|
|poke|p1|Ursaluna, L50, F|
|poke|p1|Dragonite, L50, M|
|poke|p1|Gholdengo, L50|
|poke|p2|Archaludon, L50, F|
|poke|p2|Pelipper, L50, F|
|poke|p2|Basculegion, L50, M|
|poke|p2|Incineroar, L50, F|
|poke|p2|Amoonguss, L50, F|
|poke|p2|Gholdengo, L50|
|teampreview|4
|showteam|p1|Incineroar||SafetyGoggles|Intimidate|FakeOut,KnockOff,PartingShot,FlareBlitz|||F|||50|,,,,,Ghost]Amoonguss||RockyHelmet|Regenerator|Spore,RagePowder,Protect,SludgeBomb|||F|||50|,,,,,Water]Porygon2||Eviolite|Download|TeraBlast,IceBeam,Recover,TrickRoom||||||50|,,,,,Fighting]Ursaluna||FlameOrb|Guts|Facade,Protect,HeadlongRush,Earthquake|||F|||50|,,,,,Fairy]Dragonite||LoadedDice|Multiscale|ScaleShot,Tailwind,Protect,Haze|||M|||50|,,,,,Fairy]Gholdengo||LifeOrb|GoodasGold|MakeItRain,ShadowBall,Protect,NastyPlot||||||50|,,,,,Water
|showteam|p2|Archaludon||AssaultVest|Stamina|ElectroShot,DragonPulse,FlashCannon,BodyPress|||F|||50|,,,,,Bug]Pelipper||FocusSash|Drizzle|WeatherBall,Hurricane,Tailwind,Protect|||F|||50|,,,,,Ghost]Basculegion||ChoiceBand|SwiftSwim|WaveCrash,LastRespects,AquaJet,FlipTurn|||M|||50|,,,,,Water]Incineroar||SafetyGoggles|Intimidate|FlareBlitz,FakeOut,PartingShot,KnockOff|||F|||50|,,,,,Ghost]Amoonguss||SitrusBerry|Regenerator|PollenPuff,Spore,RagePowder,Protect|||F|||50|,,,,,Psychic]Gholdengo||LifeOrb|GoodasGold|MakeItRain,ShadowBall,NastyPlot,Protect||||||50|,,,,,Water
|
|t:|1756187077
|teamsize|p1|4
|teamsize|p2|4
|start
|switch|p1a: tom the cat|Incineroar, L50, F|100/100
|switch|p1b: pinnochio|Porygon2, L50|100/100
|switch|p2a: Basculegion|Basculegion, L50, M|100/100
|switch|p2b: Pelipper|Pelipper, L50, F|100/100
|-weather|RainDance|[from] ability: Drizzle|[of] p2b: Pelipper
|-ability|p1b: pinnochio|Download|boost
|-boost|p1b: pinnochio|spa|1
|-ability|p1a: tom the cat|Intimidate|boost
|-unboost|p2a: Basculegion|atk|1
|-unboost|p2b: Pelipper|atk|1
|turn|1
|
|t:|1756187113
|switch|p1b: tin man|Amoonguss, L50, F|100/100
|-terastallize|p1a: tom the cat|Ghost
|move|p2a: Basculegion|Flip Turn|p1a: tom the cat
|-damage|p1a: tom the cat|53/100
|
|t:|1756187122
|switch|p2a: Amoonguss|Amoonguss, L50, F|100/100|[from] Flip Turn
|move|p2b: Pelipper|Weather Ball|p1a: tom the cat
|-damage|p1a: tom the cat|0 fnt
|faint|p1a: tom the cat
|
|-weather|RainDance|[upkeep]
|upkeep
|
|t:|1756187131
|switch|p1a: pinnochio|Porygon2, L50|100/100
|-ability|p1a: pinnochio|Download|boost
|-boost|p1a: pinnochio|spa|1
|turn|2
|
|t:|1756187160
|move|p2b: Pelipper|Protect|p2b: Pelipper
|-singleturn|p2b: Pelipper|Protect
|move|p1a: pinnochio|Ice Beam|p2a: Amoonguss
|-supereffective|p2a: Amoonguss
|-damage|p2a: Amoonguss|45/100
|-enditem|p2a: Amoonguss|Sitrus Berry|[eat]
|-heal|p2a: Amoonguss|70/100|[from] item: Sitrus Berry
|move|p1b: tin man|Spore|p2b: Pelipper
|-activate|p2b: Pelipper|move: Protect
|move|p2a: Amoonguss|Spore|p1a: pinnochio
|-status|p1a: pinnochio|slp|[from] move: Spore
|
|-weather|RainDance|[upkeep]
|upkeep
|turn|3
|
|t:|1756187175
|switch|p2a: Basculegion|Basculegion, L50, M|100/100
|move|p1b: tin man|Protect|p1b: tin man
|-singleturn|p1b: tin man|Protect
|move|p2b: Pelipper|Hurricane|p1b: tin man
|-activate|p1b: tin man|move: Protect
|cant|p1a: pinnochio|slp
|
|-weather|RainDance|[upkeep]
|upkeep
|turn|4
|-message|parsley<3 forfeited.
|
|win|marcosdeltasena31
