|j|☆testdigi
|j|☆w4rted
|html|testdigiw4rted    
|uhtml|bestof|Game 2 of a best-of-3
|t:|1782473036
|gametype|doubles
|player|p1|testdigi|1|1000
|player|p2|w4rted|170|1000
|gen|9
|tier|[Gen 9 Champions] VGC 2026 Reg M-B (Bo3)
|rated|
|rule|Species Clause: Limit one of each Pokémon
|rule|Item Clause: Limit 1 of each item
|clearpoke
|poke|p1|Hydreigon, L50, F|
|poke|p1|Garchomp, L50, M|
|poke|p1|Metagross, L50, shiny|
|poke|p1|Grimmsnarl, L50, M, shiny|
|poke|p1|Charizard, L50, M, shiny|
|poke|p1|Toxapex, L50, F, shiny|
|poke|p2|Mawile, L50, F|
|poke|p2|Pelipper, L50, M|
|poke|p2|Basculegion, L50, M|
|poke|p2|Archaludon, L50, F|
|poke|p2|Sinistcha, L50|
|poke|p2|Swampert, L50, M|
|teampreview|4
|showteam|p1|Hydreigon||ChoiceScarf|Levitate|HeatWave,DarkPulse,DracoMeteor,Snarl|Modest||F|||50|]Garchomp||SitrusBerry|RoughSkin|Protect,RockSlide,DragonClaw,Earthquake|Adamant||M|||50|]Metagross||Metagrossite|ClearBody|Protect,HammerArm,BulletPunch,IronHead|Serious|||||50|]Grimmsnarl||RoseliBerry|Prankster|FakeOut,LightScreen,Reflect,PartingShot|Sassy||M|||50|]Charizard||CharizarditeY|Blaze|Protect,HeatWave,SolarBeam,WeatherBall|Timid||M|||50|]Toxapex||Leftovers|Regenerator|Infestation,Toxic,BanefulBunker,WideGuard|Bold||F|||50|
|showteam|p2|Mawile||Mawilite|HyperCutter|PlayRough,SuckerPunch,BrickBreak,Protect|Adamant||F|||50|]Pelipper||FocusSash|Drizzle|WeatherBall,Protect,Tailwind,Hurricane|Serious||M|||50|]Basculegion||ChoiceScarf|Adaptability|AquaJet,WaveCrash,FlipTurn,LastRespects|Jolly||M|||50|]Archaludon||Leftovers|Sturdy|FlashCannon,Protect,ElectroShot,DragonPulse|Modest||F|||50|]Sinistcha||KasibBerry|Hospitality|MatchaGotcha,RagePowder,TrickRoom,Protect|Bold|||||50|]Swampert||Swampertite|Torrent|HighHorsepower,IcePunch,Protect,WaveCrash|Adamant||M|||50|
|inactive|Battle timer is ON: inactive players will automatically lose when time's up. (requested by w4rted)
|inactive|testdigi has 60 seconds left.
|
|t:|1782473074
|teamsize|p1|4
|teamsize|p2|4
|start
|switch|p1a: Hydreigon|Hydreigon, L50, F|100/100
|switch|p1b: Grimmsnarl|Grimmsnarl, L50, M, shiny|100/100
|switch|p2a: Mawile|Mawile, L50, F|100/100
|switch|p2b: Basculegion|Basculegion, L50, M|100/100
|turn|1
|inactive|w4rted has 30 seconds left.
|
|t:|1782473102
|detailschange|p2a: Mawile|Mawile-Mega, L50, F
|-mega|p2a: Mawile|Mawile|Mawilite
|move|p2a: Mawile|Protect|p2a: Mawile
|-singleturn|p2a: Mawile|Protect
|move|p1b: Grimmsnarl|Fake Out|p2a: Mawile
|-activate|p2a: Mawile|move: Protect
|move|p1a: Hydreigon|Dark Pulse|p2b: Basculegion
|-supereffective|p2b: Basculegion|1
|-damage|p2b: Basculegion|6/100
|cant|p2b: Basculegion|flinch
|
|upkeep
|turn|2
|inactive|w4rted has 30 seconds left.
|
|t:|1782473131
|move|p1b: Grimmsnarl|Reflect|p1b: Grimmsnarl
|-sidestart|p1: testdigi|Reflect
|move|p1a: Hydreigon|Dark Pulse|p2b: Basculegion
|-supereffective|p2b: Basculegion|1
|-damage|p2b: Basculegion|0 fnt
|faint|p2b: Basculegion
|move|p2a: Mawile|Play Rough|p1a: Hydreigon
|-supereffective|p1a: Hydreigon|2
|-damage|p1a: Hydreigon|0 fnt
|faint|p1a: Hydreigon
|
|upkeep
|inactive|w4rted has 30 seconds left.
|
|t:|1782473158
|switch|p1a: Charizard|Charizard, L50, M, shiny|100/100
|switch|p2b: Sinistcha|Sinistcha, L50|100/100
|turn|3
|inactive|w4rted has 30 seconds left.
|inactive|w4rted has 20 seconds left.
|inactive|w4rted has 15 seconds left.
|
|t:|1782473204
|detailschange|p1a: Charizard|Charizard-Mega-Y, L50, M, shiny
|-mega|p1a: Charizard|Charizard|Charizardite Y
|-weather|SunnyDay|[from] ability: Drought|[of] p1a: Charizard
|move|p2b: Sinistcha|Rage Powder|p2b: Sinistcha
|-singleturn|p2b: Sinistcha|move: Rage Powder
|move|p1b: Grimmsnarl|Parting Shot|p2b: Sinistcha
|-unboost|p2b: Sinistcha|atk|1
|-unboost|p2b: Sinistcha|spa|1
|
|t:|1782473210
|switch|p1b: Toxapex|Toxapex, L50, F, shiny|100/100|[from] Parting Shot
|move|p1a: Charizard|Heat Wave|p2a: Mawile|[spread] p2a,p2b
|-supereffective|p2a: Mawile|1
|-supereffective|p2b: Sinistcha|1
|-damage|p2a: Mawile|0 fnt
|-damage|p2b: Sinistcha|0 fnt
|faint|p2a: Mawile
|faint|p2b: Sinistcha
|
|-weather|SunnyDay|[upkeep]
|upkeep
|-message|w4rted forfeited.
|
|win|testdigi
|l|☆w4rted
|player|p2|
||testdigi is ready for game 3.
||w4rted is ready for game 3.
|uhtml|next|Next: Game 3 of 3
