|j|☆TheOneAndOnlyChat
|j|☆lolgz
|html|TheOneAndOnlyChatlolgz    
|uhtml|bestof|Game 1 of a best-of-3
|t:|1782339534
|gametype|doubles
|player|p1|TheOneAndOnlyChat|iono-masters|1083
|player|p2|lolgz|dawn|1109
|gen|9
|tier|[Gen 9 Champions] VGC 2026 Reg M-B (Bo3)
|rated|
|rule|Species Clause: Limit one of each Pokémon
|rule|Item Clause: Limit 1 of each item
|clearpoke
|poke|p1|Grimmsnarl, L50, M|
|poke|p1|Swampert, L50, F|
|poke|p1|Pelipper, L50, F|
|poke|p1|Archaludon, L50, M|
|poke|p1|Sinistcha, L50|
|poke|p1|Sneasler, L50, F|
|poke|p2|Torkoal, L50, F|
|poke|p2|Vileplume, L50, M|
|poke|p2|Farigiraf, L50, F|
|poke|p2|Scrafty, L50, F|
|poke|p2|Gallade, L50, M|
|poke|p2|Mawile, L50, F|
|teampreview|4
|showteam|p1|Grimmsnarl||LightClay|Prankster|Reflect,LightScreen,SpiritBreak,PartingShot|Relaxed||M|||50|]Swampert||Swampertite|Damp|IcePunch,HighHorsepower,WaveCrash,Protect|Adamant||F|||50|]Pelipper||SitrusBerry|Drizzle|Hurricane,WeatherBall,WideGuard,Tailwind|Calm||F|||50|]Archaludon||ChopleBerry|Stamina|ElectroShot,FlashCannon,AuraSphere,Protect|Bold||M|||50|]Sinistcha||OccaBerry|Hospitality|MatchaGotcha,Protect,RagePowder,LifeDew|Sassy|||||50|]Sneasler||FocusSash|Unburden|CloseCombat,FakeOut,DireClaw,Coaching|Jolly||F|||50|
|showteam|p2|Torkoal||Charcoal|Drought|Eruption,WeatherBall,EarthPower,Protect|Quiet||F|||50|]Vileplume||FocusSash|Chlorophyll|EnergyBall,SludgeBomb,SleepPowder,AfterYou|Timid||M|||50|]Farigiraf||SitrusBerry|ArmorTail|TrickRoom,Protect,Psychic,HelpingHand|Bold||F|||50|]Scrafty||Scraftinite|Intimidate|CloseCombat,KnockOff,FakeOut,RockSlide|Brave||F|||50|]Gallade||IronBall|Sharpness|SacredSword,PsychoCut,WideGuard,TrickRoom|Brave||M|||50|]Mawile||Mawilite|Intimidate|SuckerPunch,PlayRough,SwordsDance,Protect|Brave||F|||50|
|inactive|Battle timer is ON: inactive players will automatically lose when time's up. (requested by lolgz)
|inactive|TheOneAndOnlyChat has 60 seconds left.
|
|t:|1782339569
|teamsize|p1|4
|teamsize|p2|4
|start
|switch|p1a: Sneasler|Sneasler, L50, F|100/100
|switch|p1b: Swampert|Swampert, L50, F|100/100
|switch|p2a: Farigiraf|Farigiraf, L50, F|100/100
|switch|p2b: Scrafty|Scrafty, L50, F|100/100
|-ability|p2b: Scrafty|Intimidate|boost
|-unboost|p1a: Sneasler|atk|1
|-unboost|p1b: Swampert|atk|1
|turn|1
|inactive|TheOneAndOnlyChat has 30 seconds left.
|inactive|TheOneAndOnlyChat has 20 seconds left.
|
|t:|1782339606
|detailschange|p1b: Swampert|Swampert-Mega, L50, F
|-mega|p1b: Swampert|Swampert|Swampertite
|detailschange|p2b: Scrafty|Scrafty-Mega, L50, F
|-mega|p2b: Scrafty|Scrafty|Scraftinite
|-ability|p2b: Scrafty|Intimidate|boost
|-unboost|p1a: Sneasler|atk|1
|-unboost|p1b: Swampert|atk|1
|move|p2b: Scrafty|Fake Out|p1b: Swampert
|-damage|p1b: Swampert|86/100
|move|p1a: Sneasler|Close Combat|p2b: Scrafty
|-supereffective|p2b: Scrafty|1
|-damage|p2b: Scrafty|50/100y
|-unboost|p1a: Sneasler|def|1
|-unboost|p1a: Sneasler|spd|1
|cant|p1b: Swampert|flinch
|move|p2a: Farigiraf|Trick Room|p2a: Farigiraf
|-fieldstart|move: Trick Room|[of] p2a: Farigiraf
|
|upkeep
|turn|2
|-message|TheOneAndOnlyChat forfeited.
|raw|TheOneAndOnlyChat's rating: 1083 → 1062(-21 for losing)
|raw|lolgz's rating: 1109 → 1132(+23 for winning)
|
|win|lolgz
