|j|☆el1azsm
|j|☆Sunnymight
|html|el1azsmSunnymight    
|uhtml|bestof|Game 1 of a best-of-3
|t:|1757792091
|gametype|doubles
|player|p1|el1azsm|proton|1058
|player|p2|Sunnymight|brawly|1155
|gen|9
|tier|[Gen 9] VGC 2025 Reg H (Bo3)
|rated|
|rule|Species Clause: Limit one of each Pokémon
|rule|Item Clause: Limit 1 of each item
|clearpoke
|poke|p1|Torkoal, L50, F|
|poke|p1|Porygon2, L50|
|poke|p1|Ursaluna, L50, M|
|poke|p1|Charizard, L50, M|
|poke|p1|Incineroar, L50, F|
|poke|p1|Jumpluff, L50, M|
|poke|p2|Maushold-Four, L50|
|poke|p2|Pelipper, L50, M|
|poke|p2|Annihilape, L50, M|
|poke|p2|Archaludon, L50, M|
|poke|p2|Grimmsnarl, L50, M|
|poke|p2|Sinistcha, L50|
|teampreview|4
|showteam|p1|Torkoal||EjectPack|Drought|Protect,HeatWave,Overheat,Eruption|||F|||50|,,,,,Fire]Porygon2||Eviolite|Analytic|TeraBlast,TrickRoom,Thunderbolt,Recover||||||50|,,,,,Fighting]Ursaluna||FlameOrb|Guts|Protect,HeadlongRush,Earthquake,Facade|||M|||50|,,,,,Ghost]Charizard||ChoiceSpecs|SolarPower|HeatWave,Overheat,WeatherBall,AirSlash|||M|||50|,,,,,Fire]Incineroar||AssaultVest|Intimidate|KnockOff,FakeOut,FlareBlitz,Uturn|||F|||50|,,,,,Grass]Jumpluff||CovertCloak|Chlorophyll|GrassKnot,SleepPowder,Tailwind,SunnyDay|||M|||50|,,,,,Dark
|showteam|p2|Maushold-Four||SafetyGoggles|FriendGuard|SuperFang,BeatUp,FollowMe,Protect||||||50|,,,,,Ghost]Pelipper||FocusSash|Drizzle|Protect,Tailwind,WeatherBall,Hurricane|||M|||50|,,,,,Ground]Annihilape||ChoiceScarf|Defiant|RockSlide,RageFist,FinalGambit,CloseCombat|||M|||50|,,,,,Dragon]Archaludon||AssaultVest|Stamina|DracoMeteor,ElectroShot,BodyPress,Snarl|||M|||50|,,,,,Bug]Grimmsnarl||LightClay|Prankster|Reflect,LightScreen,FoulPlay,ThunderWave|||M|||50|,,,,,Ghost]Sinistcha||SitrusBerry|Hospitality|LifeDew,TrickRoom,StrengthSap,MatchaGotcha||||||50|,,,,,Dragon
|
|t:|1757792114
|teamsize|p1|4
|teamsize|p2|4
|start
|switch|p1a: Charizard|Charizard, L50, M|100/100
|switch|p1b: Incineroar|Incineroar, L50, F|100/100
|switch|p2a: Annihilape|Annihilape, L50, M|100/100
|switch|p2b: Maushold|Maushold-Four, L50|100/100
|-ability|p1b: Incineroar|Intimidate|boost
|-unboost|p2a: Annihilape|atk|1
|-ability|p2a: Annihilape|Defiant|boost
|-boost|p2a: Annihilape|atk|2
|-unboost|p2b: Maushold|atk|1
|turn|1
|inactive|Battle timer is ON: inactive players will automatically lose when time's up. (requested by Sunnymight)
|
|t:|1757792146
|switch|p1a: Jumpluff|Jumpluff, L50, M|100/100
|-terastallize|p2a: Annihilape|Dragon
|move|p2b: Maushold|Beat Up|p2a: Annihilape
|-damage|p2a: Annihilape|99/100
|-damage|p2a: Annihilape|97/100
|-damage|p2a: Annihilape|96/100
|-damage|p2a: Annihilape|94/100
|-hitcount|p2a: Annihilape|4
|move|p2a: Annihilape|Rage Fist|p1a: Jumpluff
|-damage|p1a: Jumpluff|0 fnt
|faint|p1a: Jumpluff
|move|p1b: Incineroar|U-turn|p2a: Annihilape
|-damage|p2a: Annihilape|78/100
|
|t:|1757792163
|switch|p1b: Torkoal|Torkoal, L50, F|100/100|[from] U-turn
|-weather|SunnyDay|[from] ability: Drought|[of] p1b: Torkoal
|
|-weather|SunnyDay|[upkeep]
|upkeep
|
|t:|1757792166
|switch|p1a: Charizard|Charizard, L50, M|100/100
|turn|2
|
|t:|1757792188
|move|p2b: Maushold|Protect|p2b: Maushold
|-singleturn|p2b: Maushold|Protect
|move|p2a: Annihilape|Rage Fist|p1b: Torkoal
|-damage|p1b: Torkoal|0 fnt
|faint|p1b: Torkoal
|move|p1a: Charizard|Heat Wave|p2a: Annihilape|[spread] 
|-activate|p2b: Maushold|move: Protect
|-miss|p1a: Charizard|p2a: Annihilape
|
|-weather|SunnyDay|[upkeep]
|-damage|p1a: Charizard|88/100|[from] ability: Solar Power|[of] p1a: Charizard
|upkeep
|
|t:|1757792198
|switch|p1b: Incineroar|Incineroar, L50, F|100/100
|-ability|p1b: Incineroar|Intimidate|boost
|-unboost|p2a: Annihilape|atk|1
|-ability|p2a: Annihilape|Defiant|boost
|-boost|p2a: Annihilape|atk|2
|-unboost|p2b: Maushold|atk|1
|turn|3
|
|t:|1757792210
|-terastallize|p1a: Charizard|Fire
|move|p1b: Incineroar|Fake Out|p2a: Annihilape
|-damage|p2a: Annihilape|68/100
|move|p2b: Maushold|Follow Me|p2b: Maushold
|-singleturn|p2b: Maushold|move: Follow Me
|cant|p2a: Annihilape|flinch
|move|p1a: Charizard|Heat Wave|p2a: Annihilape|[spread] p2a,p2b
|-resisted|p2a: Annihilape
|-damage|p2a: Annihilape|19/100
|-damage|p2b: Maushold|0 fnt
|faint|p2b: Maushold
|
|-weather|SunnyDay|[upkeep]
|-damage|p1a: Charizard|76/100|[from] ability: Solar Power|[of] p1a: Charizard
|upkeep
|
|t:|1757792223
|switch|p2b: Pelipper|Pelipper, L50, M, shiny|100/100
|-weather|RainDance|[from] ability: Drizzle|[of] p2b: Pelipper
|turn|4
|
|t:|1757792231
|move|p2a: Annihilape|Rage Fist|p1a: Charizard
|-damage|p1a: Charizard|0 fnt
|faint|p1a: Charizard
|move|p2b: Pelipper|Weather Ball|p1b: Incineroar
|-supereffective|p1b: Incineroar
|-crit|p1b: Incineroar
|-damage|p1b: Incineroar|0 fnt
|faint|p1b: Incineroar
|
|win|Sunnymight
|l|☆el1azsm
|player|p1|
