|j|☆rodjilius
|j|☆FrancoilCieco777
|html|rodjiliusFrancoilCieco777    
|uhtml|bestof|Game 1 of a best-of-3
|t:|1757009193
|gametype|doubles
|player|p1|rodjilius|unknown|1199
|player|p2|FrancoilCieco777|baker|1186
|gen|9
|tier|[Gen 9] VGC 2025 Reg H (Bo3)
|rated|
|rule|Species Clause: Limit one of each Pokémon
|rule|Item Clause: Limit 1 of each item
|clearpoke
|poke|p1|Dragapult, L50, F|
|poke|p1|Sneasler, L50, M|
|poke|p1|Indeedee, L50, M|
|poke|p1|Incineroar, L50, M|
|poke|p1|Typhlosion-Hisui, L50, F|
|poke|p1|Whimsicott, L50, F|
|poke|p2|Volcarona, L50, F|
|poke|p2|Electabuzz, L50, M|
|poke|p2|Sneasler, L50, M|
|poke|p2|Kingambit, L50, F|
|poke|p2|Dragonite, L50, F|
|poke|p2|Rillaboom, L50, M|
|teampreview|4
|showteam|p1|Dragapult||ChoiceBand|ClearBody|DragonDarts,PhantomForce,Uturn,Outrage|||F|||50|,,,,,Dragon]Sneasler||PsychicSeed|Unburden|DireClaw,CloseCombat,Protect,ThroatChop|||M|||50|,,,,,Dark]Indeedee||FocusSash|PsychicSurge|ExpandingForce,Imprison,TeraBlast,TrickRoom|||M|||50|,,,,,Fighting]Incineroar||SafetyGoggles|Intimidate|FakeOut,FlareBlitz,KnockOff,PartingShot|||M|||50|,,,,,Bug]Typhlosion-Hisui||ChoiceSpecs|Blaze|Eruption,HeatWave,ShadowBall,Overheat|||F|||50|,,,,,Fire]Whimsicott||CovertCloak|Prankster|Moonblast,Protect,Tailwind,SunnyDay|||F|||50|,,,,,Steel
|showteam|p2|Volcarona||CovertCloak|FlameBody|HeatWave,TeraBlast,QuiverDance,Protect|||F|||50|,,,,,Fairy]Electabuzz||Eviolite|VitalSpirit|Thunderbolt,FollowMe,Taunt,Protect|||M|||50|,,,,,Ghost]Sneasler||FocusSash|Unburden|FakeOut,CloseCombat,DireClaw,Coaching|||M|||50|,,,,,Stellar]Kingambit||BlackGlasses|Defiant|KowtowCleave,SuckerPunch,SwordsDance,Protect|||F|||50|,,,,,Dark]Dragonite||LoadedDice|Multiscale|ScaleShot,ExtremeSpeed,Haze,Protect|||F|||50|,,,,,Normal]Rillaboom||AssaultVest|GrassySurge|WoodHammer,GrassyGlide,HighHorsepower,FakeOut|||M|||50|,,,,,Fire
|inactive|Battle timer is ON: inactive players will automatically lose when time's up. (requested by FrancoilCieco777)
|inactive|rodjilius also wants the timer to be on.
|inactive|FrancoilCieco777 has 60 seconds left.
|inactive|FrancoilCieco777 has 30 seconds left.
|
|t:|1757009260
|teamsize|p1|4
|teamsize|p2|4
|start
|switch|p1a: Incineroar|Incineroar, L50, M|100/100
|switch|p1b: Whimsicott|Whimsicott, L50, F|100/100
|switch|p2a: Kingambit|Kingambit, L50, F, shiny|100/100
|switch|p2b: Sneasler|Sneasler, L50, M|100/100
|-ability|p1a: Incineroar|Intimidate|boost
|-unboost|p2a: Kingambit|atk|1
|-ability|p2a: Kingambit|Defiant|boost
|-boost|p2a: Kingambit|atk|2
|-unboost|p2b: Sneasler|atk|1
|turn|1
|l|☆rodjilius
|inactive|rodjilius disconnected and has a minute to reconnect!
|player|p1|
|inactive|rodjilius has 30 seconds left.
|inactive|FrancoilCieco777 has 30 seconds left.
|inactive|rodjilius has 20 seconds left.
|inactive|FrancoilCieco777 has 20 seconds left.
|inactive|rodjilius has 15 seconds left.
|inactive|FrancoilCieco777 has 15 seconds left.
|inactive|rodjilius has 10 seconds left.
|inactive|FrancoilCieco777 has 10 seconds left.
|j|☆rodjilius
|inactive|rodjilius reconnected and has 10 seconds left.
|player|p1|rodjilius|unknown|
|inactive|rodjilius has 5 seconds left.
|
|t:|1757009314
|move|p1b: Whimsicott|Sunny Day|p1b: Whimsicott
|-weather|SunnyDay
|move|p2b: Sneasler|Dire Claw|p1a: Incineroar
|-damage|p1a: Incineroar|75/100
|-status|p1a: Incineroar|par
|move|p2a: Kingambit|Swords Dance|p2a: Kingambit
|-boost|p2a: Kingambit|atk|2
|move|p1a: Incineroar|Flare Blitz|p2a: Kingambit
|-supereffective|p2a: Kingambit
|-damage|p2a: Kingambit|2/100
|-damage|p1a: Incineroar|41/100 par|[from] Recoil
|
|-weather|SunnyDay|[upkeep]
|upkeep
|turn|2
|
|t:|1757009332
|move|p1b: Whimsicott|Protect|p1b: Whimsicott
|-singleturn|p1b: Whimsicott|Protect
|move|p2a: Kingambit|Sucker Punch||[still]
|-fail|p2a: Kingambit
|move|p2b: Sneasler|Close Combat|p1a: Incineroar
|-supereffective|p1a: Incineroar
|-damage|p1a: Incineroar|0 fnt
|-unboost|p2b: Sneasler|def|1
|-unboost|p2b: Sneasler|spd|1
|faint|p1a: Incineroar
|
|-weather|SunnyDay|[upkeep]
|upkeep
|
|t:|1757009341
|switch|p1a: Typhlosion|Typhlosion-Hisui, L50, F|100/100
|turn|3
|
|t:|1757009352
|switch|p1a: Indeedee|Indeedee, L50, M|100/100
|-fieldstart|move: Psychic Terrain|[from] ability: Psychic Surge|[of] p1a: Indeedee
|move|p2a: Kingambit|Protect|p2a: Kingambit
|-singleturn|p2a: Kingambit|Protect
|move|p2b: Sneasler|Dire Claw|p1b: Whimsicott
|-supereffective|p1b: Whimsicott
|-damage|p1b: Whimsicott|0 fnt
|faint|p1b: Whimsicott
|
|-weather|SunnyDay|[upkeep]
|upkeep
|
|t:|1757009359
|switch|p1b: Typhlosion|Typhlosion-Hisui, L50, F|100/100
|turn|4
|
|t:|1757009369
|switch|p2b: Rillaboom|Rillaboom, L50, M|100/100
|-fieldstart|move: Grassy Terrain|[from] ability: Grassy Surge|[of] p2b: Rillaboom
|move|p2a: Kingambit|Sucker Punch|p1b: Typhlosion
|-supereffective|p1b: Typhlosion
|-damage|p1b: Typhlosion|0 fnt
|faint|p1b: Typhlosion
|move|p1a: Indeedee|Expanding Force|p2b: Rillaboom
|-damage|p2b: Rillaboom|75/100
|
|-weather|SunnyDay|[upkeep]
|-heal|p2b: Rillaboom|81/100|[from] Grassy Terrain
|-heal|p2a: Kingambit|8/100|[from] Grassy Terrain
|upkeep
|turn|5
|-message|rodjilius forfeited.
|
|win|FrancoilCieco777
