|j|☆Glofer
|j|☆wodaiogien
|html|Gloferwodaiogien    
|uhtml|bestof|Game 1 of a best-of-3
|t:|1782297241
|gametype|doubles
|player|p1|Glofer|blackbelt|1082
|player|p2|wodaiogien|169|1066
|gen|9
|tier|[Gen 9 Champions] VGC 2026 Reg M-B (Bo3)
|rated|
|rule|Species Clause: Limit one of each Pokémon
|rule|Item Clause: Limit 1 of each item
|clearpoke
|poke|p1|Tyranitar, L50, F|
|poke|p1|Raichu, L50, M|
|poke|p1|Corviknight, L50, M|
|poke|p1|Meowstic-F, L50, F|
|poke|p1|Sceptile, L50, F|
|poke|p1|Clefable, L50, M|
|poke|p2|Ninetales-Alola, L50, M|
|poke|p2|Raichu, L50, M|
|poke|p2|Basculegion, L50, M|
|poke|p2|Incineroar, L50, F|
|poke|p2|Kingambit, L50, F|
|poke|p2|Farigiraf, L50, F|
|teampreview|4
|showteam|p1|Tyranitar||Tyranitarite|SandStream|RockSlide,KnockOff,DragonDance,Protect|Adamant||F|||50|]Raichu||RaichuniteY|Static|ZapCannon,FocusBlast,FakeOut,Protect|Timid||M|||50|]Corviknight||LifeOrb|MirrorArmor|IronHead,BraveBird,Tailwind,Protect|Jolly||M|||50|]Meowstic-F||FocusSash|Competitive|Psychic,DarkPulse,TrickRoom,Protect|Timid||F|||50|]Sceptile||WhiteHerb|Unburden|LeafStorm,VacuumWave,ShedTail,Detect|Modest||F|||50|]Clefable||Leftovers|Unaware|Moonblast,FollowMe,LifeDew,Protect|Calm||M|||50|
|showteam|p2|Ninetales-Alola||FocusSash|SnowWarning|Blizzard,FreezeDry,Encore,Protect|Timid||M|||50|]Raichu||RaichuniteY|LightningRod|ZapCannon,FocusBlast,FakeOut,Protect|Timid||M|||50|]Basculegion||LifeOrb|Adaptability|WaveCrash,AquaJet,LastRespects,Protect|Adamant||M|||50|]Incineroar||ShucaBerry|Intimidate|FlareBlitz,PartingShot,FakeOut,DarkestLariat|Careful||F|||50|]Kingambit||ChopleBerry|Defiant|KowtowCleave,SuckerPunch,IronHead,LowKick|Adamant||F|||50|]Farigiraf||SitrusBerry|ArmorTail|TwinBeam,TrickRoom,HelpingHand,Protect|Relaxed||F|||50|
|inactive|Battle timer is ON: inactive players will automatically lose when time's up. (requested by wodaiogien)
|inactive|wodaiogien has 60 seconds left.
|inactive|wodaiogien has 30 seconds left.
|inactive|wodaiogien has 20 seconds left.
|inactive|wodaiogien has 15 seconds left.
|inactive|wodaiogien has 10 seconds left.
|
|t:|1782297326
|teamsize|p1|4
|teamsize|p2|4
|start
|switch|p1a: Corviknight|Corviknight, L50, M|100/100
|switch|p1b: Meowstic|Meowstic-F, L50, F|100/100
|switch|p2a: Kingambit|Kingambit, L50, F|100/100
|switch|p2b: Raichu|Raichu, L50, M|100/100
|turn|1
|inactive|Glofer has 30 seconds left.
|inactive|wodaiogien has 30 seconds left.
|
|t:|1782297357
|switch|p1a: Sceptile|Sceptile, L50, F|100/100
|detailschange|p2b: Raichu|Raichu-Mega-Y, L50, M
|-mega|p2b: Raichu|Raichu|Raichunite Y
|move|p2b: Raichu|Zap Cannon|p1a: Sceptile
|-resisted|p1a: Sceptile|1
|-damage|p1a: Sceptile|59/100
|-status|p1a: Sceptile|par
|move|p1b: Meowstic|Psychic|p2b: Raichu
|-damage|p2b: Raichu|52/100
|move|p2a: Kingambit|Kowtow Cleave|p1b: Meowstic
|-supereffective|p1b: Meowstic|1
|-enditem|p1b: Meowstic|Focus Sash
|-damage|p1b: Meowstic|1/100
|
|upkeep
|turn|2
|inactive|Glofer has 30 seconds left.
|inactive|wodaiogien has 30 seconds left.
|inactive|wodaiogien has 20 seconds left.
|
|t:|1782297394
|move|p1a: Sceptile|Vacuum Wave|p2a: Kingambit
|-supereffective|p2a: Kingambit|2
|-enditem|p2a: Kingambit|Chople Berry|[eat]
|-enditem|p2a: Kingambit|Chople Berry|[weaken]
|-damage|p2a: Kingambit|73/100
|move|p2b: Raichu|Zap Cannon|p1b: Meowstic
|-damage|p1b: Meowstic|0 fnt
|faint|p1b: Meowstic
|move|p2a: Kingambit|Kowtow Cleave|p1a: Sceptile
|-damage|p1a: Sceptile|0 fnt
|faint|p1a: Sceptile
|
|upkeep
|
|t:|1782297404
|switch|p1a: Tyranitar|Tyranitar, L50, F|100/100
|switch|p1b: Corviknight|Corviknight, L50, M|100/100
|-weather|Sandstorm|[from] ability: Sand Stream|[of] p1a: Tyranitar
|turn|3
|
|t:|1782297414
|detailschange|p1a: Tyranitar|Tyranitar-Mega, L50, F
|-mega|p1a: Tyranitar|Tyranitar|Tyranitarite
|move|p2b: Raichu|Zap Cannon|p1b: Corviknight
|-supereffective|p1b: Corviknight|1
|-damage|p1b: Corviknight|0 fnt
|faint|p1b: Corviknight
|move|p1a: Tyranitar|Dragon Dance|p1a: Tyranitar
|-boost|p1a: Tyranitar|atk|1
|-boost|p1a: Tyranitar|spe|1
|move|p2a: Kingambit|Low Kick|p1a: Tyranitar
|-supereffective|p1a: Tyranitar|2
|-damage|p1a: Tyranitar|0 fnt
|faint|p1a: Tyranitar
|
|win|wodaiogien
|l|☆Glofer
|player|p1|
