|j|☆S.Ulisses
|j|☆AviDotWav
|html|S.UlissesAviDotWav    
|uhtml|bestof|Game 1 of a best-of-3
|t:|1783636463
|gametype|doubles
|player|p1|S.Ulisses|101|1012
|player|p2|AviDotWav|jacinthe|1116
|gen|9
|tier|[Gen 9 Champions] VGC 2026 Reg M-B (Bo3)
|rated|
|rule|Species Clause: Limit one of each Pokémon
|rule|Item Clause: Limit 1 of each item
|clearpoke
|poke|p1|Basculegion, L50, M, shiny|
|poke|p1|Ceruledge, L50, M|
|poke|p1|Dragapult, L50, M, shiny|
|poke|p1|Froslass, L50, F|
|poke|p1|Rotom, L50|
|poke|p1|Sinistcha, L50|
|poke|p2|Audino, L50, F|
|poke|p2|Kingambit, L50, F|
|poke|p2|Staraptor, L50, M|
|poke|p2|Farigiraf, L50, M|
|poke|p2|Torkoal, L50, M|
|poke|p2|Blastoise, L50, F|
|teampreview|4
|showteam|p1|Basculegion||ExpertBelt|SwiftSwim|PhantomForce,Liquidation,Protect,AquaJet|Adamant||M|||50|]Ceruledge||LifeOrb|WeakArmor|BitterBlade,CloseCombat,Protect,SolarBlade|Jolly||M|||50|]Dragapult||FocusSash|ClearBody|SuckerPunch,PhantomForce,DragonClaw,Protect|Hasty||M|||50|]Froslass||Froslassite|CursedBody|AuroraVeil,Blizzard,Thunder,Protect|Hasty||F|||50|]Rotom||ChoiceScarf|Levitate|Protect,Discharge,ThunderWave,VoltSwitch|Timid|||||50|]Sinistcha||Leftovers|Hospitality|Protect,MatchaGotcha,ShadowBall,Reflect|Quiet|||||50|
|showteam|p2|Audino||Audinite|Healer|Protect,TrickRoom,LifeDew,DazzlingGleam|Relaxed||F|||50|]Kingambit||BlackGlasses|Defiant|Protect,SwordsDance,KowtowCleave,SuckerPunch|Brave||F|||50|]Staraptor||ChoiceScarf|Intimidate|FinalGambit,Uturn,BraveBird,CloseCombat|Jolly||M|||50|]Farigiraf||ColburBerry|ArmorTail|TwinBeam,Thunderbolt,TrickRoom,HelpingHand|Relaxed||M|||50|]Torkoal||Charcoal|Drought|Protect,Eruption,WeatherBall,HelpingHand|Quiet||M|||50|]Blastoise||Blastoisinite|Torrent|FakeOut,WaterSpout,DarkPulse,AuraSphere|Quiet||F|||50|
|inactive|Battle timer is ON: inactive players will automatically lose when time's up. (requested by AviDotWav)
|inactive|S.Ulisses also wants the timer to be on.
|inactive|S.Ulisses has 60 seconds left.
|inactive|AviDotWav has 60 seconds left.
|inactive|AviDotWav has 30 seconds left.
|inactive|AviDotWav has 20 seconds left.
|inactive|AviDotWav has 15 seconds left.
|inactive|AviDotWav has 10 seconds left.
|
|t:|1783636545
|teamsize|p1|4
|teamsize|p2|4
|start
|switch|p1a: Ceruledge|Ceruledge, L50, M|100/100
|switch|p1b: Froslass|Froslass, L50, F|100/100
|switch|p2a: Audino|Audino, L50, F|100/100
|switch|p2b: Kingambit|Kingambit, L50, F|100/100
|turn|1
|inactive|AviDotWav has 30 seconds left.
|
|t:|1783636578
|detailschange|p1b: Froslass|Froslass-Mega, L50, F
|-mega|p1b: Froslass|Froslass|Froslassite
|-weather|Snowscape|[from] ability: Snow Warning|[of] p1b: Froslass
|detailschange|p2a: Audino|Audino-Mega, L50, F
|-mega|p2a: Audino|Audino|Audinite
|move|p2b: Kingambit|Sucker Punch|p1a: Ceruledge
|-supereffective|p1a: Ceruledge|1
|-damage|p1a: Ceruledge|0 fnt
|faint|p1a: Ceruledge
|move|p1b: Froslass|Aurora Veil|p1b: Froslass
|-sidestart|p1: S.Ulisses|move: Aurora Veil
|move|p2a: Audino|Trick Room|p2a: Audino
|-fieldstart|move: Trick Room|[of] p2a: Audino
|
|-weather|Snowscape|[upkeep]
|upkeep
|
|t:|1783636591
|switch|p1a: Rotom|Rotom, L50|100/100
|turn|2
|
|t:|1783636613
|switch|p2a: Torkoal|Torkoal, L50, M|100/100
|-weather|SunnyDay|[from] ability: Drought|[of] p2a: Torkoal
|move|p1b: Froslass|Protect|p1b: Froslass
|-singleturn|p1b: Froslass|Protect
|move|p2b: Kingambit|Kowtow Cleave|p1a: Rotom
|-supereffective|p1a: Rotom|1
|-damage|p1a: Rotom|0 fnt
|faint|p1a: Rotom
|
|-weather|SunnyDay|[upkeep]
|upkeep
|inactive|S.Ulisses has 30 seconds left.
|inactive|S.Ulisses has 20 seconds left.
|inactive|S.Ulisses has 15 seconds left.
|inactive|S.Ulisses has 10 seconds left.
|
|t:|1783636659
|switch|p1a: Basculegion|Basculegion, L50, M, shiny|100/100
|turn|3
|
|t:|1783636675
|move|p2a: Torkoal|Eruption|p1a: Basculegion|[spread] p1a,p1b
|-resisted|p1a: Basculegion|1
|-supereffective|p1b: Froslass|1
|-damage|p1a: Basculegion|67/100
|-damage|p1b: Froslass|0 fnt
|faint|p1b: Froslass
|move|p2b: Kingambit|Kowtow Cleave|p1a: Basculegion
|-supereffective|p1a: Basculegion|1
|-damage|p1a: Basculegion|0 fnt
|faint|p1a: Basculegion
|
|win|AviDotWav
||S.Ulisses is ready for game 2.
