|j|☆toughlogvgc
|j|☆ballfondler4000
|html|toughlogvgcballfondler4000    
|uhtml|bestof|Game 3 of a best-of-3
|t:|1783884996
|gametype|doubles
|player|p1|toughlogvgc|1|1151
|player|p2|ballfondler4000|170|1002
|gen|9
|tier|[Gen 9 Champions] VGC 2026 Reg M-B (Bo3)
|rated|
|rule|Species Clause: Limit one of each Pokémon
|rule|Item Clause: Limit 1 of each item
|clearpoke
|poke|p1|Charizard, L50, M|
|poke|p1|Garchomp, L50, M|
|poke|p1|Basculegion, L50, M|
|poke|p1|Whimsicott, L50, F|
|poke|p1|Kingambit, L50, F|
|poke|p1|Floette-Eternal, L50, F|
|poke|p2|Aegislash, L50, F|
|poke|p2|Sylveon, L50, F|
|poke|p2|Garchomp, L50, M|
|poke|p2|Zoroark-Hisui, L50, F|
|poke|p2|Charizard, L50, M|
|poke|p2|Talonflame, L50, F|
|teampreview|4
|showteam|p1|Charizard||CharizarditeY|Blaze|HeatWave,SolarBeam,Protect,WeatherBall|Modest||M|||50|]Garchomp||LifeOrb|RoughSkin|DragonClaw,Earthquake,RockSlide,Protect|Jolly||M|||50|]Basculegion||ChoiceScarf|Adaptability|WaveCrash,AquaJet,FlipTurn,LastRespects|Adamant||M|||50|]Whimsicott||FocusSash|Prankster|Moonblast,Tailwind,Protect,Encore|Timid||F|||50|]Kingambit||BlackGlasses|Defiant|IronHead,KowtowCleave,Protect,SuckerPunch|Adamant||F|||50|]Floette-Eternal||Floettite|FlowerVeil|Moonblast,LightofRuin,DazzlingGleam,Protect|Modest||F|||50|
|showteam|p2|Aegislash||SitrusBerry|StanceChange|KingsShield,ShadowBall,FlashCannon,WideGuard|Modest||F|||50|]Sylveon||IronBall|Pixilate|Round,Protect,HyperBeam,Copycat|Quiet||F|||50|]Garchomp||LifeOrb|RoughSkin|RockSlide,DragonClaw,Protect,Earthquake|Naive||M|||50|]Zoroark-Hisui||FocusSash|Illusion|Round,BitterMalice,HyperBeam,GrassKnot|Timid||F|||50|]Charizard||CharizarditeY|Blaze|SolarBeam,Protect,HeatWave,WeatherBall|Modest||M|||50|]Talonflame|||FlameBody|Acrobatics,FlareBlitz,QuickGuard,Tailwind|Serious||F|||50|
|inactive|Battle timer is ON: inactive players will automatically lose when time's up. (requested by toughlogvgc)
|inactive|ballfondler4000 has 60 seconds left.
|
|t:|1783885042
|teamsize|p1|4
|teamsize|p2|4
|start
|switch|p1a: Garchomp|Garchomp, L50, M|100/100
|switch|p1b: Basculegion|Basculegion, L50, M|100/100
|switch|p2a: Garchomp|Garchomp, L50, M|100/100
|switch|p2b: Talonflame|Talonflame, L50, F|100/100
|turn|1
|
|t:|1783885066
|move|p1a: Garchomp|Protect|p1a: Garchomp
|-singleturn|p1a: Garchomp|Protect
|move|p2b: Talonflame|Quick Guard|p2b: Talonflame
|-singleturn|p2b: Talonflame|Quick Guard
|move|p1b: Basculegion|Flip Turn|p2b: Talonflame
|-supereffective|p2b: Talonflame|1
|-damage|p2b: Talonflame|0 fnt
|faint|p2b: Talonflame
|
|t:|1783885076
|switch|p1b: Whimsicott|Whimsicott, L50, F|100/100|[from] Flip Turn
|move|p2a: Garchomp|Dragon Claw|p1a: Garchomp
|-activate|p1a: Garchomp|move: Protect
|
|upkeep
|-message|ballfondler4000 forfeited.
|raw|toughlogvgc's rating: 1151 → 1166(+15 for winning)
|raw|ballfondler4000's rating: 1002 → 1000(-2 for losing)
|
|win|toughlogvgc
|l|☆ballfondler4000
|player|p2|
