|j|☆gggguuuu
|j|☆lancerh
|html|gggguuuulancerh    
|uhtml|bestof|Game 1 of a best-of-3
|t:|1757719472
|gametype|doubles
|player|p1|gggguuuu|lucas|1041
|player|p2|lancerh|169|1127
|gen|9
|tier|[Gen 9] VGC 2025 Reg H (Bo3)
|rated|
|rule|Species Clause: Limit one of each Pokémon
|rule|Item Clause: Limit 1 of each item
|clearpoke
|poke|p1|Volcarona, L50, M|
|poke|p1|Rillaboom, L50, M|
|poke|p1|Incineroar, L50, F|
|poke|p1|Sneasler, L50, M|
|poke|p1|Dragapult, L50, F|
|poke|p1|Kingambit, L50, F|
|poke|p2|Indeedee, L50, M|
|poke|p2|Dondozo, L50, F|
|poke|p2|Tatsugiri, L50, F|
|poke|p2|Ninetales-Alola, L50, F|
|poke|p2|Armarouge, L50, M|
|poke|p2|Sneasler, L50, F|
|teampreview|4
|showteam|p1|Volcarona||RockyHelmet|FlameBody|HeatWave,TeraBlast,QuiverDance,Protect|||M|||50|,,,,,Fairy]Rillaboom||AssaultVest|GrassySurge|WoodHammer,GrassyGlide,Uturn,FakeOut|||M|||50|,,,,,Fire]Incineroar||SafetyGoggles|Intimidate|WillOWisp,KnockOff,PartingShot,FakeOut|||F|||50|,,,,,Grass]Sneasler||SitrusBerry|PoisonTouch|DireClaw,CloseCombat,Coaching,FakeOut|||M|||50|,,,,,Ghost]Dragapult||FocusSash|ClearBody|DragonDarts,PhantomForce,Uturn,Protect|||F|||50|,,,,,Steel]Kingambit||BlackGlasses|Defiant|KowtowCleave,SuckerPunch,IronHead,Protect|||F|||50|,,,,,Flying
|showteam|p2|Indeedee||FocusSash|PsychicSurge|TrickRoom,ExpandingForce,TeraBlast,Protect|||M|||50|,,,,,Fighting]Dondozo||Leftovers|Unaware|OrderUp,Protect,Yawn,WaveCrash|||F|||50|,,,,,Steel]Tatsugiri||ChoiceScarf|Commander|MuddyWater,IcyWind,DracoMeteor,DragonPulse|||F|||50|,,,,,Stellar]Ninetales-Alola||IciclePlate|SnowWarning|Blizzard,AuroraVeil,FreezeDry,Moonblast|||F|||50|,,,,,Water]Armarouge||PowerHerb|FlashFire|ExpandingForce,HeatWave,MeteorBeam,Protect|||M|||50|,,,,,Grass]Sneasler||PsychicSeed|Unburden|DireClaw,CloseCombat,ThroatChop,Protect|||F|||50|,,,,,Dark
|inactive|Battle timer is ON: inactive players will automatically lose when time's up. (requested by gggguuuu)
|l|☆gggguuuu
|inactive|gggguuuu disconnected and has a minute to reconnect!
|player|p1|
|inactive|lancerh has 60 seconds left.
|
|t:|1757719519
|teamsize|p1|4
|teamsize|p2|4
|start
|switch|p1a: Rillaboom|Rillaboom, L50, M|100/100
|switch|p1b: Dragapult|Dragapult, L50, F|100/100
|switch|p2a: Sneasler|Sneasler, L50, F, shiny|100/100
|switch|p2b: Armarouge|Armarouge, L50, M|100/100
|-fieldstart|move: Grassy Terrain|[from] ability: Grassy Surge|[of] p1a: Rillaboom
|turn|1
|j|☆gggguuuu
|inactive|gggguuuu reconnected and has 55 seconds left.
|player|p1|gggguuuu|lucas|
|
|t:|1757719535
|switch|p2b: Indeedee|Indeedee, L50, M|100/100
|-fieldstart|move: Psychic Terrain|[from] ability: Psychic Surge|[of] p2b: Indeedee
|-enditem|p2a: Sneasler|Psychic Seed
|-boost|p2a: Sneasler|spd|1|[from] item: Psychic Seed
|-terastallize|p2a: Sneasler|Dark
|move|p1a: Rillaboom|Fake Out|p2a: Sneasler
|-activate|p2a: Sneasler|move: Psychic Terrain
|move|p2a: Sneasler|Throat Chop|p1b: Dragapult
|-supereffective|p1b: Dragapult
|-enditem|p1b: Dragapult|Focus Sash
|-damage|p1b: Dragapult|1/100
|-start|p1b: Dragapult|Throat Chop|[silent]
|move|p1b: Dragapult|Phantom Force||[still]
|-prepare|p1b: Dragapult|Phantom Force
|
|upkeep
|turn|2
|
|t:|1757719556
|move|p2a: Sneasler|Dire Claw|p1a: Rillaboom
|-supereffective|p1a: Rillaboom
|-damage|p1a: Rillaboom|19/100
|move|p1b: Dragapult|Phantom Force|p2b: Indeedee|[from] lockedmove
|-immune|p2b: Indeedee
|move|p2b: Indeedee|Expanding Force|p1a: Rillaboom|[spread] p1a,p1b
|-crit|p1b: Dragapult
|-damage|p1a: Rillaboom|0 fnt
|-damage|p1b: Dragapult|0 fnt
|faint|p1a: Rillaboom
|faint|p1b: Dragapult
|
|upkeep
|
|t:|1757719564
|switch|p1b: Incineroar|Incineroar, L50, F|100/100
|switch|p1a: Kingambit|Kingambit, L50, F|100/100
|-ability|p1b: Incineroar|Intimidate|boost
|-unboost|p2a: Sneasler|atk|1
|-unboost|p2b: Indeedee|atk|1
|turn|3
|
|t:|1757719580
|-terastallize|p1a: Kingambit|Flying
|move|p2a: Sneasler|Close Combat|p1b: Incineroar
|-supereffective|p1b: Incineroar
|-damage|p1b: Incineroar|37/100
|-unboost|p2a: Sneasler|def|1
|-unboost|p2a: Sneasler|spd|1
|move|p2b: Indeedee|Expanding Force|p1b: Incineroar|[spread] p1a
|-immune|p1b: Incineroar
|-crit|p1a: Kingambit
|-damage|p1a: Kingambit|35/100
|move|p1b: Incineroar|Will-O-Wisp|p2a: Sneasler
|-status|p2a: Sneasler|brn
|move|p1a: Kingambit|Iron Head|p2b: Indeedee
|-damage|p2b: Indeedee|12/100
|
|-damage|p2a: Sneasler|94/100 brn|[from] brn
|upkeep
|turn|4
|-message|gggguuuu forfeited.
|
|win|lancerh
|l|☆gggguuuu
|player|p1|
