|j|☆raineyluvsu
|j|☆systemsolo
|html|raineyluvsusystemsolo    
|uhtml|bestof|Game 1 of a best-of-3
|t:|1782657727
|gametype|doubles
|player|p1|raineyluvsu|102|1104
|player|p2|systemsolo|265|1000
|gen|9
|tier|[Gen 9 Champions] VGC 2026 Reg M-B (Bo3)
|rated|
|rule|Species Clause: Limit one of each Pokémon
|rule|Item Clause: Limit 1 of each item
|clearpoke
|poke|p1|Metagross, L50|
|poke|p1|Basculegion, L50, M|
|poke|p1|Blaziken, L50, M|
|poke|p1|Politoed, L50, F|
|poke|p1|Tsareena, L50, F|
|poke|p1|Kingambit, L50, F|
|poke|p2|Whimsicott, L50, M|
|poke|p2|Charizard, L50, M|
|poke|p2|Garchomp, L50, M|
|poke|p2|Toxapex, L50, M|
|poke|p2|Incineroar, L50, M|
|poke|p2|Kingambit, L50, F|
|teampreview|4
|showteam|p1|Metagross||Metagrossite|ClearBody|IronHead,PsychicFangs,StompingTantrum,Protect|Jolly|||||50|]Basculegion||LifeOrb|Adaptability|WaveCrash,LastRespects,AquaJet,Protect|Jolly||M|||50|]Blaziken||FocusSash|SpeedBoost|Overheat,AuraSphere,Coaching,Detect|Modest||M|||50|]Politoed||SitrusBerry|Drizzle|WeatherBall,IceBeam,PerishSong,Protect|Bold||F|||50|]Tsareena||ChoiceScarf|QueenlyMajesty|TropKick,TripleAxel,LowKick,Uturn|Jolly||F|||50|]Kingambit||BlackGlasses|Defiant|KowtowCleave,SuckerPunch,SwordsDance,Protect|Brave||F|||50|
|showteam|p2|Whimsicott||MentalHerb|Prankster|Protect,Moonblast,Tailwind,Encore|Modest||M|||50|]Charizard||CharizarditeY|Blaze|Protect,HeatWave,WeatherBall,SolarBeam|Modest||M|||50|]Garchomp||LifeOrb|RoughSkin|Protect,ScaleShot,Earthquake,RockSlide|Jolly||M|||50|]Toxapex||Leftovers|Regenerator|BanefulBunker,Infestation,Toxic,WideGuard|Bold||M|||50|]Incineroar||SitrusBerry|Intimidate|PartingShot,FlareBlitz,FakeOut,WillOWisp|Careful||M|||50|]Kingambit||ChopleBerry|Defiant|KowtowCleave,SuckerPunch,IronHead,LowKick|Adamant||F|||50|
|
|t:|1782657787
|teamsize|p1|4
|teamsize|p2|4
|start
|switch|p1a: Basculegion|Basculegion, L50, M|100/100
|switch|p1b: Metagross|Metagross, L50|100/100
|switch|p2a: Charizard|Charizard, L50, M|100/100
|switch|p2b: Toxapex|Toxapex, L50, M|100/100
|turn|1
|inactive|Battle timer is ON: inactive players will automatically lose when time's up. (requested by raineyluvsu)
|
|t:|1782657821
|detailschange|p2a: Charizard|Charizard-Mega-Y, L50, M
|-mega|p2a: Charizard|Charizard|Charizardite Y
|-weather|SunnyDay|[from] ability: Drought|[of] p2a: Charizard
|detailschange|p1b: Metagross|Metagross-Mega, L50
|-mega|p1b: Metagross|Metagross|Metagrossite
|move|p1b: Metagross|Protect|p1b: Metagross
|-singleturn|p1b: Metagross|Protect
|move|p1a: Basculegion|Protect|p1a: Basculegion
|-singleturn|p1a: Basculegion|Protect
|move|p2b: Toxapex|Baneful Bunker|p2b: Toxapex
|-singleturn|p2b: Toxapex|move: Protect
|move|p2a: Charizard|Solar Beam||[still]
|-prepare|p2a: Charizard|Solar Beam
|-anim|p2a: Charizard|Solar Beam|p1a: Basculegion
|-activate|p1a: Basculegion|move: Protect
|
|-weather|SunnyDay|[upkeep]
|upkeep
|turn|2
|
|t:|1782657843
|switch|p1a: Politoed|Politoed, L50, F|100/100
|-weather|RainDance|[from] ability: Drizzle|[of] p1a: Politoed
|move|p1b: Metagross|Psychic Fangs|p2b: Toxapex
|-supereffective|p2b: Toxapex|1
|-damage|p2b: Toxapex|22/100
|move|p2a: Charizard|Solar Beam||[still]
|-prepare|p2a: Charizard|Solar Beam
|move|p2b: Toxapex|Infestation|p1a: Politoed
|-damage|p1a: Politoed|97/100
|-activate|p1a: Politoed|move: Infestation|[of] p2b: Toxapex
|
|-weather|RainDance|[upkeep]
|-heal|p2b: Toxapex|28/100|[from] item: Leftovers
|-damage|p1a: Politoed|85/100|[from] move: Infestation|[partiallytrapped]
|upkeep
|turn|3
|-message|systemsolo forfeited.
|raw|raineyluvsu's rating: 1104 → 1122(+18 for winning)
|raw|systemsolo's rating: 1000 → 1000(+0 for losing)
|
|win|raineyluvsu
|l|☆systemsolo
|player|p2|
