|j|☆SelvesterTheYAK
|j|☆luckyross
|html|SelvesterTheYAKluckyross    
|uhtml|bestof|Game 2 of a best-of-3
|t:|1756956411
|gametype|doubles
|player|p1|SelvesterTheYAK|265|1149
|player|p2|luckyross|fisherman-gen4|1235
|gen|9
|tier|[Gen 9] VGC 2025 Reg H (Bo3)
|rated|
|rule|Species Clause: Limit one of each Pokémon
|rule|Item Clause: Limit 1 of each item
|clearpoke
|poke|p1|Tyranitar, L50, F|
|poke|p1|Garchomp, L50, F|
|poke|p1|Gholdengo, L50|
|poke|p1|Talonflame, L50, F|
|poke|p1|Amoonguss, L50, M|
|poke|p1|Milotic, L50, M|
|poke|p2|Tyranitar, L50, F|
|poke|p2|Excadrill, L50, F|
|poke|p2|Indeedee, L50, M|
|poke|p2|Sneasler, L50, M|
|poke|p2|Corviknight, L50, M|
|poke|p2|Hydreigon, L50, M|
|teampreview|4
|showteam|p1|Tyranitar||AssaultVest|SandStream|RockSlide,TeraBlast,KnockOff,LowKick|||F|||50|,,,,,Flying]Garchomp||LifeOrb|SandVeil|Protect,DragonClaw,StompingTantrum,Earthquake|||F|||50|,,,,,Steel]Gholdengo||MetalCoat|GoodasGold|MakeItRain,ShadowBall,Protect,NastyPlot||||||50|,,,,,Flying]Talonflame||CovertCloak|GaleWings|BraveBird,Tailwind,WillOWisp,Taunt|||F|||50|,,,,,Ghost]Amoonguss||SitrusBerry|Regenerator|Protect,Spore,RagePowder,PollenPuff|||M|||50|,,,,,Water]Milotic||SafetyGoggles|Competitive|Haze,Protect,IcyWind,Scald|||M|||50|,,,,,Dragon
|showteam|p2|Tyranitar||AssaultVest|SandStream|KnockOff,RockSlide,TeraBlast,LowKick|||F|||50|,,,,,Flying]Excadrill||FocusSash|SandRush|Earthquake,IronHead,HighHorsepower,Protect|||F|||50|,,,,,Stellar]Indeedee||ChoiceScarf|PsychicSurge|ExpandingForce,TeraBlast,Trick,Protect|||M|||50|,,,,,Psychic]Sneasler||WhiteHerb|Unburden|DireClaw,CloseCombat,Coaching,FakeOut|||M|||50|,,,,,Stellar]Corviknight||PsychicSeed|MirrorArmor|BraveBird,PowerTrip,BulkUp,Roost|||M|||50|,,,,,Water]Hydreigon||LifeOrb|Levitate|DracoMeteor,DarkPulse,Protect,Tailwind|||M|||50|,,,,,Ghost
|inactive|Battle timer is ON: inactive players will automatically lose when time's up. (requested by luckyross)
|
|t:|1756956440
|teamsize|p1|4
|teamsize|p2|4
|start
|switch|p1a: Garchomp|Garchomp, L50, F|100/100
|switch|p1b: Amoonguss|Amoonguss, L50, M|100/100
|switch|p2a: Tyranitar|Tyranitar, L50, F|100/100
|switch|p2b: Excadrill|Excadrill, L50, F|100/100
|-weather|Sandstorm|[from] ability: Sand Stream|[of] p2a: Tyranitar
|turn|1
|
|t:|1756956458
|-terastallize|p2a: Tyranitar|Flying
|move|p2b: Excadrill|Earthquake|p1b: Amoonguss|[spread] p1a,p1b
|-immune|p2a: Tyranitar
|-damage|p1a: Garchomp|61/100
|-damage|p1b: Amoonguss|69/100
|move|p1a: Garchomp|Earthquake|p2a: Tyranitar|[spread] p1b,p2b
|-immune|p2a: Tyranitar
|-supereffective|p2b: Excadrill
|-damage|p1b: Amoonguss|28/100
|-enditem|p2b: Excadrill|Focus Sash
|-damage|p2b: Excadrill|1/100
|-enditem|p1b: Amoonguss|Sitrus Berry|[eat]
|-heal|p1b: Amoonguss|53/100|[from] item: Sitrus Berry
|-damage|p1a: Garchomp|51/100|[from] item: Life Orb
|move|p2a: Tyranitar|Tera Blast|p1b: Amoonguss|[anim] Tera Blast Flying
|-supereffective|p1b: Amoonguss
|-damage|p1b: Amoonguss|0 fnt
|faint|p1b: Amoonguss
|
|-weather|Sandstorm|[upkeep]
|-damage|p2a: Tyranitar|95/100|[from] Sandstorm
|upkeep
|inactive|SelvesterTheYAK has 30 seconds left.
|
|t:|1756956484
|switch|p1b: Tyranitar|Tyranitar, L50, F|100/100
|turn|2
|inactive|luckyross has 30 seconds left.
|
|t:|1756956518
|move|p2b: Excadrill|Iron Head|p1a: Garchomp
|-damage|p1a: Garchomp|10/100
|move|p1a: Garchomp|Dragon Claw|p2a: Tyranitar
|-damage|p2a: Tyranitar|51/100
|-damage|p1a: Garchomp|0 fnt|[from] item: Life Orb
|faint|p1a: Garchomp
|move|p2a: Tyranitar|Rock Slide|p1b: Tyranitar
|-damage|p1b: Tyranitar|61/100
|move|p1b: Tyranitar|Rock Slide|p2a: Tyranitar|[spread] p2a,p2b
|-supereffective|p2a: Tyranitar
|-resisted|p2b: Excadrill
|-damage|p2a: Tyranitar|0 fnt
|-damage|p2b: Excadrill|0 fnt
|faint|p2a: Tyranitar
|faint|p2b: Excadrill
|
|-weather|Sandstorm|[upkeep]
|upkeep
|
|t:|1756956535
|switch|p1a: Gholdengo|Gholdengo, L50|100/100
|switch|p2b: Indeedee|Indeedee, L50, M|100/100
|switch|p2a: My Goat|Hydreigon, L50, M|100/100
|-fieldstart|move: Psychic Terrain|[from] ability: Psychic Surge|[of] p2b: Indeedee
|turn|3
|inactive|luckyross has 30 seconds left.
|inactive|SelvesterTheYAK has 30 seconds left.
|inactive|luckyross has 20 seconds left.
|inactive|luckyross has 15 seconds left.
|
|t:|1756956575
|move|p2b: Indeedee|Expanding Force|p1a: Gholdengo|[spread] p1a
|-immune|p1b: Tyranitar
|-resisted|p1a: Gholdengo
|-damage|p1a: Gholdengo|66/100
|move|p2a: My Goat|Draco Meteor|p1b: Tyranitar
|-damage|p1b: Tyranitar|27/100
|-unboost|p2a: My Goat|spa|2
|-damage|p2a: My Goat|91/100|[from] item: Life Orb
|move|p1a: Gholdengo|Make It Rain|p2b: Indeedee|[spread] p2a,p2b
|-damage|p2a: My Goat|30/100
|-damage|p2b: Indeedee|27/100
|-unboost|p1a: Gholdengo|spa|1
|move|p1b: Tyranitar|Knock Off|p2b: Indeedee
|-supereffective|p2b: Indeedee
|-damage|p2b: Indeedee|0 fnt
|-enditem|p2b: Indeedee|Choice Scarf|[from] move: Knock Off|[of] p1b: Tyranitar
|faint|p2b: Indeedee
|
|-weather|Sandstorm|[upkeep]
|-damage|p2a: My Goat|24/100|[from] Sandstorm
|upkeep
|turn|4
|-message|luckyross forfeited.
|
|win|SelvesterTheYAK
|l|☆luckyross
|player|p2|
||luckyross is ready for game 3.
|inactive|SelvesterTheYAK has 30 seconds to confirm battle start!
||SelvesterTheYAK is ready for game 3.
|uhtml|next|Next: Game 3 of 3
