|j|☆xdruii
|j|☆soulslayer9029
|html|xdruiisoulslayer9029    
|uhtml|bestof|Game 2 of a best-of-3
|t:|1757708268
|gametype|doubles
|player|p1|xdruii|102|1023
|player|p2|soulslayer9029|266|1015
|gen|9
|tier|[Gen 9] VGC 2025 Reg H (Bo3)
|rated|
|rule|Species Clause: Limit one of each Pokémon
|rule|Item Clause: Limit 1 of each item
|clearpoke
|poke|p1|Volcarona, L50, M|
|poke|p1|Rillaboom, L50, F|
|poke|p1|Sinistcha-Masterpiece, L50|
|poke|p1|Gholdengo, L50|
|poke|p1|Sneasler, L50, F|
|poke|p1|Dragonite, L50, M|
|poke|p2|Gothitelle, L50, M|
|poke|p2|Lapras, L50, F|
|poke|p2|Incineroar, L50, M|
|poke|p2|Golurk, L50|
|poke|p2|Clefable, L50, F|
|poke|p2|Bronzong, L50|
|teampreview|4
|showteam|p1|Volcarona||CovertCloak|FlameBody|QuiverDance,HeatWave,TeraBlast,Protect|||M|||50|,,,,,Fairy]Rillaboom||AssaultVest|GrassySurge|Uturn,WoodHammer,GrassyGlide,FakeOut|||F|||50|,,,,,Fire]Sinistcha-Masterpiece||RockyHelmet|Hospitality|MatchaGotcha,RagePowder,TrickRoom,Imprison||||||50|,,,,,Dark]Gholdengo||MetalCoat|GoodasGold|MakeItRain,ShadowBall,NastyPlot,Protect||||||50|,,,,,Dragon]Sneasler||FocusSash|Unburden|DireClaw,CloseCombat,FakeOut,Protect|||F|||50|,,,,,Stellar]Dragonite||LoadedDice|Multiscale|ScaleShot,Tailwind,Haze,Protect|||M|||50|,,,,,Fairy
|showteam|p2|Gothitelle||SitrusBerry|ShadowTag|Protect,FakeOut,Psychic,HealPulse|||M|||50|,,,,,Water]Lapras||Leftovers|WaterAbsorb|Protect,SheerCold,Substitute,PerishSong|||F|||50|,,,,,Ghost]Incineroar||AssaultVest|Intimidate|FakeOut,ThroatChop,FlareBlitz,Uturn|||M|||50|,,,,,Grass]Golurk||LightClay|NoGuard|Curse,Reflect,Protect,DynamicPunch||||||50|,,,,,Fighting]Clefable||SafetyGoggles|Unaware|Protect,FollowMe,Moonblast,SkillSwap|||F|||50|,,,,,Water]Bronzong||MentalHerb|Levitate|SkillSwap,TrickRoom,Hypnosis,Protect||||||50|,,,,,Dark
|inactive|Battle timer is ON: inactive players will automatically lose when time's up. (requested by soulslayer9029)
|
|t:|1757708303
|teamsize|p1|4
|teamsize|p2|4
|start
|switch|p1a: Volcarona|Volcarona, L50, M, shiny|100/100
|switch|p1b: Sneasler|Sneasler, L50, F|100/100
|switch|p2a: Bronzong|Bronzong, L50|100/100
|switch|p2b: Clefable|Clefable, L50, F|100/100
|turn|1
|inactive|xdruii has 30 seconds left.
|inactive|xdruii has 20 seconds left.
|inactive|xdruii has 15 seconds left.
|inactive|xdruii has 10 seconds left.
|inactive|xdruii has 5 seconds left.
|
|t:|1757708358
|move|p2b: Clefable|Follow Me|p2b: Clefable
|-singleturn|p2b: Clefable|move: Follow Me
|move|p1b: Sneasler|Dire Claw|p2b: Clefable
|-supereffective|p2b: Clefable
|-damage|p2b: Clefable|28/100
|-status|p2b: Clefable|slp
|move|p1a: Volcarona|Quiver Dance|p1a: Volcarona
|-boost|p1a: Volcarona|spa|1
|-boost|p1a: Volcarona|spd|1
|-boost|p1a: Volcarona|spe|1
|move|p2a: Bronzong|Trick Room|p2a: Bronzong
|-fieldstart|move: Trick Room|[of] p2a: Bronzong
|
|upkeep
|turn|2
|inactive|xdruii has 30 seconds left.
|inactive|soulslayer9029 has 30 seconds left.
|inactive|xdruii has 20 seconds left.
|inactive|soulslayer9029 has 20 seconds left.
|inactive|xdruii has 15 seconds left.
|inactive|xdruii has 10 seconds left.
|inactive|xdruii has 5 seconds left.
|
|t:|1757708413
|move|p2a: Bronzong|Skill Swap|p1b: Sneasler
|-activate|p2a: Bronzong|move: Skill Swap|Unburden|Levitate|[of] p1b: Sneasler
|cant|p2b: Clefable|slp
|move|p1b: Sneasler|Dire Claw|p2a: Bronzong
|-immune|p2a: Bronzong
|move|p1a: Volcarona|Quiver Dance|p1a: Volcarona
|-boost|p1a: Volcarona|spa|1
|-boost|p1a: Volcarona|spd|1
|-boost|p1a: Volcarona|spe|1
|
|upkeep
|turn|3
|inactive|xdruii has 30 seconds left.
|inactive|soulslayer9029 has 30 seconds left.
|inactive|xdruii has 20 seconds left.
|inactive|xdruii has 15 seconds left.
|inactive|xdruii has 10 seconds left.
|inactive|xdruii has 5 seconds left.
|
|t:|1757708468
|move|p2a: Bronzong|Hypnosis|p1a: Volcarona
|-status|p1a: Volcarona|slp|[from] move: Hypnosis
|cant|p2b: Clefable|slp
|move|p1b: Sneasler|Dire Claw|p2b: Clefable
|-supereffective|p2b: Clefable
|-damage|p2b: Clefable|0 fnt
|faint|p2b: Clefable
|cant|p1a: Volcarona|slp
|
|upkeep
|
|t:|1757708478
|switch|p2b: Lapras|Lapras, L50, F|100/100
|turn|4
|inactive|xdruii has 30 seconds left.
|inactive|xdruii has 20 seconds left.
|inactive|soulslayer9029 has 30 seconds left.
|inactive|xdruii has 15 seconds left.
|inactive|xdruii has 10 seconds left.
|inactive|soulslayer9029 has 20 seconds left.
|inactive|xdruii has 5 seconds left.
|
|t:|1757708534
|move|p2a: Bronzong|Hypnosis|p1b: Sneasler
|-status|p1b: Sneasler|slp|[from] move: Hypnosis
|move|p2b: Lapras|Sheer Cold|p1a: Volcarona
|-damage|p1a: Volcarona|0 fnt
|faint|p1a: Volcarona
|-ohko
|cant|p1b: Sneasler|slp
|
|upkeep
|inactive|xdruii has 30 seconds left.
|inactive|xdruii has 20 seconds left.
|inactive|xdruii has 15 seconds left.
|inactive|xdruii has 10 seconds left.
|inactive|xdruii has 5 seconds left.
|
|t:|1757708589
|switch|p1a: Dragonite|Dragonite, L50, M|100/100
|turn|5
|inactive|xdruii has 30 seconds left.
|inactive|xdruii has 20 seconds left.
|inactive|xdruii has 15 seconds left.
|inactive|xdruii has 10 seconds left.
|inactive|xdruii has 5 seconds left.
|
|t:|1757708644
|move|p2a: Bronzong|Hypnosis|p1a: Dragonite
|-status|p1a: Dragonite|slp|[from] move: Hypnosis
|move|p2b: Lapras|Substitute|p2b: Lapras
|-start|p2b: Lapras|Substitute
|-damage|p2b: Lapras|76/100
|cant|p1a: Dragonite|slp
|cant|p1b: Sneasler|slp
|
|-heal|p2b: Lapras|82/100|[from] item: Leftovers
|-fieldend|move: Trick Room
|upkeep
|turn|6
|inactive|xdruii has 30 seconds left.
|inactive|xdruii has 20 seconds left.
|inactive|xdruii has 15 seconds left.
|inactive|xdruii has 10 seconds left.
|inactive|xdruii has 5 seconds left.
|
|t:|1757708700
|cant|p1b: Sneasler|slp
|-curestatus|p1a: Dragonite|slp|[msg]
|move|p1a: Dragonite|Scale Shot|p2a: Bronzong
|-resisted|p2a: Bronzong
|-damage|p2a: Bronzong|95/100
|-resisted|p2a: Bronzong
|-damage|p2a: Bronzong|90/100
|-resisted|p2a: Bronzong
|-damage|p2a: Bronzong|84/100
|-resisted|p2a: Bronzong
|-damage|p2a: Bronzong|79/100
|-resisted|p2a: Bronzong
|-crit|p2a: Bronzong
|-damage|p2a: Bronzong|71/100
|-hitcount|p2a: Bronzong|5
|-unboost|p1a: Dragonite|def|1
|-boost|p1a: Dragonite|spe|1
|move|p2b: Lapras|Perish Song|p2b: Lapras
|-start|p1a: Dragonite|perish3|[silent]
|-start|p1b: Sneasler|perish3|[silent]
|-start|p2a: Bronzong|perish3|[silent]
|-start|p2b: Lapras|perish3|[silent]
|-fieldactivate|move: Perish Song
|move|p2a: Bronzong|Trick Room|p2a: Bronzong
|-fieldstart|move: Trick Room|[of] p2a: Bronzong
|
|-heal|p2b: Lapras|87/100|[from] item: Leftovers
|-start|p2a: Bronzong|perish3
|-start|p2b: Lapras|perish3
|-start|p1b: Sneasler|perish3
|-start|p1a: Dragonite|perish3
|upkeep
|turn|7
|inactive|xdruii has 30 seconds left.
|inactive|xdruii has 20 seconds left.
|inactive|xdruii has 15 seconds left.
|inactive|xdruii has 10 seconds left.
|inactive|soulslayer9029 has 30 seconds left.
|inactive|xdruii has 5 seconds left.
|inactive|soulslayer9029 has 20 seconds left.
|-message|xdruii lost due to inactivity.
|
|win|soulslayer9029
||soulslayer9029 is ready for game 3.
|inactive|xdruii has 30 seconds to confirm battle start!
|l|☆soulslayer9029
|player|p2|
|inactive|xdruii has 20 seconds to confirm battle start!
|inactive|xdruii has 10 seconds to confirm battle start!
|uhtml|next|Next: Game 3 of 3
