|j|☆castoriceball
|j|☆Billie Eiscue
|html|castoriceballBillie Eiscue    
|uhtml|bestof|Game 2 of a best-of-3
|t:|1783725654
|gametype|doubles
|player|p1|castoriceball|miku-flying|
|player|p2|Billie Eiscue|lebanne|
|gen|9
|tier|[Gen 9 Champions] VGC 2026 Reg M-B (Bo3)
|rule|Species Clause: Limit one of each Pokémon
|rule|Item Clause: Limit 1 of each item
|clearpoke
|poke|p1|Garchomp, L50, M|
|poke|p1|Floette-Eternal, L50, F|
|poke|p1|Talonflame, L50, F|
|poke|p1|Rotom-Wash, L50, shiny|
|poke|p1|Ceruledge, L50, F|
|poke|p1|Sneasler, L50, F|
|poke|p2|Blaziken, L50, F|
|poke|p2|Venusaur, L50, M|
|poke|p2|Ninetales-Alola, L50, M|
|poke|p2|Lycanroc-Dusk, L50, M|
|poke|p2|Kingambit, L50, M|
|poke|p2|Basculegion, L50, M|
|teampreview|4
|showteam|p1|Garchomp||LifeOrb|RoughSkin|DragonClaw,Earthquake,RockSlide,Protect|Adamant||M|||50|]Floette-Eternal||Floettite|FlowerVeil|Moonblast,DazzlingGleam,LightofRuin,Protect|Modest||F|||50|]Talonflame||SharpBeak|GaleWings|Tailwind,DualWingbeat,QuickGuard,Protect|Jolly||F|||50|]Rotom-Wash||Magnet|Levitate|Thunderbolt,HydroPump,Electroweb,Protect|Modest|||||50|]Ceruledge||ColburBerry|FlashFire|Poltergeist,BitterBlade,ShadowSneak,Protect|Adamant||F|||50|]Sneasler||FocusSash|PoisonTouch|FakeOut,CloseCombat,DireClaw,Feint|Adamant||F|||50|
|showteam|p2|Blaziken||Blazikenite|SpeedBoost|CloseCombat,FlareBlitz,StoneEdge,Detect|Adamant||F|||50|]Venusaur||Venusaurite|Chlorophyll|GigaDrain,SludgeBomb,EarthPower,Protect|Modest||M|||50|]Ninetales-Alola||NeverMeltIce|SnowWarning|Blizzard,FreezeDry,Encore,Protect|Timid||M|||50|]Lycanroc-Dusk||FocusSash|ToughClaws|Accelerock,RockSlide,CloseCombat,Protect|Adamant||M|||50|]Kingambit||LifeOrb|Defiant|KowtowCleave,SuckerPunch,IronHead,Protect|Adamant||M|||50|]Basculegion||ChoiceScarf|Adaptability|WaveCrash,LastRespects,FlipTurn,AquaJet|Jolly||M|||50|
|c|☆Billie Eiscue|no meri
|j| not_a_penguin81
|c|☆Billie Eiscue|snorlaxpikachu went 12-1 at alp with this
|c|☆Billie Eiscue|I have evs
|c| not_a_penguin81|meri was boutta give a description of him giving birth
|c|☆castoriceball|wtf
|c|☆castoriceball|LMAO
|j| Merisan
|c|☆castoriceball|this team is like
|c|☆castoriceball|uhh
|c|☆castoriceball|the worst mu I've seen
|c| Merisan|Kat pass them my way
|c|☆castoriceball|in a long time
|c| Merisan|i love snow
|c| Merisan|its kinda my thing
|
|t:|1783725733
|teamsize|p1|4
|teamsize|p2|4
|start
|switch|p1a: BIRDD|Talonflame, L50, F|100/100
|switch|p1b: Laundry List|Rotom-Wash, L50, shiny|100/100
|switch|p2a: Water the roses|Venusaur, L50, M|100/100
|switch|p2b: RUMA|Lycanroc-Dusk, L50, M|100/100
|turn|1
|c|☆Billie Eiscue|it's appearently autowin into standard rain and big 6
|
|t:|1783725763
|detailschange|p2a: Water the roses|Venusaur-Mega, L50, M
|-mega|p2a: Water the roses|Venusaur|Venusaurite
|move|p1a: BIRDD|Protect|p1a: BIRDD
|-singleturn|p1a: BIRDD|Protect
|move|p2b: RUMA|Accelerock|p1a: BIRDD
|-activate|p1a: BIRDD|move: Protect
|move|p1b: Laundry List|Electroweb|p2a: Water the roses|[spread] p2b
|-miss|p1b: Laundry List|p2a: Water the roses
|-damage|p2b: RUMA|61/100
|-unboost|p2b: RUMA|spe|1
|move|p2a: Water the roses|Giga Drain|p1b: Laundry List
|-supereffective|p1b: Laundry List|1
|-damage|p1b: Laundry List|10/100
|
|upkeep
|turn|2
|c| Merisan|yuhup
|c| Merisan|looks like it
|c|☆castoriceball|great job rotom
|
|t:|1783725789
|move|p2b: RUMA|Protect|p2b: RUMA
|-singleturn|p2b: RUMA|Protect
|move|p1a: BIRDD|Quick Guard|p1a: BIRDD
|-singleturn|p1a: BIRDD|Quick Guard
|move|p1b: Laundry List|Thunderbolt|p2b: RUMA
|-activate|p2b: RUMA|move: Protect
|move|p2a: Water the roses|Giga Drain|p1b: Laundry List
|-supereffective|p1b: Laundry List|1
|-damage|p1b: Laundry List|0 fnt
|faint|p1b: Laundry List
|
|upkeep
|c| Merisan|rotom does jack
|c| Merisan|and dies
|c| Merisan|the sequel
|
|t:|1783725809
|switch|p1b: Snoobler|Sneasler, L50, F|100/100
|turn|3
|c|☆castoriceball|this team is a bitch
|
|t:|1783725825
|move|p1b: Snoobler|Fake Out|p2b: RUMA
|-resisted|p2b: RUMA|1
|-damage|p2b: RUMA|49/100
|move|p1a: BIRDD|Dual Wingbeat|p2a: Water the roses
|-supereffective|p2a: Water the roses|1
|-damage|p2a: Water the roses|71/100
|-supereffective|p2a: Water the roses|1
|-damage|p2a: Water the roses|41/100
|-hitcount|p2a: Water the roses|2
|cant|p2b: RUMA|flinch
|move|p2a: Water the roses|Earth Power|p1b: Snoobler
|-supereffective|p1b: Snoobler|1
|-damage|p1b: Snoobler|17/100
|
|upkeep
|turn|4
|c|☆castoriceball|YO THIS MF EATS WTf
|
|t:|1783725843
|switch|p2a: Villain|Kingambit, L50, M|100/100
|move|p1a: BIRDD|Quick Guard|p1a: BIRDD
|-singleturn|p1a: BIRDD|Quick Guard
|move|p2b: RUMA|Accelerock|p1b: Snoobler
|-activate|p1b: Snoobler|move: Quick Guard
|move|p1b: Snoobler|Close Combat|p2b: RUMA
|-supereffective|p2b: RUMA|1
|-damage|p2b: RUMA|0 fnt
|-unboost|p1b: Snoobler|def|1
|-unboost|p1b: Snoobler|spd|1
|faint|p2b: RUMA
|
|upkeep
|c|☆castoriceball|get quick guarded
|
|t:|1783725858
|switch|p2b: Alice in freezer|Ninetales-Alola, L50, M|100/100
|-weather|Snowscape|[from] ability: Snow Warning|[of] p2b: Alice in freezer
|turn|5
|
|t:|1783725884
|switch|p1b: Swords4Hands|Ceruledge, L50, F|100/100
|move|p1a: BIRDD|Tailwind|p1a: BIRDD
|-sidestart|p1: castoriceball|move: Tailwind
|move|p2a: Villain|Sucker Punch||[still]
|-fail|p2a: Villain
|move|p2b: Alice in freezer|Blizzard|p1a: BIRDD|[spread] p1a,p1b
|-resisted|p1b: Swords4Hands|1
|-damage|p1a: BIRDD|49/100
|-damage|p1b: Swords4Hands|83/100
|
|-weather|Snowscape|[upkeep]
|upkeep
|turn|6
|
|t:|1783725906
|move|p1a: BIRDD|Protect|p1a: BIRDD
|-singleturn|p1a: BIRDD|Protect
|move|p2b: Alice in freezer|Protect|p2b: Alice in freezer
|-singleturn|p2b: Alice in freezer|Protect
|move|p1b: Swords4Hands|Bitter Blade|p2b: Alice in freezer
|-activate|p2b: Alice in freezer|move: Protect
|move|p2a: Villain|Kowtow Cleave|p1b: Swords4Hands
|-supereffective|p1b: Swords4Hands|1
|-enditem|p1b: Swords4Hands|Colbur Berry|[eat]
|-enditem|p1b: Swords4Hands|Colbur Berry|[weaken]
|-damage|p1b: Swords4Hands|18/100
|-damage|p2a: Villain|90/100|[from] item: Life Orb
|
|-weather|Snowscape|[upkeep]
|upkeep
|turn|7
|
|t:|1783725919
|move|p1a: BIRDD|Quick Guard|p1a: BIRDD
|-singleturn|p1a: BIRDD|Quick Guard
|move|p2a: Villain|Sucker Punch|p1b: Swords4Hands
|-activate|p1b: Swords4Hands|move: Quick Guard
|move|p1b: Swords4Hands|Bitter Blade|p2b: Alice in freezer
|-supereffective|p2b: Alice in freezer|1
|-damage|p2b: Alice in freezer|20/100r
|-heal|p1b: Swords4Hands|54/100|[from] drain|[of] p2b: Alice in freezer
|move|p2b: Alice in freezer|Blizzard|p1b: Swords4Hands|[spread] p1a,p1b
|-resisted|p1b: Swords4Hands|1
|-damage|p1a: BIRDD|0 fnt
|-damage|p1b: Swords4Hands|38/100
|faint|p1a: BIRDD
|
|-weather|Snowscape|[upkeep]
|upkeep
|
|t:|1783725930
|switch|p1a: Snoobler|Sneasler, L50, F|17/100
|turn|8
|
|t:|1783725937
|switch|p2a: Water the roses|Venusaur-Mega, L50, M|41/100
|move|p1a: Snoobler|Fake Out|p2a: Water the roses
|-damage|p2a: Water the roses|29/100
|move|p1b: Swords4Hands|Bitter Blade|p2a: Water the roses
|-supereffective|p2a: Water the roses|1
|-damage|p2a: Water the roses|0 fnt
|-heal|p1b: Swords4Hands|53/100|[from] drain|[of] p2a: Water the roses
|faint|p2a: Water the roses
|move|p2b: Alice in freezer|Blizzard|p1b: Swords4Hands|[spread] p1a,p1b
|-resisted|p1b: Swords4Hands|1
|-damage|p1a: Snoobler|0 fnt
|-damage|p1b: Swords4Hands|38/100
|faint|p1a: Snoobler
|
|-weather|Snowscape|[upkeep]
|-sideend|p1: castoriceball|move: Tailwind
|upkeep
|
|t:|1783725944
|switch|p2a: Villain|Kingambit, L50, M|90/100
|turn|9
|
|t:|1783725956
|move|p1b: Swords4Hands|Protect|p1b: Swords4Hands
|-singleturn|p1b: Swords4Hands|Protect
|move|p2a: Villain|Sucker Punch||[still]
|-fail|p2a: Villain
|move|p2b: Alice in freezer|Encore|p1b: Swords4Hands
|-activate|p1b: Swords4Hands|move: Protect
|
|-weather|none
|upkeep
|turn|10
|
|t:|1783725965
|move|p1b: Swords4Hands|Shadow Sneak|p2b: Alice in freezer
|-damage|p2b: Alice in freezer|0 fnt
|faint|p2b: Alice in freezer
|move|p2a: Villain|Kowtow Cleave|p1b: Swords4Hands
|-supereffective|p1b: Swords4Hands|1
|-damage|p1b: Swords4Hands|0 fnt
|faint|p1b: Swords4Hands
|-damage|p2a: Villain|80/100|[from] item: Life Orb
|
|win|Billie Eiscue
