|j|☆TechBuster
|j|☆MuseigenTest
|html|TechBusterMuseigenTest    
|uhtml|bestof|Game 3 of a best-of-3
|t:|1757039086
|gametype|doubles
|player|p1|TechBuster|266|1203
|player|p2|MuseigenTest|101|1331
|gen|9
|tier|[Gen 9] VGC 2025 Reg H (Bo3)
|rated|
|rule|Species Clause: Limit one of each Pokémon
|rule|Item Clause: Limit 1 of each item
|clearpoke
|poke|p1|Sneasler, L50, M|
|poke|p1|Dragapult, L50, M|
|poke|p1|Primarina, L50, M|
|poke|p1|Rillaboom, L50, M|
|poke|p1|Kingambit, L50, M|
|poke|p1|Magmar, L50, M|
|poke|p2|Sneasler, L50, F|
|poke|p2|Indeedee, L50, M|
|poke|p2|Volcarona, L50, M|
|poke|p2|Ursaluna-Bloodmoon, L50, M|
|poke|p2|Annihilape, L50, F|
|poke|p2|Tyranitar, L50, M|
|teampreview|4
|showteam|p1|Sneasler||FocusSash|PoisonTouch|CloseCombat,DireClaw,FakeOut,Protect|||M|||50|,,,,,Stellar]Dragapult||ChoiceBand|ClearBody|DragonDarts,TeraBlast,PhantomForce,Uturn|||M|||50|,,,,,Ghost]Primarina||SitrusBerry|LiquidVoice|HyperVoice,Moonblast,Haze,Protect|||M|||50|,,,,,Water]Rillaboom||AssaultVest|GrassySurge|WoodHammer,GrassyGlide,HighHorsepower,FakeOut|||M|||50|,,,,,Fire]Kingambit||BlackGlasses|Defiant|KowtowCleave,SuckerPunch,SwordsDance,Protect|||M|||50|,,,,,Ghost]Magmar||Eviolite|VitalSpirit|Overheat,WillOWisp,FollowMe,Protect|||M|||50|,,,,,Ghost
|showteam|p2|Sneasler||PsychicSeed|Unburden|CloseCombat,DireClaw,ThroatChop,Protect|||F|||50|,,,,,Dark]Indeedee||ChoiceScarf|PsychicSurge|ExpandingForce,TeraBlast,Trick,Protect|||M|||50|,,,,,Psychic]Volcarona||SitrusBerry|FlameBody|Overheat,StruggleBug,RagePowder,Tailwind|||M|||50|,,,,,Grass]Ursaluna-Bloodmoon||LifeOrb|MindsEye|BloodMoon,HyperVoice,EarthPower,Protect|||M|||50|,,,,,Normal]Annihilape||SafetyGoggles|Defiant|CloseCombat,RageFist,Taunt,FinalGambit|||F|||50|,,,,,Fairy]Tyranitar||AssaultVest|SandStream|RockSlide,KnockOff,TeraBlast,LowKick|||M|||50|,,,,,Flying
|inactive|Battle timer is ON: inactive players will automatically lose when time's up. (requested by MuseigenTest)
|inactive|TechBuster has 60 seconds left.
|inactive|MuseigenTest has 60 seconds left.
|inactive|MuseigenTest has 30 seconds left.
|inactive|MuseigenTest has 20 seconds left.
|
|t:|1757039163
|teamsize|p1|4
|teamsize|p2|4
|start
|switch|p1a: Kingambit|Kingambit, L50, M|100/100
|switch|p1b: Magmar|Magmar, L50, M|100/100
|switch|p2a: Volcarona|Volcarona, L50, M|100/100
|switch|p2b: Ursaluna|Ursaluna-Bloodmoon, L50, M|100/100
|turn|1
|inactive|TechBuster has 30 seconds left.
|inactive|MuseigenTest has 30 seconds left.
|inactive|TechBuster has 20 seconds left.
|inactive|MuseigenTest has 20 seconds left.
|inactive|TechBuster has 15 seconds left.
|inactive|MuseigenTest has 15 seconds left.
|inactive|TechBuster has 10 seconds left.
|inactive|MuseigenTest has 10 seconds left.
|inactive|MuseigenTest has 5 seconds left.
|
|t:|1757039216
|-terastallize|p2b: Ursaluna|Normal
|move|p1b: Magmar|Follow Me|p1b: Magmar
|-singleturn|p1b: Magmar|move: Follow Me
|move|p2a: Volcarona|Overheat|p1b: Magmar
|-resisted|p1b: Magmar
|-damage|p1b: Magmar|78/100
|-unboost|p2a: Volcarona|spa|2
|move|p2b: Ursaluna|Hyper Voice|p1a: Kingambit|[spread] p1a,p1b
|-resisted|p1a: Kingambit
|-damage|p1a: Kingambit|71/100
|-damage|p1b: Magmar|27/100
|-damage|p2b: Ursaluna|91/100|[from] item: Life Orb
|move|p1a: Kingambit|Swords Dance|p1a: Kingambit
|-boost|p1a: Kingambit|atk|2
|
|upkeep
|turn|2
|inactive|TechBuster has 30 seconds left.
|inactive|MuseigenTest has 30 seconds left.
|inactive|MuseigenTest has 20 seconds left.
|inactive|MuseigenTest has 15 seconds left.
|
|t:|1757039261
|move|p1b: Magmar|Protect|p1b: Magmar
|-singleturn|p1b: Magmar|Protect
|move|p2a: Volcarona|Rage Powder|p2a: Volcarona
|-singleturn|p2a: Volcarona|move: Rage Powder
|move|p1a: Kingambit|Sucker Punch||[still]
|-fail|p1a: Kingambit
|move|p2b: Ursaluna|Hyper Voice|p1b: Magmar|[spread] p1a
|-activate|p1b: Magmar|move: Protect
|-resisted|p1a: Kingambit
|-damage|p1a: Kingambit|39/100
|-damage|p2b: Ursaluna|81/100|[from] item: Life Orb
|
|upkeep
|turn|3
|inactive|TechBuster has 30 seconds left.
|inactive|MuseigenTest has 30 seconds left.
|inactive|MuseigenTest has 20 seconds left.
|inactive|MuseigenTest has 15 seconds left.
|inactive|MuseigenTest has 10 seconds left.
|
|t:|1757039310
|move|p1b: Magmar|Follow Me|p1b: Magmar
|-singleturn|p1b: Magmar|move: Follow Me
|move|p2a: Volcarona|Struggle Bug|p1a: Kingambit|[spread] p1a,p1b
|-resisted|p1b: Magmar
|-damage|p1a: Kingambit|30/100
|-damage|p1b: Magmar|23/100
|-unboost|p1a: Kingambit|spa|1
|-ability|p1a: Kingambit|Defiant|boost
|-boost|p1a: Kingambit|atk|2
|-unboost|p1b: Magmar|spa|1
|move|p2b: Ursaluna|Hyper Voice|p1a: Kingambit|[spread] p1a,p1b
|-resisted|p1a: Kingambit
|-damage|p1a: Kingambit|0 fnt
|-damage|p1b: Magmar|0 fnt
|faint|p1a: Kingambit
|faint|p1b: Magmar
|-damage|p2b: Ursaluna|72/100|[from] item: Life Orb
|
|upkeep
|
|t:|1757039322
|switch|p1b: Sneasler|Sneasler, L50, M|100/100
|switch|p1a: Dragapult|Dragapult, L50, M|100/100
|turn|4
|
|t:|1757039343
|-terastallize|p1a: Dragapult|Ghost
|move|p2a: Volcarona|Rage Powder|p2a: Volcarona
|-singleturn|p2a: Volcarona|move: Rage Powder
|move|p1a: Dragapult|Tera Blast|p2a: Volcarona|[anim] Tera Blast Ghost
|-damage|p2a: Volcarona|0 fnt
|faint|p2a: Volcarona
|move|p1b: Sneasler|Close Combat|p2b: Ursaluna
|-supereffective|p2b: Ursaluna
|-damage|p2b: Ursaluna|0 fnt
|-unboost|p1b: Sneasler|def|1
|-unboost|p1b: Sneasler|spd|1
|faint|p2b: Ursaluna
|
|upkeep
|
|t:|1757039352
|switch|p2a: Sneasler|Sneasler, L50, F|100/100
|switch|p2b: Indeedee|Indeedee, L50, M|100/100
|-fieldstart|move: Psychic Terrain|[from] ability: Psychic Surge|[of] p2b: Indeedee
|-enditem|p2a: Sneasler|Psychic Seed
|-boost|p2a: Sneasler|spd|1|[from] item: Psychic Seed
|turn|5
|inactive|MuseigenTest has 30 seconds left.
|inactive|MuseigenTest has 20 seconds left.
|inactive|MuseigenTest has 15 seconds left.
|inactive|MuseigenTest has 10 seconds left.
|inactive|MuseigenTest has 5 seconds left.
|
|t:|1757039404
|move|p2a: Sneasler|Protect|p2a: Sneasler
|-singleturn|p2a: Sneasler|Protect
|move|p2b: Indeedee|Expanding Force|p1a: Dragapult|[spread] p1a,p1b
|-supereffective|p1b: Sneasler
|-damage|p1a: Dragapult|20/100
|-enditem|p1b: Sneasler|Focus Sash
|-damage|p1b: Sneasler|1/100
|move|p1a: Dragapult|Tera Blast|p2a: Sneasler|[anim] Tera Blast Ghost
|-activate|p2a: Sneasler|move: Protect
|move|p1b: Sneasler|Close Combat|p2b: Indeedee
|-damage|p2b: Indeedee|0 fnt
|-unboost|p1b: Sneasler|def|1
|-unboost|p1b: Sneasler|spd|1
|faint|p2b: Indeedee
|
|upkeep
|turn|6
|
|t:|1757039426
|move|p2a: Sneasler|Throat Chop|p1a: Dragapult
|-supereffective|p1a: Dragapult
|-damage|p1a: Dragapult|0 fnt
|faint|p1a: Dragapult
|move|p1b: Sneasler|Dire Claw|p2a: Sneasler
|-resisted|p2a: Sneasler
|-damage|p2a: Sneasler|64/100
|
|upkeep
|turn|7
|
|t:|1757039436
|move|p2a: Sneasler|Close Combat|p1b: Sneasler
|-resisted|p1b: Sneasler
|-damage|p1b: Sneasler|0 fnt
|-unboost|p2a: Sneasler|def|1
|-unboost|p2a: Sneasler|spd|1
|faint|p1b: Sneasler
|
|win|MuseigenTest
|raw|TechBuster's rating: 1203 → 1187(-16 for losing)
|raw|MuseigenTest's rating: 1331 → 1344(+13 for winning)
|c|☆TechBuster|gg
|c|☆MuseigenTest|Gg
|c|☆MuseigenTest|have a good one
|c|☆TechBuster|u 2 man
|c|☆TechBuster|thank u
|l|☆TechBuster
|player|p1|
