|j|☆Oscarm92
|j|‽daniiivgc
|html|Oscarm92daniiivgc    
|uhtml|bestof|Game 1 of a best-of-3
|t:|1783698945
|gametype|doubles
|player|p1|Oscarm92|170|1424
|player|p2|daniiivgc|giovanni|1431
|gen|9
|tier|[Gen 9 Champions] VGC 2026 Reg M-B (Bo3)
|rated|
|rule|Species Clause: Limit one of each Pokémon
|rule|Item Clause: Limit 1 of each item
|clearpoke
|poke|p1|Charizard, L50, M, shiny|
|poke|p1|Aerodactyl, L50, F|
|poke|p1|Garchomp, L50, F, shiny|
|poke|p1|Kingambit, L50, F|
|poke|p1|Sylveon, L50, F|
|poke|p1|Farigiraf, L50, M|
|poke|p2|Charizard, L50, M|
|poke|p2|Venusaur, L50, M|
|poke|p2|Garchomp, L50, M|
|poke|p2|Incineroar, L50, M|
|poke|p2|Toxapex, L50, M|
|poke|p2|Annihilape, L50, M|
|teampreview|4
|showteam|p1|Charizard||CharizarditeY|Blaze|HeatWave,WeatherBall,SolarBeam,Protect|Modest||M|||50|]Aerodactyl||Aerodactylite|Unnerve|IceFang,RockSlide,Tailwind,DualWingbeat|Jolly||F|||50|]Garchomp||LifeOrb|RoughSkin|DragonClaw,StompingTantrum,Earthquake,Protect|Jolly||F|||50|]Kingambit||FocusSash|Defiant|SuckerPunch,KowtowCleave,IronHead,LowKick|Adamant||F|||50|]Sylveon||FairyFeather|Pixilate|QuickAttack,HyperVoice,HyperBeam,Protect|Modest||F|||50|]Farigiraf||SitrusBerry|ArmorTail|TrickRoom,Thunderbolt,Roar,PsychicFangs|Bold||M|||50|
|showteam|p2|Charizard||CharizarditeY|Blaze|HeatWave,WeatherBall,HelpingHand,Protect|Modest||M|||50|]Venusaur||LifeOrb|Chlorophyll|LeafStorm,SludgeBomb,EarthPower,Protect|Modest||M|||50|]Garchomp||ChoiceScarf|RoughSkin|DragonClaw,Earthquake,RockSlide,StompingTantrum|Adamant||M|||50|]Incineroar||SitrusBerry|Intimidate|FlareBlitz,ThroatChop,PartingShot,FakeOut|Impish||M|||50|]Toxapex||Leftovers|Regenerator|Toxic,Infestation,WideGuard,BanefulBunker|Bold||M|||50|]Annihilape||FocusSash|Defiant|PhantomForce,CloseCombat,RockTomb,Protect|Jolly||M|||50|
|inactive|Battle timer is ON: inactive players will automatically lose when time's up. (requested by daniiivgc)
|inactive|Oscarm92 has 60 seconds left.
|inactive|Oscarm92 has 30 seconds left.
|
|t:|1783699049
|teamsize|p1|4
|teamsize|p2|4
|start
|switch|p1a: Aerodactyl|Aerodactyl, L50, F|100/100
|switch|p1b: Kingambit|Kingambit, L50, F|100/100
|switch|p2a: Charizard|Charizard, L50, M|100/100
|switch|p2b: Venusaur|Venusaur, L50, M|100/100
|-ability|p1a: Aerodactyl|Unnerve
|turn|1
|inactive|Oscarm92 has 30 seconds left.
|
|t:|1783699075
|detailschange|p1a: Aerodactyl|Aerodactyl-Mega, L50, F
|-mega|p1a: Aerodactyl|Aerodactyl|Aerodactylite
|detailschange|p2a: Charizard|Charizard-Mega-Y, L50, M
|-mega|p2a: Charizard|Charizard|Charizardite Y
|-weather|SunnyDay|[from] ability: Drought|[of] p2a: Charizard
|move|p2a: Charizard|Helping Hand|p2b: Venusaur
|-singleturn|p2b: Venusaur|Helping Hand|[of] p2a: Charizard
|move|p2b: Venusaur|Leaf Storm|p1a: Aerodactyl
|-damage|p1a: Aerodactyl|0 fnt
|-unboost|p2b: Venusaur|spa|2
|faint|p1a: Aerodactyl
|-damage|p2b: Venusaur|90/100|[from] item: Life Orb
|move|p1b: Kingambit|Kowtow Cleave|p2b: Venusaur
|-damage|p2b: Venusaur|31/100
|
|-weather|SunnyDay|[upkeep]
|upkeep
|inactive|Oscarm92 has 30 seconds left.
|inactive|Oscarm92 has 20 seconds left.
|
|t:|1783699114
|switch|p1a: Garchomp|Garchomp, L50, F, shiny|100/100
|turn|2
|
|t:|1783699134
|move|p1b: Kingambit|Sucker Punch|p2a: Charizard
|-damage|p2a: Charizard|60/100
|move|p2b: Venusaur|Leaf Storm|p1a: Garchomp
|-damage|p1a: Garchomp|53/100
|-unboost|p2b: Venusaur|spa|2
|-damage|p2b: Venusaur|22/100|[from] item: Life Orb
|move|p1a: Garchomp|Stomping Tantrum|p2b: Venusaur
|-damage|p2b: Venusaur|0 fnt
|faint|p2b: Venusaur
|-damage|p1a: Garchomp|43/100|[from] item: Life Orb
|move|p2a: Charizard|Heat Wave|p1b: Kingambit|[spread] p1a,p1b
|-resisted|p1a: Garchomp|1
|-supereffective|p1b: Kingambit|1
|-damage|p1a: Garchomp|7/100
|-enditem|p1b: Kingambit|Focus Sash
|-damage|p1b: Kingambit|1/100
|-status|p1b: Kingambit|brn
|
|-weather|SunnyDay|[upkeep]
|-damage|p1b: Kingambit|0 fnt|[from] brn
|faint|p1b: Kingambit
|upkeep
|
|t:|1783699152
|switch|p2b: Garchomp|Garchomp, L50, M|100/100
|switch|p1b: Farigiraf|Farigiraf, L50, M|100/100
|turn|3
|
|t:|1783699172
|move|p2b: Garchomp|Earthquake|p1b: Farigiraf|[spread] p1a,p1b
|-immune|p2a: Charizard
|-damage|p1a: Garchomp|0 fnt
|-damage|p1b: Farigiraf|64/100
|faint|p1a: Garchomp
|move|p2a: Charizard|Weather Ball|p1b: Farigiraf
|-damage|p1b: Farigiraf|0 fnt
|faint|p1b: Farigiraf
|
|win|daniiivgc
||Oscarm92 is ready for game 2.
||daniiivgc is ready for game 2.
|uhtml|next|Next: Game 2 of 3
|l|‽daniiivgc
|player|p2|
