|j|☆Sincubii
|j|☆natemac11
|html|Sincubiinatemac11    
|uhtml|bestof|Game 1 of a best-of-3
|t:|1757774973
|gametype|doubles
|player|p1|Sincubii|palmer|1090
|player|p2|natemac11|2|1088
|gen|9
|tier|[Gen 9] VGC 2025 Reg H (Bo3)
|rated|
|rule|Species Clause: Limit one of each Pokémon
|rule|Item Clause: Limit 1 of each item
|clearpoke
|poke|p1|Weavile, L50, M|
|poke|p1|Weezing-Galar, L50, F|
|poke|p1|Tyranitar, L50, F|
|poke|p1|Dragonite, L50, F|
|poke|p1|Typhlosion-Hisui, L50, M|
|poke|p1|Toedscruel, L50, M|
|poke|p2|Clefable, L50, F|
|poke|p2|Lilligant-Hisui, L50, F|
|poke|p2|Torkoal, L50, M|
|poke|p2|Typhlosion-Hisui, L50, M|
|poke|p2|Hydreigon, L50, F|
|poke|p2|Garchomp, L50, M|
|teampreview|4
|showteam|p1|Weavile||LifeOrb|Pressure|FakeOut,IceSpinner,KnockOff,LowKick|||M|||50|,,,,,Ghost]Weezing-Galar||SafetyGoggles|NeutralizingGas|StrangeSteam,WillOWisp,Taunt,Protect|||F|||50|,,,,,Fire]Tyranitar||AssaultVest|SandStream|KnockOff,RockSlide,TeraBlast,LowKick|||F|||50|,,,,,Flying]Dragonite||LoadedDice|InnerFocus|Protect,ScaleShot,Tailwind,IronHead|||F|||50|,,,,,Steel]Typhlosion-Hisui||ChoiceScarf|Blaze|Eruption,HeatWave,ShadowBall,Overheat|||M|||50|,,,,,Fire]Toedscruel||FocusSash|MyceliumMight|Spore,EarthPower,LeafStorm,Protect|||M|||50|,,,,,Ground
|showteam|p2|Clefable||SitrusBerry|Unaware|FollowMe,Moonblast,SunnyDay,Protect|||F|||50|,,,,,Water]Lilligant-Hisui||FocusSash|Chlorophyll|SleepPowder,CloseCombat,AfterYou,SolarBlade|||F|||50|,,,,,Ghost]Torkoal||EjectPack|Drought|Eruption,Overheat,HelpingHand,Protect|||M|||50|,,,,,Fire]Typhlosion-Hisui||ChoiceSpecs|Blaze|Eruption,HeatWave,Overheat,ShadowBall|||M|||50|,,,,,Fire]Hydreigon||LifeOrb|Levitate|DarkPulse,DracoMeteor,Protect,HeatWave|||F|||50|,,,,,Fire]Garchomp||LoadedDice|RoughSkin|Earthquake,StompingTantrum,ScaleShot,Protect|||M|||50|,,,,,Ground
|inactive|Battle timer is ON: inactive players will automatically lose when time's up. (requested by Sincubii)
|inactive|Sincubii has 30 seconds left.
|inactive|natemac11 has 60 seconds left.
|inactive|Sincubii has 20 seconds left.
|
|t:|1757775055
|teamsize|p1|4
|teamsize|p2|4
|start
|switch|p1a: Weezing|Weezing-Galar, L50, F|100/100
|switch|p1b: Weavile|Weavile, L50, M|100/100
|switch|p2a: Hydreigon|Hydreigon, L50, F|100/100
|switch|p2b: Garchomp|Garchomp, L50, M|100/100
|-ability|p1a: Weezing|Neutralizing Gas
|turn|1
|inactive|Sincubii has 30 seconds left.
|inactive|natemac11 has 30 seconds left.
|inactive|Sincubii has 20 seconds left.
|inactive|natemac11 has 20 seconds left.
|inactive|Sincubii has 15 seconds left.
|inactive|natemac11 has 15 seconds left.
|
|t:|1757775098
|switch|p2a: Clefable|Clefable, L50, F|100/100
|-terastallize|p2b: Garchomp|Ground
|move|p1b: Weavile|Low Kick|p2a: Clefable
|-resisted|p2a: Clefable
|-damage|p2a: Clefable|89/100
|-damage|p1b: Weavile|91/100|[from] item: Life Orb
|move|p2b: Garchomp|Stomping Tantrum|p1a: Weezing
|-supereffective|p1a: Weezing
|-damage|p1a: Weezing|20/100
|move|p1a: Weezing|Will-O-Wisp|p2b: Garchomp
|-status|p2b: Garchomp|brn
|
|-damage|p2b: Garchomp|95/100 brn|[from] brn
|upkeep
|turn|2
|inactive|natemac11 has 30 seconds left.
|inactive|Sincubii has 30 seconds left.
|inactive|natemac11 has 20 seconds left.
|inactive|Sincubii has 20 seconds left.
|inactive|natemac11 has 15 seconds left.
|inactive|Sincubii has 15 seconds left.
|inactive|natemac11 has 10 seconds left.
|
|t:|1757775146
|move|p1b: Weavile|Ice Spinner|p2b: Garchomp
|-supereffective|p2b: Garchomp
|-damage|p2b: Garchomp|0 fnt
|faint|p2b: Garchomp
|-damage|p1b: Weavile|81/100|[from] item: Life Orb
|move|p2a: Clefable|Moonblast|p1a: Weezing
|-resisted|p1a: Weezing
|-damage|p1a: Weezing|1/100
|-unboost|p1a: Weezing|spa|1
|move|p1a: Weezing|Taunt|p2a: Clefable
|-start|p2a: Clefable|move: Taunt
|
|upkeep
|
|t:|1757775167
|switch|p2b: Hydreigon|Hydreigon, L50, F|100/100
|turn|3
|
|t:|1757775179
|move|p2b: Hydreigon|Protect|p2b: Hydreigon
|-singleturn|p2b: Hydreigon|Protect
|move|p1b: Weavile|Ice Spinner|p2b: Hydreigon
|-activate|p2b: Hydreigon|move: Protect
|move|p2a: Clefable|Moonblast|p1a: Weezing
|-resisted|p1a: Weezing
|-damage|p1a: Weezing|0 fnt
|faint|p1a: Weezing
|-end|p1a: Weezing|ability: Neutralizing Gas
|-ability|p1b: Weavile|Pressure
|
|upkeep
|
|t:|1757775187
|switch|p1a: Typhlosion|Typhlosion-Hisui, L50, M|100/100
|turn|4
|inactive|natemac11 has 30 seconds left.
|
|t:|1757775221
|-terastallize|p1a: Typhlosion|Fire
|move|p1a: Typhlosion|Eruption|p2b: Hydreigon|[spread] p2a,p2b
|-resisted|p2b: Hydreigon
|-crit|p2b: Hydreigon
|-damage|p2a: Clefable|19/100
|-damage|p2b: Hydreigon|37/100
|-enditem|p2a: Clefable|Sitrus Berry|[eat]
|-heal|p2a: Clefable|44/100|[from] item: Sitrus Berry
|move|p1b: Weavile|Ice Spinner|p2b: Hydreigon
|-supereffective|p2b: Hydreigon
|-damage|p2b: Hydreigon|0 fnt
|faint|p2b: Hydreigon
|-damage|p1b: Weavile|72/100|[from] item: Life Orb
|move|p2a: Clefable|Moonblast|p1b: Weavile
|-supereffective|p1b: Weavile
|-damage|p1b: Weavile|0 fnt
|faint|p1b: Weavile
|
|upkeep
|
|t:|1757775237
|switch|p1b: Big Boss|Dragonite, L50, F, shiny|100/100
|switch|p2b: Lilligant|Lilligant-Hisui, L50, F|100/100
|turn|5
|
|t:|1757775255
|move|p1a: Typhlosion|Eruption|p2b: Lilligant|[spread] p2a,p2b
|-supereffective|p2b: Lilligant
|-damage|p2a: Clefable|0 fnt
|-enditem|p2b: Lilligant|Focus Sash
|-damage|p2b: Lilligant|1/100
|faint|p2a: Clefable
|move|p2b: Lilligant|Sleep Powder|p1a: Typhlosion
|-status|p1a: Typhlosion|slp|[from] move: Sleep Powder
|move|p1b: Big Boss|Iron Head|p2b: Lilligant
|-damage|p2b: Lilligant|0 fnt
|faint|p2b: Lilligant
|
|win|Sincubii
|l|☆Sincubii
|player|p1|
|j|☆Sincubii
|player|p1|Sincubii|palmer|
||Sincubii is ready for game 2.
|inactive|natemac11 has 30 seconds to confirm battle start!
||natemac11 is ready for game 2.
|uhtml|next|Next: Game 2 of 3
