|j|☆bartcr0987
|j|☆ShuroroA
|html|bartcr0987ShuroroA    
|uhtml|bestof|Game 2 of a best-of-3
|t:|1756488172
|gametype|doubles
|player|p1|bartcr0987|lance|
|player|p2|ShuroroA|101|
|gen|9
|tier|[Gen 9] VGC 2025 Reg H (Bo3)
|rule|Species Clause: Limit one of each Pokémon
|rule|Item Clause: Limit 1 of each item
|clearpoke
|poke|p1|Kingambit, L50, M|
|poke|p1|Electabuzz, L50, M|
|poke|p1|Sneasler, L50, M|
|poke|p1|Ursaluna-Bloodmoon, L50, M|
|poke|p1|Dragonite, L50, M|
|poke|p1|Rillaboom, L50, F|
|poke|p2|Dragonite, L50, M|
|poke|p2|Clefable, L50, F|
|poke|p2|Dondozo, L50, F|
|poke|p2|Annihilape, L50, F|
|poke|p2|Kingambit, L50, F|
|poke|p2|Tatsugiri, L50, M|
|teampreview|4
|showteam|p1|Kingambit||DreadPlate|Defiant|KowtowCleave,SuckerPunch,SwordsDance,Protect|||M|||50|,,,,,Dark]Electabuzz||Eviolite|VitalSpirit|Electroweb,FollowMe,Taunt,Protect|||M|||50|,,,,,Fairy]Sneasler||FocusSash|Unburden|CloseCombat,DireClaw,FakeOut,Protect|||M|||50|,,,,,Stellar]Ursaluna-Bloodmoon||LifeOrb|MindsEye|BloodMoon,HyperVoice,EarthPower,Protect|||M|||50|,,,,,Ghost]Dragonite||LoadedDice|Multiscale|ScaleShot,Haze,Protect,Tailwind|||M|||50|,,,,,Fairy]Rillaboom||AssaultVest|GrassySurge|FakeOut,GrassyGlide,WoodHammer,HighHorsepower|||F|||50|,,,,,Fire
|showteam|p2|Dragonite||AssaultVest|InnerFocus|StompingTantrum,ExtremeSpeed,IceSpinner,TeraBlast|||M|||50|,,,,,Flying]Clefable||SafetyGoggles|Unaware|Moonblast,Protect,HelpingHand,FollowMe|||F|||50|,,,,,Steel]Dondozo||Leftovers|Unaware|Earthquake,WaveCrash,Protect,OrderUp|||F|||50|,,,,,Grass]Annihilape||ChoiceScarf|Defiant|FinalGambit,CloseCombat,Coaching,Uturn|||F|||50|,,,,,Grass]Kingambit||BlackGlasses|Defiant|Protect,SuckerPunch,IronHead,KowtowCleave|||F|||50|,,,,,Dark]Tatsugiri||FocusSash|Commander|DracoMeteor,Protect,Taunt,MuddyWater|||M|||50|,,,,,Steel
|inactive|Battle timer is ON: inactive players will automatically lose when time's up. (requested by bartcr0987)
|inactive|ShuroroA has 60 seconds left.
|inactive|ShuroroA has 30 seconds left.
|inactive|ShuroroA has 20 seconds left.
|inactive|ShuroroA has 15 seconds left.
|
|t:|1756488261
|teamsize|p1|4
|teamsize|p2|4
|start
|switch|p1a: Sneasler|Sneasler, L50, M, shiny|100/100
|switch|p1b: Dragonite|Dragonite, L50, M|100/100
|switch|p2a: Clefable|Clefable, L50, F|100/100
|switch|p2b: Dragonite|Dragonite, L50, M|100/100
|turn|1
|inactive|bartcr0987 has 30 seconds left.
|inactive|ShuroroA has 30 seconds left.
|
|t:|1756488294
|-terastallize|p1b: Dragonite|Fairy
|-terastallize|p2a: Clefable|Steel
|move|p1a: Sneasler|Fake Out|p2a: Clefable
|-resisted|p2a: Clefable
|-damage|p2a: Clefable|96/100
|cant|p2a: Clefable|flinch
|move|p2b: Dragonite|Ice Spinner|p1b: Dragonite
|-damage|p1b: Dragonite|87/100
|move|p1b: Dragonite|Scale Shot|p2b: Dragonite
|-supereffective|p2b: Dragonite
|-damage|p2b: Dragonite|72/100
|-supereffective|p2b: Dragonite
|-damage|p2b: Dragonite|44/100
|-supereffective|p2b: Dragonite
|-damage|p2b: Dragonite|17/100
|-supereffective|p2b: Dragonite
|-damage|p2b: Dragonite|0 fnt
|faint|p2b: Dragonite
|-hitcount|p2: Dragonite|4
|-unboost|p1b: Dragonite|def|1
|-boost|p1b: Dragonite|spe|1
|
|upkeep
|
|t:|1756488304
|switch|p2b: Annihilape|Annihilape, L50, F|100/100
|turn|2
|inactive|bartcr0987 has 30 seconds left.
|inactive|ShuroroA has 30 seconds left.
|inactive|ShuroroA has 20 seconds left.
|
|t:|1756488342
|move|p1b: Dragonite|Protect|p1b: Dragonite
|-singleturn|p1b: Dragonite|Protect
|move|p2b: Annihilape|Close Combat|p1a: Sneasler
|-resisted|p1a: Sneasler
|-damage|p1a: Sneasler|59/100
|-unboost|p2b: Annihilape|def|1
|-unboost|p2b: Annihilape|spd|1
|move|p1a: Sneasler|Close Combat|p2a: Clefable
|-supereffective|p2a: Clefable
|-damage|p2a: Clefable|0 fnt
|-unboost|p1a: Sneasler|def|1
|-unboost|p1a: Sneasler|spd|1
|faint|p2a: Clefable
|
|upkeep
|
|t:|1756488351
|switch|p2a: Dondozo|Dondozo, L50, F|100/100
|turn|3
|inactive|bartcr0987 has 30 seconds left.
|inactive|bartcr0987 has 20 seconds left.
|inactive|bartcr0987 has 15 seconds left.
|
|t:|1756488396
|move|p2b: Annihilape|Close Combat|p1a: Sneasler
|-resisted|p1a: Sneasler
|-damage|p1a: Sneasler|0 fnt
|-unboost|p2b: Annihilape|def|1
|-unboost|p2b: Annihilape|spd|1
|faint|p1a: Sneasler
|move|p1b: Dragonite|Scale Shot|p2b: Annihilape
|-damage|p2b: Annihilape|74/100
|-damage|p2b: Annihilape|47/100
|-damage|p2b: Annihilape|19/100
|-damage|p2b: Annihilape|0 fnt
|faint|p2b: Annihilape
|-hitcount|p2: Annihilape|4
|-unboost|p1b: Dragonite|def|1
|-boost|p1b: Dragonite|spe|1
|move|p2a: Dondozo|Wave Crash|p1b: Dragonite
|-damage|p1b: Dragonite|43/100
|-damage|p2a: Dondozo|89/100|[from] Recoil
|
|-heal|p2a: Dondozo|95/100|[from] item: Leftovers
|upkeep
|
|t:|1756488415
|switch|p1a: Ursaluna|Ursaluna-Bloodmoon, L50, M|100/100
|turn|4
|
|t:|1756488432
|move|p1b: Dragonite|Tailwind|p1b: Dragonite
|-sidestart|p1: bartcr0987|move: Tailwind
|move|p1a: Ursaluna|Blood Moon|p2a: Dondozo
|-damage|p2a: Dondozo|0 fnt
|faint|p2a: Dondozo
|-damage|p1a: Ursaluna|91/100|[from] item: Life Orb
|
|win|bartcr0987
|c|☆ShuroroA|gg u.u xD
|l|☆ShuroroA
|player|p2|
