|j|☆closerthebestop
|j|☆starlight74
|html|closerthebestopstarlight74    
|uhtml|bestof|Game 1 of a best-of-3
|t:|1784257986
|gametype|doubles
|player|p1|closerthebestop|veteran|1360
|player|p2|starlight74|anabel-gen7|1474
|gen|9
|tier|[Gen 9 Champions] VGC 2026 Reg M-B (Bo3)
|rated|
|rule|Species Clause: Limit one of each Pokémon
|rule|Item Clause: Limit 1 of each item
|clearpoke
|poke|p1|Froslass, L50, F|
|poke|p1|Dragonite, L50, M|
|poke|p1|Toxapex, L50, F|
|poke|p1|Sneasler, L50, F|
|poke|p1|Kingambit, L50, F|
|poke|p1|Blaziken, L50, F|
|poke|p2|Metagross, L50, shiny|
|poke|p2|Sneasler, L50, F|
|poke|p2|Incineroar, L50, F|
|poke|p2|Lycanroc-Dusk, L50, F|
|poke|p2|Hydreigon, L50, F|
|poke|p2|Floette-Eternal, L50, F|
|teampreview|4
|showteam|p1|Froslass||Froslassite|CursedBody|Blizzard,ShadowBall,AuroraVeil,Protect|Timid||F|||50|]Dragonite||LifeOrb|InnerFocus|DragonClaw,ExtremeSpeed,LowKick,Protect|Adamant||M|||50|]Toxapex||Leftovers|Regenerator|Infestation,Toxic,WideGuard,BanefulBunker|Bold||F|||50|]Sneasler||FocusSash|PoisonTouch|CloseCombat,PoisonJab,FakeOut,Protect|Jolly||F|||50|]Kingambit||BlackGlasses|Defiant|KowtowCleave,IronHead,SuckerPunch,Protect|Adamant||F|||50|]Blaziken||Blazikenite|SpeedBoost|FlareBlitz,CloseCombat,Detect,RockSlide|Adamant||F|||50|
|showteam|p2|Metagross||Metagrossite|ClearBody|PsychicFangs,BulletPunch,Substitute,Protect|Jolly|||||50|]Sneasler||WhiteHerb|Unburden|CloseCombat,DireClaw,FakeOut,Protect|Jolly||F|||50|]Incineroar||SitrusBerry|Intimidate|FlareBlitz,PartingShot,HelpingHand,FakeOut|Impish||F|||50|]Lycanroc-Dusk||FocusSash|ToughClaws|Accelerock,CloseCombat,RockSlide,Protect|Jolly||F|||50|]Hydreigon||ChoiceScarf|Levitate|DarkPulse,DracoMeteor,HeatWave,Snarl|Timid||F|||50|]Floette-Eternal||Floettite|FlowerVeil|DazzlingGleam,DrainingKiss,CalmMind,Protect|Timid||F|||50|
|inactive|Battle timer is ON: inactive players will automatically lose when time's up. (requested by starlight74)
|inactive|closerthebestop also wants the timer to be on.
|j| yeetio.qwertio
|inactive|closerthebestop has 60 seconds left.
|inactive|starlight74 has 60 seconds left.
|
|t:|1784258030
|teamsize|p1|4
|teamsize|p2|4
|start
|switch|p1a: Sneasler|Sneasler, L50, F|100/100
|switch|p1b: Toxapex|Toxapex, L50, F|100/100
|switch|p2a: Metagross|Metagross, L50, shiny|100/100
|switch|p2b: Lycanroc|Lycanroc-Dusk, L50, F|100/100
|turn|1
|
|t:|1784258053
|switch|p2b: Incineroar|Incineroar, L50, F|100/100
|-ability|p2b: Incineroar|Intimidate|boost
|-unboost|p1a: Sneasler|atk|1
|-unboost|p1b: Toxapex|atk|1
|move|p2a: Metagross|Protect|p2a: Metagross
|-singleturn|p2a: Metagross|Protect
|move|p1a: Sneasler|Fake Out|p2a: Metagross
|-activate|p2a: Metagross|move: Protect
|move|p1b: Toxapex|Infestation|p2b: Incineroar
|-damage|p2b: Incineroar|97/100
|-activate|p2b: Incineroar|move: Infestation|[of] p1b: Toxapex
|
|-damage|p2b: Incineroar|84/100|[from] move: Infestation|[partiallytrapped]
|upkeep
|turn|2
|inactive|closerthebestop has 30 seconds left.
|l| yeetio.qwertio
|
|t:|1784258085
|switch|p1b: Blaziken|Blaziken, L50, F|100/100
|detailschange|p2a: Metagross|Metagross-Mega, L50, shiny
|-mega|p2a: Metagross|Metagross|Metagrossite
|move|p1a: Sneasler|Protect|p1a: Sneasler
|-singleturn|p1a: Sneasler|Protect
|move|p2b: Incineroar|Fake Out|p1a: Sneasler
|-activate|p1a: Sneasler|move: Protect
|move|p2a: Metagross|Substitute|p2a: Metagross
|-start|p2a: Metagross|Substitute
|-damage|p2a: Metagross|75/100
|
|-end|p2b: Incineroar|Infestation|[partiallytrapped]|[silent]
|upkeep
|turn|3
|
|t:|1784258110
|switch|p1a: Kingambit|Kingambit, L50, F|100/100
|switch|p2b: Sneasler|Sneasler, L50, F|100/100
|move|p1b: Blaziken|Detect|p1b: Blaziken
|-singleturn|p1b: Blaziken|Protect
|move|p2a: Metagross|Psychic Fangs|p1b: Blaziken
|-activate|p1b: Blaziken|move: Protect
|
|-ability|p1b: Blaziken|Speed Boost|boost
|-boost|p1b: Blaziken|spe|1
|upkeep
|turn|4
|
|t:|1784258129
|detailschange|p1b: Blaziken|Blaziken-Mega, L50, F
|-mega|p1b: Blaziken|Blaziken|Blazikenite
|move|p2b: Sneasler|Fake Out|p1b: Blaziken
|-damage|p1b: Blaziken|82/100
|move|p1a: Kingambit|Sucker Punch|p2a: Metagross
|-supereffective|p2a: Metagross|1
|-end|p2a: Metagross|Substitute
|cant|p1b: Blaziken|flinch
|move|p2a: Metagross|Psychic Fangs|p1b: Blaziken
|-supereffective|p1b: Blaziken|1
|-damage|p1b: Blaziken|0 fnt
|faint|p1b: Blaziken
|
|upkeep
|-message|closerthebestop forfeited.
|
|win|starlight74
