|j|☆AstroGroundz
|j|☆Oriozz
|html|AstroGroundzOriozz    
|uhtml|bestof|Game 2 of a best-of-3
|t:|1783058079
|gametype|doubles
|player|p1|AstroGroundz|jogger|1070
|player|p2|Oriozz|1|1074
|gen|9
|tier|[Gen 9 Champions] VGC 2026 Reg M-B (Bo3)
|rated|
|rule|Species Clause: Limit one of each Pokémon
|rule|Item Clause: Limit 1 of each item
|clearpoke
|poke|p1|Gengar, L50, F|
|poke|p1|Metagross, L50, shiny|
|poke|p1|Hydreigon, L50, M|
|poke|p1|Grimmsnarl, L50, M, shiny|
|poke|p1|Whimsicott, L50, F, shiny|
|poke|p1|Sneasler, L50, M|
|poke|p2|Kingambit, L50, M|
|poke|p2|Floette-Eternal, L50, F|
|poke|p2|Sneasler, L50, M|
|poke|p2|Incineroar, L50, F|
|poke|p2|Garchomp, L50, F|
|poke|p2|Sinistcha, L50|
|teampreview|4
|showteam|p1|Gengar||Gengarite|CursedBody|ShadowBall,SludgeBomb,Disable,Protect|Timid||F|||50|]Metagross||Metagrossite|ClearBody|IronHead,PsychicFangs,StompingTantrum,Protect|Adamant|||||50|]Hydreigon||LifeOrb|Levitate|DracoMeteor,DarkPulse,Tailwind,Protect|Timid||M|||50|]Grimmsnarl||LightClay|Prankster|SpiritBreak,LightScreen,Reflect,PartingShot|Careful||M|||50|]Whimsicott||FocusSash|Prankster|Moonblast,Encore,Tailwind,Taunt|Bold||F|||50|]Sneasler||WhiteHerb|Unburden|CloseCombat,DireClaw,FakeOut,Protect|Jolly||M|||50|
|showteam|p2|Kingambit||ChopleBerry|Defiant|KowtowCleave,Protect,SuckerPunch,IronHead|Adamant||M|||50|]Floette-Eternal||Floettite|FlowerVeil|DazzlingGleam,DrainingKiss,Protect,CalmMind|Bold||F|||50|]Sneasler||FocusSash|Unburden|FakeOut,DireClaw,CloseCombat,Coaching|Jolly||M|||50|]Incineroar||Leftovers|Intimidate|FakeOut,FlareBlitz,PartingShot,HelpingHand|Careful||F|||50|]Garchomp||Garchompite|RoughSkin|Earthquake,StompingTantrum,RockSlide,Protect|Adamant||F|||50|]Sinistcha||SitrusBerry|Hospitality|Protect,MatchaGotcha,TrickRoom,RagePowder|Bold|||||50|
|inactive|Battle timer is ON: inactive players will automatically lose when time's up. (requested by AstroGroundz)
|inactive|Oriozz has 60 seconds left.
|
|t:|1783058133
|teamsize|p1|4
|teamsize|p2|4
|start
|switch|p1a: Karma|Grimmsnarl, L50, M, shiny|100/100
|switch|p1b: Ginger|Gengar, L50, F|100/100
|switch|p2a: Garchomp|Garchomp, L50, F|100/100
|switch|p2b: Sinistcha|Sinistcha, L50|100/100
|turn|1
|inactive|Oriozz has 30 seconds left.
|
|t:|1783058163
|detailschange|p2a: Garchomp|Garchomp-Mega, L50, F
|-mega|p2a: Garchomp|Garchomp|Garchompite
|move|p1b: Ginger|Protect|p1b: Ginger
|-singleturn|p1b: Ginger|Protect
|move|p1a: Karma|Reflect|p1a: Karma
|-sidestart|p1: AstroGroundz|Reflect
|move|p2a: Garchomp|Earthquake|p1b: Ginger|[spread] p2b,p1a
|-activate|p1b: Ginger|move: Protect
|-resisted|p2b: Sinistcha|1
|-damage|p2b: Sinistcha|80/100
|-damage|p1a: Karma|65/100
|move|p2b: Sinistcha|Trick Room|p2b: Sinistcha
|-fieldstart|move: Trick Room|[of] p2b: Sinistcha
|
|upkeep
|turn|2
|inactive|Oriozz has 30 seconds left.
|
|t:|1783058188
|switch|p1b: Whimsy|Whimsicott, L50, F, shiny|100/100
|move|p2b: Sinistcha|Rage Powder|p2b: Sinistcha
|-singleturn|p2b: Sinistcha|move: Rage Powder
|move|p1a: Karma|Parting Shot|p2b: Sinistcha
|-unboost|p2b: Sinistcha|atk|1
|-unboost|p2b: Sinistcha|spa|1
|-message|AstroGroundz forfeited.
|raw|AstroGroundz's rating: 1070 → 1050(-20 for losing)
|raw|Oriozz's rating: 1074 → 1103(+29 for winning)
|
|win|Oriozz
|l|☆AstroGroundz
|player|p1|
