|j|☆InTheTemple
|j|☆endK649
|html|InTheTempleendK649    
|uhtml|bestof|Game 1 of a best-of-3
|t:|1757699428
|gametype|doubles
|player|p1|InTheTemple|pokemonranger-gen4|1219
|player|p2|endK649|gambler|1169
|gen|9
|tier|[Gen 9] VGC 2025 Reg H (Bo3)
|rated|
|rule|Species Clause: Limit one of each Pokémon
|rule|Item Clause: Limit 1 of each item
|clearpoke
|poke|p1|Amoonguss, L50, F|
|poke|p1|Incineroar, L50, F|
|poke|p1|Porygon2, L50|
|poke|p1|Ursaluna, L50, F|
|poke|p1|Hydreigon, L50, M|
|poke|p1|Annihilape, L50, F|
|poke|p2|Feraligatr, L50, F|
|poke|p2|Volcarona, L50, M|
|poke|p2|Electabuzz, L50, M|
|poke|p2|Rillaboom, L50, F|
|poke|p2|Sneasler, L50, F|
|poke|p2|Kingambit, L50, M|
|teampreview|4
|showteam|p1|Amoonguss||SitrusBerry|Regenerator|ClearSmog,PollenPuff,Spore,RagePowder|||F|||50|,,,,,Water]Incineroar||AssaultVest|Intimidate|FakeOut,KnockOff,FlareBlitz,Uturn|||F|||50|,,,,,Grass]Porygon2||Eviolite|Download|TeraBlast,IceBeam,Recover,TrickRoom||||||50|,,,,,Fighting]Ursaluna||FlameOrb|Guts|Facade,HeadlongRush,Earthquake,Protect|||F|||50|,,,,,Fairy]Hydreigon||SafetyGoggles|Levitate|DracoMeteor,Snarl,Taunt,Protect|||M|||50|,,,,,Ghost]Annihilape||FocusSash|Defiant|CloseCombat,RageFist,BrickBreak,Coaching|||F|||50|,,,,,Fire
|showteam|p2|Feraligatr||LifeOrb|SheerForce|Liquidation,IcePunch,DragonDance,Protect|||F|||50|,,,,,Poison]Volcarona||CovertCloak|FlameBody|HeatWave,TeraBlast,QuiverDance,Protect|||M|||50|,,,,,Fairy]Electabuzz||Eviolite|VitalSpirit|Thunderbolt,Taunt,FollowMe,Protect|||M|||50|,,,,,Ghost]Rillaboom||AssaultVest|GrassySurge|WoodHammer,GrassyGlide,HighHorsepower,FakeOut|||F|||50|,,,,,Water]Sneasler||FocusSash|Unburden|DireClaw,CloseCombat,Coaching,FakeOut|||F|||50|,,,,,Ghost]Kingambit||SafetyGoggles|Defiant|KowtowCleave,SuckerPunch,SwordsDance,Protect|||M|||50|,,,,,Fire
|
|t:|1757699469
|teamsize|p1|4
|teamsize|p2|4
|start
|switch|p1a: Annihilape|Annihilape, L50, F|100/100
|switch|p1b: Ursaluna|Ursaluna, L50, F|100/100
|switch|p2a: Volcarona|Volcarona, L50, M, shiny|100/100
|switch|p2b: Electabuzz|Electabuzz, L50, M, shiny|100/100
|turn|1
|
|t:|1757699487
|move|p1a: Annihilape|Coaching|p1b: Ursaluna
|-boost|p1b: Ursaluna|atk|1
|-boost|p1b: Ursaluna|def|1
|move|p2b: Electabuzz|Taunt|p1a: Annihilape
|-start|p1a: Annihilape|move: Taunt
|move|p2a: Volcarona|Quiver Dance|p2a: Volcarona
|-boost|p2a: Volcarona|spa|1
|-boost|p2a: Volcarona|spd|1
|-boost|p2a: Volcarona|spe|1
|move|p1b: Ursaluna|Earthquake|p2a: Volcarona|[spread] p1a,p2a,p2b
|-supereffective|p2b: Electabuzz
|-crit|p2b: Electabuzz
|-damage|p1a: Annihilape|37/100
|-damage|p2a: Volcarona|25/100
|-damage|p2b: Electabuzz|0 fnt
|faint|p2b: Electabuzz
|
|-status|p1b: Ursaluna|brn|[from] item: Flame Orb
|upkeep
|
|t:|1757699499
|switch|p2b: Rillaboom|Rillaboom, L50, F, shiny|100/100
|-fieldstart|move: Grassy Terrain|[from] ability: Grassy Surge|[of] p2b: Rillaboom
|turn|2
|
|t:|1757699510
|switch|p1a: Amoonguss|Amoonguss, L50, F|100/100
|move|p1b: Ursaluna|Protect|p1b: Ursaluna
|-singleturn|p1b: Ursaluna|Protect
|move|p2a: Volcarona|Heat Wave|p1b: Ursaluna|[spread] p1a
|-activate|p1b: Ursaluna|move: Protect
|-supereffective|p1a: Amoonguss
|-damage|p1a: Amoonguss|4/100
|-enditem|p1a: Amoonguss|Sitrus Berry|[eat]
|-heal|p1a: Amoonguss|29/100|[from] item: Sitrus Berry
|move|p2b: Rillaboom|Wood Hammer|p1b: Ursaluna
|-activate|p1b: Ursaluna|move: Protect
|
|-heal|p2a: Volcarona|32/100|[from] Grassy Terrain
|-heal|p1a: Amoonguss|35/100|[from] Grassy Terrain
|-damage|p1b: Ursaluna|94/100 brn|[from] brn
|upkeep
|turn|3
|inactive|Battle timer is ON: inactive players will automatically lose when time's up. (requested by endK649)
|
|t:|1757699528
|switch|p1a: Annihilape|Annihilape, L50, F|37/100
|-terastallize|p1b: Ursaluna|Fairy
|move|p2a: Volcarona|Heat Wave|p1b: Ursaluna|[spread] p1a,p1b
|-damage|p1a: Annihilape|0 fnt
|-damage|p1b: Ursaluna|54/100 brn
|faint|p1a: Annihilape
|move|p2b: Rillaboom|Wood Hammer|p1b: Ursaluna
|-damage|p1b: Ursaluna|14/100 brn
|-damage|p2b: Rillaboom|86/100|[from] Recoil
|move|p1b: Ursaluna|Facade|p2b: Rillaboom
|-damage|p2b: Rillaboom|0 fnt
|faint|p2b: Rillaboom
|
|-heal|p2a: Volcarona|38/100|[from] Grassy Terrain
|-heal|p1b: Ursaluna|20/100 brn|[from] Grassy Terrain
|-damage|p1b: Ursaluna|14/100 brn|[from] brn
|upkeep
|
|t:|1757699536
|switch|p1a: Porygon2|Porygon2, L50|100/100
|switch|p2b: Sneasler|Sneasler, L50, F, shiny|100/100
|-ability|p1a: Porygon2|Download|boost
|-boost|p1a: Porygon2|atk|1
|turn|4
|
|t:|1757699552
|switch|p1a: Amoonguss|Amoonguss, L50, F|68/100
|move|p2b: Sneasler|Fake Out|p1a: Amoonguss
|-damage|p1a: Amoonguss|56/100
|move|p2a: Volcarona|Heat Wave|p1b: Ursaluna|[spread] p1a,p1b
|-supereffective|p1a: Amoonguss
|-damage|p1a: Amoonguss|0 fnt
|-damage|p1b: Ursaluna|0 fnt
|faint|p1a: Amoonguss
|faint|p1b: Ursaluna
|
|-heal|p2a: Volcarona|44/100|[from] Grassy Terrain
|upkeep
|-message|InTheTemple forfeited.
|
|win|endK649
||endK649 is ready for game 2.
||InTheTemple is ready for game 2.
|uhtml|next|Next: Game 2 of 3
