|j|☆Practibot
|j|☆N0NAME1
|html|PractibotN0NAME1    
|uhtml|bestof|Game 1 of a best-of-3
|t:|1756151753
|gametype|doubles
|player|p1|Practibot|bugcatcher-gen4dp|1131
|player|p2|N0NAME1|steven|1102
|gen|9
|tier|[Gen 9] VGC 2025 Reg H (Bo3)
|rated|
|rule|Species Clause: Limit one of each Pokémon
|rule|Item Clause: Limit 1 of each item
|clearpoke
|poke|p1|Dragapult, L50, F|
|poke|p1|Volcarona, L50, M|
|poke|p1|Weezing-Galar, L50, F|
|poke|p1|Incineroar, L50, F|
|poke|p1|Toedscruel, L50, F|
|poke|p1|Smeargle, L50, M|
|poke|p2|Dondozo, L50, M|
|poke|p2|Tatsugiri, L50, F|
|poke|p2|Incineroar, L50, F|
|poke|p2|Rillaboom, L50, F|
|poke|p2|Spiritomb, L50, M|
|poke|p2|Dragapult, L50, F|
|teampreview|4
|showteam|p1|Dragapult||ChoiceBand|ClearBody|DragonDarts,PhantomForce,Outrage,Uturn|||F|||50|,,,,,Dragon]Volcarona||Leftovers|FlameBody|TeraBlast,HeatWave,QuiverDance,Protect|||M|||50|,,,,,Fairy]Weezing-Galar||ChoiceSpecs|NeutralizingGas|StrangeSteam,SludgeBomb,DazzlingGleam,Flamethrower|||F|||50|,,,,,Fire]Incineroar||AbilityShield|Intimidate|FakeOut,PartingShot,KnockOff,FlareBlitz|||F|||50|,,,,,Grass]Toedscruel||CovertCloak|MyceliumMight|Spore,AcidSpray,EarthPower,RagePowder|||F|||50|,,,,,Ground]Smeargle||FocusSash|OwnTempo|FakeOut,SpicyExtract,FollowMe,Spore|||M|||50|,,,,,Ghost
|showteam|p2|Dondozo||Leftovers|Unaware|Protect,Yawn,OrderUp,Liquidation|||M|||50|,,,,,Fire]Tatsugiri||ChoiceScarf|Commander|DracoMeteor,HydroPump,DragonCheer,IcyWind|||F|||50|,,,,,Dragon]Incineroar||SafetyGoggles|Intimidate|FakeOut,PartingShot,Taunt,KnockOff|||F|||50|,,,,,Bug]Rillaboom||AssaultVest|GrassySurge|FakeOut,Uturn,GrassyGlide,WoodHammer|||F|||50|,,,,,Water]Spiritomb||SitrusBerry|Infiltrator|TrickRoom,WillOWisp,ShadowBall,Snarl|||M|||50|,,,,,Poison]Dragapult||ChoiceBand|ClearBody|DragonDarts,PhantomForce,Outrage,Uturn|||F|||50|,,,,,Dragon
|inactive|Battle timer is ON: inactive players will automatically lose when time's up. (requested by N0NAME1)
|inactive|Practibot has 60 seconds left.
|
|t:|1756151790
|teamsize|p1|4
|teamsize|p2|4
|start
|switch|p1a: Incineroar|Incineroar, L50, F|100/100
|switch|p1b: Weezing|Weezing-Galar, L50, F|100/100
|switch|p2a: Dragapult|Dragapult, L50, F|100/100
|switch|p2b: Spiritomb|Spiritomb, L50, M|100/100
|-ability|p1b: Weezing|Neutralizing Gas
|-block|p1a: Incineroar|item: Ability Shield
|-ability|p1a: Incineroar|Intimidate|boost
|-unboost|p2a: Dragapult|atk|1
|-unboost|p2b: Spiritomb|atk|1
|turn|1
|inactive|N0NAME1 has 30 seconds left.
|
|t:|1756151820
|-terastallize|p2a: Dragapult|Dragon
|move|p2a: Dragapult|Dragon Darts|p1a: Incineroar
|-damage|p1a: Incineroar|68/100
|-anim|p2a: Dragapult|Dragon Darts|p1a: Incineroar
|-damage|p1a: Incineroar|40/100
|move|p1b: Weezing|Dazzling Gleam|p2b: Spiritomb|[spread] p2a,p2b
|-supereffective|p2a: Dragapult
|-supereffective|p2b: Spiritomb
|-damage|p2a: Dragapult|1/100
|-damage|p2b: Spiritomb|50/100
|-enditem|p2b: Spiritomb|Sitrus Berry|[eat]
|-heal|p2b: Spiritomb|74/100|[from] item: Sitrus Berry
|move|p1a: Incineroar|Knock Off|p2b: Spiritomb
|-damage|p2b: Spiritomb|44/100
|move|p2b: Spiritomb|Will-O-Wisp|p1b: Weezing
|-status|p1b: Weezing|brn
|
|-damage|p1b: Weezing|94/100 brn|[from] brn
|upkeep
|turn|2
|inactive|Practibot has 30 seconds left.
|
|t:|1756151851
|move|p2a: Dragapult|Dragon Darts|p1a: Incineroar
|-damage|p1a: Incineroar|9/100
|-anim|p2a: Dragapult|Dragon Darts|p1a: Incineroar
|-damage|p1a: Incineroar|0 fnt
|faint|p1a: Incineroar
|move|p1b: Weezing|Dazzling Gleam|p2b: Spiritomb|[spread] p2a,p2b
|-supereffective|p2a: Dragapult
|-supereffective|p2b: Spiritomb
|-damage|p2a: Dragapult|0 fnt
|-damage|p2b: Spiritomb|0 fnt
|faint|p2a: Dragapult
|faint|p2b: Spiritomb
|
|-damage|p1b: Weezing|88/100 brn|[from] brn
|upkeep
|
|t:|1756151864
|switch|p2a: Dondozo|Dondozo, L50, M|100/100
|switch|p1a: Toedscruel|Toedscruel, L50, F|100/100
|switch|p2b: Tatsugiri|Tatsugiri, L50, F|100/100
|turn|3
|
|t:|1756151885
|move|p2b: Tatsugiri|Icy Wind|p1a: Toedscruel|[spread] p1a,p1b
|-supereffective|p1a: Toedscruel
|-damage|p1a: Toedscruel|53/100
|-damage|p1b: Weezing|68/100 brn
|-unboost|p1b: Weezing|spe|1
|move|p1a: Toedscruel|Spore|p2a: Dondozo
|-status|p2a: Dondozo|slp|[from] move: Spore
|move|p1b: Weezing|Dazzling Gleam|p2a: Dondozo|[spread] p2a,p2b
|-crit|p2a: Dondozo
|-supereffective|p2b: Tatsugiri
|-damage|p2a: Dondozo|54/100 slp
|-damage|p2b: Tatsugiri|8/100
|cant|p2a: Dondozo|slp
|
|-heal|p2a: Dondozo|60/100 slp|[from] item: Leftovers
|-damage|p1b: Weezing|62/100 brn|[from] brn
|upkeep
|turn|4
|
|t:|1756151905
|move|p2b: Tatsugiri|Icy Wind|p1a: Toedscruel|[spread] p1a,p1b
|-supereffective|p1a: Toedscruel
|-damage|p1a: Toedscruel|8/100
|-damage|p1b: Weezing|43/100 brn
|-unboost|p1b: Weezing|spe|1
|move|p1a: Toedscruel|Acid Spray|p2a: Dondozo
|-damage|p2a: Dondozo|52/100 slp
|-unboost|p2a: Dondozo|spd|2
|move|p1b: Weezing|Dazzling Gleam|p2b: Tatsugiri|[spread] p2a,p2b
|-supereffective|p2b: Tatsugiri
|-damage|p2a: Dondozo|0 fnt
|-damage|p2b: Tatsugiri|0 fnt
|faint|p2a: Dondozo
|faint|p2b: Tatsugiri
|
|win|Practibot
