|j|☆bumbumsujo
|j|☆failandimprove3
|html|bumbumsujofailandimprove3    
|uhtml|bestof|Game 1 of a best-of-3
|t:|1784318355
|gametype|doubles
|player|p1|bumbumsujo|lucas|1492
|player|p2|failandimprove3|265|1480
|gen|9
|tier|[Gen 9 Champions] VGC 2026 Reg M-B (Bo3)
|rated|
|rule|Species Clause: Limit one of each Pokémon
|rule|Item Clause: Limit 1 of each item
|clearpoke
|poke|p1|Gardevoir, L50, M|
|poke|p1|Basculegion, L50, M|
|poke|p1|Talonflame, L50, M|
|poke|p1|Maushold, L50|
|poke|p1|Kingambit, L50, F|
|poke|p1|Kommo-o, L50, M|
|poke|p2|Tyranitar, L50, M|
|poke|p2|Staraptor, L50, M|
|poke|p2|Excadrill, L50, F|
|poke|p2|Sinistcha, L50|
|poke|p2|Gholdengo, L50|
|poke|p2|Milotic, L50, F|
|teampreview|4
|showteam|p1|Gardevoir||Gardevoirite|Trace|HyperVoice,Psychic,Thunderbolt,Protect|Modest||M|||50|]Basculegion||ChoiceScarf|Adaptability|WaveCrash,LastRespects,FlipTurn,AquaJet|Jolly||M|||50|]Talonflame||SharpBeak|GaleWings|DualWingbeat,FlareBlitz,Tailwind,Protect|Jolly||M|||50|]Maushold||FocusSash|FriendGuard|SuperFang,Feint,FollowMe,Protect|Jolly|||||50|]Kingambit||ExpertBelt|Defiant|KowtowCleave,SuckerPunch,IronHead,LowKick|Jolly||F|||50|]Kommo-o||LifeOrb|Soundproof|ClangingScales,DracoMeteor,AuraSphere,Protect|Modest||M|||50|
|showteam|p2|Tyranitar||Tyranitarite|SandStream|KnockOff,RockSlide,LowKick,Protect|Adamant||M|||50|]Staraptor||Staraptite|Intimidate|BraveBird,CloseCombat,Tailwind,Protect|Jolly||M|||50|]Excadrill||FocusSash|SandRush|HighHorsepower,IronHead,RockSlide,Protect|Adamant||F|||50|]Sinistcha||SitrusBerry|Hospitality|MatchaGotcha,RagePowder,TrickRoom,Protect|Calm|||||50|]Gholdengo||LifeOrb|GoodasGold|MakeItRain,ShadowBall,NastyPlot,Protect|Timid|||||50|]Milotic||Leftovers|Competitive|Scald,Haze,IcyWind,Protect|Modest||F|||50|
|inactive|Battle timer is ON: inactive players will automatically lose when time's up. (requested by failandimprove3)
|inactive|failandimprove3 has 60 seconds left.
|inactive|failandimprove3 has 30 seconds left.
|
|t:|1784318425
|teamsize|p1|4
|teamsize|p2|4
|start
|switch|p1a: Gardevoir|Gardevoir, L50, M|100/100
|switch|p1b: Talonflame|Talonflame, L50, M|100/100
|switch|p2a: Gholdengo|Gholdengo, L50|100/100
|switch|p2b: Staraptor|Staraptor, L50, M|100/100
|-ability|p2b: Staraptor|Intimidate|boost
|-unboost|p1a: Gardevoir|atk|1
|-unboost|p1b: Talonflame|atk|1
|-ability|p1a: Gardevoir|Intimidate|Trace|[from] ability: Trace|[of] p2b: Staraptor
|-ability|p1a: Gardevoir|Intimidate|boost
|-unboost|p2a: Gholdengo|atk|1
|-unboost|p2b: Staraptor|atk|1
|turn|1
|inactive|failandimprove3 has 30 seconds left.
|
|t:|1784318452
|detailschange|p1a: Gardevoir|Gardevoir-Mega, L50, M
|-mega|p1a: Gardevoir|Gardevoir|Gardevoirite
|move|p1b: Talonflame|Flare Blitz|p2a: Gholdengo
|-supereffective|p2a: Gholdengo|1
|-damage|p2a: Gholdengo|42/100
|-damage|p1b: Talonflame|78/100|[from] Recoil
|move|p2b: Staraptor|Tailwind|p2b: Staraptor
|-sidestart|p2: failandimprove3|move: Tailwind
|move|p2a: Gholdengo|Make It Rain|p1b: Talonflame|[spread] p1a,p1b
|-supereffective|p1a: Gardevoir|1
|-resisted|p1b: Talonflame|1
|-damage|p1a: Gardevoir|0 fnt
|-damage|p1b: Talonflame|36/100
|-unboost|p2a: Gholdengo|spa|2
|faint|p1a: Gardevoir
|-damage|p2a: Gholdengo|32/100|[from] item: Life Orb
|
|upkeep
|
|t:|1784318472
|switch|p1a: Kommo-o|Kommo-o, L50, M|100/100
|turn|2
|
|t:|1784318493
|detailschange|p2b: Staraptor|Staraptor-Mega, L50, M
|-mega|p2b: Staraptor|Staraptor|Staraptite
|move|p2b: Staraptor|Brave Bird|p1b: Talonflame
|-damage|p1b: Talonflame|0 fnt
|faint|p1b: Talonflame
|-damage|p2b: Staraptor|89/100|[from] Recoil
|move|p2a: Gholdengo|Nasty Plot|p2a: Gholdengo
|-boost|p2a: Gholdengo|spa|2
|move|p1a: Kommo-o|Clanging Scales|p2a: Gholdengo|[spread] p2a,p2b
|-resisted|p2a: Gholdengo|1
|-damage|p2a: Gholdengo|3/100
|-damage|p2b: Staraptor|34/100
|-unboost|p1a: Kommo-o|def|1
|-damage|p1a: Kommo-o|90/100|[from] item: Life Orb
|
|upkeep
|
|t:|1784318503
|switch|p1b: Basculegion|Basculegion, L50, M|100/100
|turn|3
|
|t:|1784318513
|move|p2b: Staraptor|Brave Bird|p1a: Kommo-o
|-supereffective|p1a: Kommo-o|1
|-damage|p1a: Kommo-o|0 fnt
|faint|p1a: Kommo-o
|-damage|p2b: Staraptor|9/100|[from] Recoil
|move|p2a: Gholdengo|Shadow Ball|p1b: Basculegion
|-supereffective|p1b: Basculegion|1
|-damage|p1b: Basculegion|0 fnt
|faint|p1b: Basculegion
|-damage|p2a: Gholdengo|0 fnt|[from] item: Life Orb
|faint|p2a: Gholdengo
|
|win|failandimprove3
