|j|☆rouzthunder
|j|☆lolgz
|html|rouzthunderlolgz    
|uhtml|bestof|Game 1 of a best-of-3
|t:|1783562680
|gametype|doubles
|player|p1|rouzthunder|ortega|1034
|player|p2|lolgz|dawn|1098
|gen|9
|tier|[Gen 9 Champions] VGC 2026 Reg M-B (Bo3)
|rated|
|rule|Species Clause: Limit one of each Pokémon
|rule|Item Clause: Limit 1 of each item
|clearpoke
|poke|p1|Dragapult, L50, F|
|poke|p1|Sylveon, L50, M|
|poke|p1|Lopunny, L50, F|
|poke|p1|Ninetales-Alola, L50, M|
|poke|p1|Volcarona, L50, M|
|poke|p1|Glimmora, L50, M|
|poke|p2|Sneasler, L50, M|
|poke|p2|Blastoise, L50, M|
|poke|p2|Kingambit, L50, M|
|poke|p2|Incineroar, L50, M|
|poke|p2|Delphox, L50, F|
|poke|p2|Sinistcha, L50|
|teampreview|4
|showteam|p1|Dragapult||DragonFang|ClearBody|DragonDarts,PhantomForce,PsychicFangs,Protect|Adamant||F|||50|]Sylveon||FairyFeather|Pixilate|HyperVoice,HyperBeam,QuickAttack,Protect|Modest||M|||50|]Lopunny||Lopunnite|Limber|FakeOut,CloseCombat,Encore,MachPunch|Jolly||F|||50|]Ninetales-Alola||ChoiceScarf|SnowWarning|Blizzard,IcyWind,FreezeDry,Moonblast|Modest||M|||50|]Volcarona||SitrusBerry|FlameBody|Tailwind,StruggleBug,RagePowder,Protect|Modest||M|||50|]Glimmora||Glimmoranite|ToxicDebris|SpikyShield,PowerGem,SludgeBomb,EarthPower|Timid||M|||50|
|showteam|p2|Sneasler||FocusSash|PoisonTouch|PoisonJab,CloseCombat,FakeOut,QuickGuard|Jolly||M|||50|]Blastoise||Blastoisinite|RainDish|DarkPulse,WaterSpout,ShellSmash,Protect|Modest||M|||50|]Kingambit||BlackGlasses|Defiant|KowtowCleave,SuckerPunch,SwordsDance,Protect|Adamant||M|||50|]Incineroar||SitrusBerry|Intimidate|FlareBlitz,HelpingHand,PartingShot,FakeOut|Careful||M|||50|]Delphox||Delphoxite|Blaze|HeatWave,NastyPlot,Psyshock,Protect|Modest||F|||50|]Sinistcha||KasibBerry|Hospitality|MatchaGotcha,RagePowder,TrickRoom,Protect|Bold|||||50|
|inactive|Battle timer is ON: inactive players will automatically lose when time's up. (requested by lolgz)
|inactive|rouzthunder has 60 seconds left.
|inactive|rouzthunder has 30 seconds left.
|
|t:|1783562744
|teamsize|p1|4
|teamsize|p2|4
|start
|switch|p1a: Ninetales|Ninetales-Alola, L50, M|100/100
|switch|p1b: Lopunny|Lopunny, L50, F|100/100
|switch|p2a: Sneasler|Sneasler, L50, M|100/100
|switch|p2b: Blastoise|Blastoise, L50, M|100/100
|-weather|Snowscape|[from] ability: Snow Warning|[of] p1a: Ninetales
|turn|1
|
|t:|1783562767
|detailschange|p1b: Lopunny|Lopunny-Mega, L50, F
|-mega|p1b: Lopunny|Lopunny|Lopunnite
|detailschange|p2b: Blastoise|Blastoise-Mega, L50, M
|-mega|p2b: Blastoise|Blastoise|Blastoisinite
|move|p1b: Lopunny|Fake Out|p2a: Sneasler
|-damage|p2a: Sneasler|63/100
|cant|p2a: Sneasler|flinch
|move|p1a: Ninetales|Icy Wind|p2b: Blastoise|[spread] p2a,p2b
|-resisted|p2b: Blastoise|1
|-damage|p2a: Sneasler|40/100
|-damage|p2b: Blastoise|92/100
|-unboost|p2a: Sneasler|spe|1
|-unboost|p2b: Blastoise|spe|1
|move|p2b: Blastoise|Shell Smash|p2b: Blastoise
|-unboost|p2b: Blastoise|def|1
|-unboost|p2b: Blastoise|spd|1
|-boost|p2b: Blastoise|atk|2
|-boost|p2b: Blastoise|spa|2
|-boost|p2b: Blastoise|spe|2
|
|-weather|Snowscape|[upkeep]
|upkeep
|turn|2
|inactive|rouzthunder has 30 seconds left.
|
|t:|1783562796
|move|p2a: Sneasler|Quick Guard|p2a: Sneasler
|-singleturn|p2a: Sneasler|Quick Guard
|move|p1a: Ninetales|Icy Wind|p2b: Blastoise|[spread] p2a,p2b
|-resisted|p2b: Blastoise|1
|-damage|p2a: Sneasler|19/100
|-damage|p2b: Blastoise|78/100
|-unboost|p2a: Sneasler|spe|1
|-unboost|p2b: Blastoise|spe|1
|move|p1b: Lopunny|Encore|p2b: Blastoise
|-start|p2b: Blastoise|Encore
|move|p2b: Blastoise|Shell Smash|p2b: Blastoise
|-unboost|p2b: Blastoise|def|1
|-unboost|p2b: Blastoise|spd|1
|-boost|p2b: Blastoise|atk|2
|-boost|p2b: Blastoise|spa|2
|-boost|p2b: Blastoise|spe|2
|
|-weather|Snowscape|[upkeep]
|upkeep
|turn|3
|-message|lolgz forfeited.
|
|win|rouzthunder
