|j|☆asjhfsjdfhdsjf
|j|☆raineyluvsu
|html|asjhfsjdfhdsjfraineyluvsu    
|uhtml|bestof|Game 1 of a best-of-3
|t:|1782741436
|gametype|doubles
|player|p1|asjhfsjdfhdsjf|101|1000
|player|p2|raineyluvsu|1|1108
|gen|9
|tier|[Gen 9 Champions] VGC 2026 Reg M-B (Bo3)
|rated|
|rule|Species Clause: Limit one of each Pokémon
|rule|Item Clause: Limit 1 of each item
|clearpoke
|poke|p1|Mawile, L50, F|
|poke|p1|Slowking-Galar, L50, F|
|poke|p1|Torkoal, L50, F|
|poke|p1|Drampa, L50, F|
|poke|p1|Hatterene, L50, F|
|poke|p1|Kingambit, L50, F|
|poke|p2|Metagross, L50|
|poke|p2|Basculegion, L50, M|
|poke|p2|Blaziken, L50, M|
|poke|p2|Politoed, L50, F|
|poke|p2|Tsareena, L50, F|
|poke|p2|Kingambit, L50, M|
|teampreview|4
|showteam|p1|Mawile||Mawilite|Intimidate|IronHead,PlayRough,IcePunch,SuckerPunch|Adamant||F|||50|]Slowking-Galar||Leftovers|Regenerator|SludgeBomb,Psychic,TrickRoom,ChillyReception|Quiet||F|||50|]Torkoal||Charcoal|Drought|Eruption,Flamethrower,EarthPower,SolarBeam|Modest||F|||50|]Drampa||LifeOrb|Berserk|HyperVoice,DracoMeteor,IceBeam,Thunderbolt|Modest||F|||50|]Hatterene||SitrusBerry|MagicBounce|Psychic,DazzlingGleam,Reflect,TrickRoom|Quiet||F|||50|]Kingambit||BlackGlasses|SupremeOverlord|KowtowCleave,IronHead,SuckerPunch,Protect|Adamant||F|||50|
|showteam|p2|Metagross||Metagrossite|ClearBody|IronHead,PsychicFangs,StompingTantrum,Protect|Jolly|||||50|]Basculegion||LifeOrb|Adaptability|WaveCrash,LastRespects,AquaJet,Protect|Jolly||M|||50|]Blaziken||FocusSash|SpeedBoost|Overheat,AuraSphere,Coaching,Detect|Modest||M|||50|]Politoed||SitrusBerry|Drizzle|WeatherBall,IceBeam,PerishSong,Protect|Bold||F|||50|]Tsareena||ChoiceScarf|QueenlyMajesty|TropKick,TripleAxel,LowKick,Uturn|Jolly||F|||50|]Kingambit||BlackGlasses|Defiant|KowtowCleave,SuckerPunch,SwordsDance,Protect|Brave||M|||50|
|inactive|Battle timer is ON: inactive players will automatically lose when time's up. (requested by asjhfsjdfhdsjf)
|
|t:|1782741457
|teamsize|p1|4
|teamsize|p2|4
|start
|switch|p1a: Mawile|Mawile, L50, F|100/100
|switch|p1b: Slowking|Slowking-Galar, L50, F|100/100
|switch|p2a: Kingambit|Kingambit, L50, M|100/100
|switch|p2b: Basculegion|Basculegion, L50, M|100/100
|-ability|p1a: Mawile|Intimidate|boost
|-unboost|p2a: Kingambit|atk|1
|-ability|p2a: Kingambit|Defiant|boost
|-boost|p2a: Kingambit|atk|2
|-unboost|p2b: Basculegion|atk|1
|turn|1
|inactive|asjhfsjdfhdsjf has 30 seconds left.
|inactive|raineyluvsu has 30 seconds left.
|inactive|asjhfsjdfhdsjf has 20 seconds left.
|
|t:|1782741493
|detailschange|p1a: Mawile|Mawile-Mega, L50, F
|-mega|p1a: Mawile|Mawile|Mawilite
|move|p2b: Basculegion|Aqua Jet|p1a: Mawile
|-damage|p1a: Mawile|78/100
|-damage|p2b: Basculegion|90/100|[from] item: Life Orb
|move|p1a: Mawile|Play Rough|p2a: Kingambit
|-damage|p2a: Kingambit|36/100
|-unboost|p2a: Kingambit|atk|1
|-ability|p2a: Kingambit|Defiant|boost
|-boost|p2a: Kingambit|atk|2
|move|p2a: Kingambit|Kowtow Cleave|p1b: Slowking
|-supereffective|p1b: Slowking|1
|-damage|p1b: Slowking|0 fnt
|faint|p1b: Slowking
|
|upkeep
|
|t:|1782741508
|switch|p1b: Drampa|Drampa, L50, F|100/100
|turn|2
|
|t:|1782741520
|move|p2a: Kingambit|Sucker Punch|p1b: Drampa
|-crit|p1b: Drampa
|-damage|p1b: Drampa|0 fnt
|faint|p1b: Drampa
|move|p2b: Basculegion|Wave Crash|p1a: Mawile
|-damage|p1a: Mawile|12/100
|-damage|p2b: Basculegion|73/100|[from] Recoil
|-damage|p2b: Basculegion|63/100|[from] item: Life Orb
|move|p1a: Mawile|Play Rough|p2a: Kingambit
|-damage|p2a: Kingambit|0 fnt
|faint|p2a: Kingambit
|
|upkeep
|
|t:|1782741532
|switch|p2a: Metagross|Metagross, L50|100/100
|switch|p1b: Torkoal|Torkoal, L50, F|100/100
|-weather|SunnyDay|[from] ability: Drought|[of] p1b: Torkoal
|turn|3
|
|t:|1782741537
|switch|p2b: Politoed|Politoed, L50, F|100/100
|-weather|RainDance|[from] ability: Drizzle|[of] p2b: Politoed
|detailschange|p2a: Metagross|Metagross-Mega, L50
|-mega|p2a: Metagross|Metagross|Metagrossite
|move|p1a: Mawile|Sucker Punch||[still]
|-fail|p1a: Mawile
|move|p2a: Metagross|Stomping Tantrum|p1b: Torkoal
|-supereffective|p1b: Torkoal|1
|-damage|p1b: Torkoal|45/100
|move|p1b: Torkoal|Eruption|p2a: Metagross|[spread] p2a,p2b
|-supereffective|p2a: Metagross|1
|-resisted|p2b: Politoed|1
|-damage|p2a: Metagross|73/100
|-damage|p2b: Politoed|94/100
|
|-weather|RainDance|[upkeep]
|upkeep
|turn|4
|-message|asjhfsjdfhdsjf forfeited.
|
|win|raineyluvsu
|l|☆asjhfsjdfhdsjf
|player|p1|
