|j|☆pippobaudobaldo
|j|☆BonnieSSR
|html|pippobaudobaldoBonnieSSR    
|uhtml|bestof|Game 1 of a best-of-3
|t:|1756482953
|gametype|doubles
|player|p1|pippobaudobaldo|266|1087
|player|p2|BonnieSSR|miku-ground|1186
|gen|9
|tier|[Gen 9] VGC 2025 Reg H (Bo3)
|rated|
|rule|Species Clause: Limit one of each Pokémon
|rule|Item Clause: Limit 1 of each item
|clearpoke
|poke|p1|Sneasler, L50, M|
|poke|p1|Gholdengo, L50|
|poke|p1|Dragonite, L50, F|
|poke|p1|Primarina, L50, M|
|poke|p1|Amoonguss, L50, F|
|poke|p1|Incineroar, L50, M|
|poke|p2|Tyranitar, L50, M|
|poke|p2|Amoonguss, L50, M|
|poke|p2|Kilowattrel, L50, F|
|poke|p2|Excadrill, L50, F|
|poke|p2|Kommo-o, L50, F|
|poke|p2|Incineroar, L50, M|
|teampreview|4
|showteam|p1|Sneasler||FocusSash|PoisonTouch|FakeOut,DireClaw,CloseCombat,ThroatChop|||M|||50|,,,,,Stellar]Gholdengo||Leftovers|GoodasGold|Protect,MakeItRain,ShadowBall,NastyPlot||||||50|,,,,,Dragon]Dragonite||LoadedDice|Multiscale|Protect,ScaleShot,Tailwind,IceSpinner|||F|||50|,,,,,Fairy]Primarina||SitrusBerry|LiquidVoice|HyperVoice,Moonblast,Haze,Protect|||M|||50|,,,,,Poison]Amoonguss||RockyHelmet|Regenerator|Protect,Spore,RagePowder,PollenPuff|||F|||50|,,,,,Grass]Incineroar||SafetyGoggles|Intimidate|FakeOut,KnockOff,WillOWisp,PartingShot|||M|||50|,,,,,Fire
|showteam|p2|Tyranitar||AssaultVest|SandStream|LowKick,RockSlide,KnockOff,TeraBlast|||M|||50|,,,,,Flying]Amoonguss||SitrusBerry|Regenerator|Spore,RagePowder,SludgeBomb,Protect|||M|||50|,,,,,Water]Kilowattrel||ChoiceSpecs|Competitive|Thunderbolt,Discharge,VoltSwitch,AirSlash|||F|||50|,,,,,Ghost]Excadrill||FocusSash|SandRush|IronHead,Earthquake,HighHorsepower,Protect|||F|||50|,,,,,Ground]Kommo-o||Leftovers|Overcoat|IronDefense,BodyPress,ThroatChop,Protect|||F|||50|,,,,,Steel]Incineroar||SafetyGoggles|Intimidate|FlareBlitz,KnockOff,PartingShot,FakeOut|||M|||50|,,,,,Ghost
|inactive|Battle timer is ON: inactive players will automatically lose when time's up. (requested by pippobaudobaldo)
|inactive|pippobaudobaldo has 60 seconds left.
|inactive|pippobaudobaldo has 30 seconds left.
|inactive|pippobaudobaldo has 20 seconds left.
|inactive|pippobaudobaldo has 15 seconds left.
|inactive|pippobaudobaldo has 10 seconds left.
|
|t:|1756483036
|teamsize|p1|4
|teamsize|p2|4
|start
|switch|p1a: Incineroar|Incineroar, L50, M|100/100
|switch|p1b: Dragonite|Dragonite, L50, F|100/100
|switch|p2a: Prim|Kilowattrel, L50, F|100/100
|switch|p2b: Lacey|Excadrill, L50, F, shiny|100/100
|-ability|p1a: Incineroar|Intimidate|boost
|-unboost|p2a: Prim|atk|1
|-ability|p2a: Prim|Competitive|boost
|-boost|p2a: Prim|spa|2
|-unboost|p2b: Lacey|atk|1
|turn|1
|
|t:|1756483058
|-terastallize|p2a: Prim|Ghost
|move|p1a: Incineroar|Fake Out|p2b: Lacey
|-resisted|p2b: Lacey
|-damage|p2b: Lacey|92/100
|move|p2a: Prim|Discharge|p1a: Incineroar|[spread] p1a,p1b
|-immune|p2b: Lacey
|-damage|p1a: Incineroar|36/100
|-damage|p1b: Dragonite|69/100
|-status|p1a: Incineroar|par
|cant|p2b: Lacey|flinch
|move|p1b: Dragonite|Scale Shot|p2a: Prim|[miss]
|-miss|p1b: Dragonite|p2a: Prim
|
|upkeep
|turn|2
|
|t:|1756483082
|move|p1b: Dragonite|Protect|p1b: Dragonite
|-singleturn|p1b: Dragonite|Protect
|move|p2a: Prim|Discharge|p1b: Dragonite|[spread] p1a
|-activate|p1b: Dragonite|move: Protect
|-immune|p2b: Lacey
|-damage|p1a: Incineroar|0 fnt
|faint|p1a: Incineroar
|move|p2b: Lacey|Iron Head|p1b: Dragonite
|-activate|p1b: Dragonite|move: Protect
|
|upkeep
|
|t:|1756483092
|switch|p1a: Gholdengo|Gholdengo, L50|100/100
|turn|3
|
|t:|1756483107
|-terastallize|p1a: Gholdengo|Dragon
|move|p2a: Prim|Discharge|p1b: Dragonite|[spread] p1a,p1b
|-immune|p2b: Lacey
|-resisted|p1a: Gholdengo
|-damage|p1a: Gholdengo|66/100
|-damage|p1b: Dragonite|0 fnt
|-status|p1a: Gholdengo|par
|faint|p1b: Dragonite
|move|p2b: Lacey|High Horsepower|p1a: Gholdengo
|-damage|p1a: Gholdengo|33/100 par
|move|p1a: Gholdengo|Shadow Ball|p2a: Prim
|-supereffective|p2a: Prim
|-damage|p2a: Prim|0 fnt
|faint|p2a: Prim
|
|-heal|p1a: Gholdengo|40/100 par|[from] item: Leftovers
|upkeep
|-message|pippobaudobaldo forfeited.
|
|win|BonnieSSR
|l|☆pippobaudobaldo
|player|p1|
||pippobaudobaldo is ready for game 2.
||BonnieSSR is ready for game 2.
|uhtml|next|Next: Game 2 of 3
