|j|☆echoes630
|j|☆TheDomainOfCheese
|html|echoes630TheDomainOfCheese    
|uhtml|bestof|Game 2 of a best-of-3
|t:|1756348501
|gametype|doubles
|player|p1|echoes630|colress|
|player|p2|TheDomainOfCheese|cynthia|
|gen|9
|tier|[Gen 9] VGC 2025 Reg H (Bo3)
|rule|Species Clause: Limit one of each Pokémon
|rule|Item Clause: Limit 1 of each item
|clearpoke
|poke|p1|Primarina, L50, M|
|poke|p1|Garchomp, L50, F|
|poke|p1|Gholdengo, L50|
|poke|p1|Talonflame, L50, F|
|poke|p1|Incineroar, L50, F|
|poke|p1|Annihilape, L50, F|
|poke|p2|Torkoal, L50, M|
|poke|p2|Ursaluna, L50, M|
|poke|p2|Porygon2, L50|
|poke|p2|Amoonguss, L50, M|
|poke|p2|Dragonite, L50, F|
|poke|p2|Sneasler, L50, M|
|teampreview|4
|showteam|p1|Primarina||ThroatSpray|LiquidVoice|HyperVoice,Moonblast,Haze,Protect|||M|||50|,,,,,Poison]Garchomp||LifeOrb|RoughSkin|Earthquake,DragonClaw,Protect,StompingTantrum|||F|||50|,,,,,Ground]Gholdengo||Leftovers|GoodasGold|MakeItRain,ShadowBall,NastyPlot,Protect||||||50|,,,,,Flying]Talonflame||SharpBeak|GaleWings|WillOWisp,Protect,BraveBird,Tailwind|||F|||50|,,,,,Ghost]Incineroar||SafetyGoggles|Intimidate|PartingShot,KnockOff,FlareBlitz,FakeOut|||F|||50|,,,,,Ghost]Annihilape||ChoiceScarf|Defiant|FinalGambit,Coaching,CloseCombat,ShadowClaw|||F|||50|,,,,,Grass
|showteam|p2|Torkoal||Charcoal|Drought|Eruption,HeatWave,EarthPower,Protect|||M|||50|,,,,,Fire]Ursaluna||FlameOrb|Guts|Facade,HeadlongRush,Earthquake,Protect|||M|||50|,,,,,Ghost]Porygon2||Eviolite|Download|TrickRoom,IceBeam,Recover,TeraBlast||||||50|,,,,,Fairy]Amoonguss||SitrusBerry|Regenerator|Spore,RagePowder,PollenPuff,Protect|||M|||50|,,,,,Water]Dragonite||LoadedDice|Multiscale|ScaleShot,ExtremeSpeed,Haze,Protect|||F|||50|,,,,,Normal]Sneasler||FocusSash|Unburden|FakeOut,CloseCombat,DireClaw,Protect|||M|||50|,,,,,Ghost
|inactive|Battle timer is ON: inactive players will automatically lose when time's up. (requested by TheDomainOfCheese)
|inactive|echoes630 has 60 seconds left.
|
|t:|1756348543
|teamsize|p1|4
|teamsize|p2|4
|start
|switch|p1a: Ziro|Annihilape, L50, F, shiny|100/100
|switch|p1b: harder|Garchomp, L50, F|100/100
|switch|p2a: Porygon2|Porygon2, L50|100/100
|switch|p2b: Amoonguss|Amoonguss, L50, M|100/100
|-ability|p2a: Porygon2|Download|boost
|-boost|p2a: Porygon2|spa|1
|turn|1
|inactive|echoes630 has 30 seconds left.
|
|t:|1756348577
|switch|p1b: Friend #1|Incineroar, L50, F|100/100
|-ability|p1b: Friend #1|Intimidate|boost
|-unboost|p2a: Porygon2|atk|1
|-unboost|p2b: Amoonguss|atk|1
|-terastallize|p1a: Ziro|Grass
|move|p2b: Amoonguss|Rage Powder|p2b: Amoonguss
|-singleturn|p2b: Amoonguss|move: Rage Powder
|move|p1a: Ziro|Final Gambit|p2a: Porygon2
|-damage|p2a: Porygon2|0 fnt
|faint|p1a: Ziro
|faint|p2a: Porygon2
|
|upkeep
|
|t:|1756348589
|switch|p1a: Primarina|Primarina, L50, M|100/100
|switch|p2a: Dragonite|Dragonite, L50, F|100/100
|turn|2
|
|t:|1756348600
|move|p2a: Dragonite|Protect|p2a: Dragonite
|-singleturn|p2a: Dragonite|Protect
|move|p1b: Friend #1|Fake Out|p2b: Amoonguss
|-damage|p2b: Amoonguss|90/100
|move|p1a: Primarina|Hyper Voice|p2a: Dragonite|[spread] p2b
|-activate|p2a: Dragonite|move: Protect
|-resisted|p2b: Amoonguss
|-damage|p2b: Amoonguss|73/100
|-enditem|p1a: Primarina|Throat Spray
|-boost|p1a: Primarina|spa|1|[from] item: Throat Spray
|cant|p2b: Amoonguss|flinch
|
|upkeep
|turn|3
|
|t:|1756348622
|-terastallize|p2a: Dragonite|Normal
|move|p2a: Dragonite|Scale Shot|p1a: Primarina
|-immune|p1a: Primarina
|move|p1a: Primarina|Moonblast|p2a: Dragonite
|-damage|p2a: Dragonite|64/100
|move|p1b: Friend #1|Flare Blitz|p2b: Amoonguss
|-supereffective|p2b: Amoonguss
|-damage|p2b: Amoonguss|0 fnt
|faint|p2b: Amoonguss
|-damage|p1b: Friend #1|73/100|[from] Recoil
|
|upkeep
|
|t:|1756348630
|switch|p2b: Ursaluna|Ursaluna, L50, M|100/100
|turn|4
|c|☆TheDomainOfCheese|ong That was a misclick
|
|t:|1756348650
|move|p2a: Dragonite|Extreme Speed|p1b: Friend #1
|-damage|p1b: Friend #1|25/100
|move|p1a: Primarina|Hyper Voice|p2a: Dragonite|[spread] p2a,p2b
|-supereffective|p2b: Ursaluna
|-damage|p2a: Dragonite|17/100
|-damage|p2b: Ursaluna|1/100
|move|p1b: Friend #1|Parting Shot|p2a: Dragonite
|-unboost|p2a: Dragonite|atk|1
|-unboost|p2a: Dragonite|spa|1
|c|☆echoes630|XD cant make those plays vs this team XD
|
|t:|1756348665
|switch|p1b: harder|Garchomp, L50, F|100/100|[from] Parting Shot
|move|p2b: Ursaluna|Earthquake|p1b: harder|[spread] p2a,p1a,p1b
|-damage|p2a: Dragonite|0 fnt
|-damage|p1a: Primarina|46/100
|-damage|p1b: harder|58/100
|faint|p2a: Dragonite
|
|-status|p2b: Ursaluna|brn|[from] item: Flame Orb
|upkeep
|turn|5
|c|☆echoes630|ggwp
|-message|TheDomainOfCheese forfeited.
|
|win|echoes630
|l|☆TheDomainOfCheese
|player|p2|
