|j|☆LordPdcc
|j|☆new mental
|html|LordPdccnew mental    
|uhtml|bestof|Game 2 of a best-of-3
|t:|1783263341
|gametype|doubles
|player|p1|LordPdcc|1|1165
|player|p2|new mental|volkner|1234
|gen|9
|tier|[Gen 9 Champions] VGC 2026 Reg M-B (Bo3)
|rated|
|rule|Species Clause: Limit one of each Pokémon
|rule|Item Clause: Limit 1 of each item
|clearpoke
|poke|p1|Vileplume, L50, M|
|poke|p1|Staraptor, L50, F|
|poke|p1|Mawile, L50, M|
|poke|p1|Farigiraf, L50, F|
|poke|p1|Torkoal, L50, F|
|poke|p1|Aerodactyl, L50, F|
|poke|p2|Aerodactyl, L50, F|
|poke|p2|Garchomp, L50, F|
|poke|p2|Kingambit, L50, M|
|poke|p2|Charizard, L50, M|
|poke|p2|Sylveon, L50, F|
|poke|p2|Farigiraf, L50, M|
|teampreview|4
|showteam|p1|Vileplume||FocusSash|Chlorophyll|SleepPowder,AfterYou,SludgeBomb,SolarBeam|Timid||M|||50|]Staraptor||ChoiceScarf|Intimidate|FinalGambit,CloseCombat,Uturn,DualWingbeat|Jolly||F|||50|]Mawile||Mawilite|Intimidate|PlayRough,KnockOff,IronHead,Protect|Adamant||M|||50|]Farigiraf||ColburBerry|ArmorTail|Psychic,TrickRoom,HelpingHand,Protect|Calm||F|||50|]Torkoal||Charcoal|Drought|Eruption,HeatWave,AncientPower,Protect|Quiet||F|||50|]Aerodactyl||Aerodactylite|RockHead|RockSlide,Tailwind,DualWingbeat,WideGuard|Jolly||F|||50|
|showteam|p2|Aerodactyl||Aerodactylite|Unnerve|IceFang,RockSlide,Tailwind,DualWingbeat|Jolly||F|||50|]Garchomp||LifeOrb|RoughSkin|DragonClaw,StompingTantrum,Earthquake,Protect|Jolly||F|||50|]Kingambit||FocusSash|Defiant|SuckerPunch,KowtowCleave,IronHead,LowKick|Adamant||M|||50|]Charizard||CharizarditeY|SolarPower|Protect,HeatWave,SolarBeam,WeatherBall|Timid||M|||50|]Sylveon||FairyFeather|Pixilate|Protect,HyperVoice,HyperBeam,QuickAttack|Modest||F|||50|]Farigiraf||SitrusBerry|ArmorTail|TrickRoom,Thunderbolt,Psychic,Roar|Bold||M|||50|
|inactive|Battle timer is ON: inactive players will automatically lose when time's up. (requested by LordPdcc)
|
|t:|1783263370
|teamsize|p1|4
|teamsize|p2|4
|start
|switch|p1a: Staraptor|Staraptor, L50, F|100/100
|switch|p1b: Farigiraf|Farigiraf, L50, F|100/100
|switch|p2a: Farigiraf|Farigiraf, L50, M|100/100
|switch|p2b: Charizard|Charizard, L50, M|100/100
|-ability|p1a: Staraptor|Intimidate|boost
|-unboost|p2a: Farigiraf|atk|1
|-unboost|p2b: Charizard|atk|1
|turn|1
|
|t:|1783263390
|move|p2b: Charizard|Protect|p2b: Charizard
|-singleturn|p2b: Charizard|Protect
|move|p1a: Staraptor|Final Gambit|p2a: Farigiraf
|-damage|p2a: Farigiraf|12/100
|-enditem|p2a: Farigiraf|Sitrus Berry|[eat]
|-heal|p2a: Farigiraf|37/100|[from] item: Sitrus Berry
|faint|p1a: Staraptor
|move|p1b: Farigiraf|Trick Room|p1b: Farigiraf
|-fieldstart|move: Trick Room|[of] p1b: Farigiraf
|move|p2a: Farigiraf|Trick Room|p2a: Farigiraf
|-fieldend|move: Trick Room
|
|upkeep
|
|t:|1783263398
|switch|p1a: Torkoal|Torkoal, L50, F|100/100
|-weather|SunnyDay|[from] ability: Drought|[of] p1a: Torkoal
|turn|2
|
|t:|1783263407
|detailschange|p2b: Charizard|Charizard-Mega-Y, L50, M
|-mega|p2b: Charizard|Charizard|Charizardite Y
|move|p2b: Charizard|Heat Wave|p1a: Torkoal|[spread] p1a,p1b
|-resisted|p1a: Torkoal|1
|-damage|p1a: Torkoal|64/100
|-damage|p1b: Farigiraf|60/100
|move|p1a: Torkoal|Ancient Power|p2b: Charizard
|-supereffective|p2b: Charizard|2
|-damage|p2b: Charizard|38/100
|move|p2a: Farigiraf|Roar|p1b: Farigiraf
|drag|p1b: Mawile|Mawile, L50, M|100/100
|-ability|p1b: Mawile|Intimidate|boost
|-unboost|p2a: Farigiraf|atk|1
|-unboost|p2b: Charizard|atk|1
|
|-weather|SunnyDay|[upkeep]
|upkeep
|turn|3
|
|t:|1783263426
|detailschange|p1b: Mawile|Mawile-Mega, L50, M
|-mega|p1b: Mawile|Mawile|Mawilite
|move|p1b: Mawile|Protect|p1b: Mawile
|-singleturn|p1b: Mawile|Protect
|move|p2b: Charizard|Heat Wave|p1b: Mawile|[spread] p1a
|-activate|p1b: Mawile|move: Protect
|-resisted|p1a: Torkoal|1
|-damage|p1a: Torkoal|27/100
|move|p2a: Farigiraf|Psychic|p1a: Torkoal
|-damage|p1a: Torkoal|0 fnt
|faint|p1a: Torkoal
|
|-weather|SunnyDay|[upkeep]
|upkeep
|-message|LordPdcc forfeited.
|
|win|new mental
|raw|LordPdcc's rating: 1165 → 1145(-20 for losing)
|raw|new mental's rating: 1234 → 1254(+20 for winning)
