|j|☆Rokesaurio
|j|☆VentaMujeresMalaga
|html|RokesaurioVentaMujeresMalaga    
|uhtml|bestof|Game 1 of a best-of-3
|t:|1782312661
|gametype|doubles
|player|p1|Rokesaurio|pokemaniac|
|player|p2|VentaMujeresMalaga|cameraman|
|gen|9
|tier|[Gen 9 Champions] VGC 2026 Reg M-B (Bo3)
|rule|Species Clause: Limit one of each Pokémon
|rule|Item Clause: Limit 1 of each item
|clearpoke
|poke|p1|Sinistcha, L50|
|poke|p1|Swampert, L50, M|
|poke|p1|Sableye, L50, M|
|poke|p1|Archaludon, L50, F|
|poke|p1|Pelipper, L50, F|
|poke|p1|Incineroar, L50, M|
|poke|p2|Annihilape, L50, F|
|poke|p2|Dragonite, L50, M|
|poke|p2|Armarouge, L50, F|
|poke|p2|Torkoal, L50, M|
|poke|p2|Kingambit, L50, M|
|poke|p2|Maushold, L50|
|teampreview|4
|showteam|p1|Sinistcha||SitrusBerry|Hospitality|MatchaGotcha,Protect,RagePowder,LifeDew|Bold|||||50|]Swampert||Swampertite|Damp|WaveCrash,HighHorsepower,Protect,IcePunch|Adamant||M|||50|]Sableye||LightClay|Prankster|LightScreen,WillOWisp,Reflect,RainDance|Relaxed||M|||50|]Archaludon||Leftovers|Stamina|ElectroShot,DragonPulse,FlashCannon,Protect|Modest||F|||50|]Pelipper||FocusSash|Drizzle|Hurricane,WeatherBall,Tailwind,Protect|Modest||F|||50|]Incineroar||ChopleBerry|Intimidate|FakeOut,FlareBlitz,ThroatChop,PartingShot|Careful||M|||50|
|showteam|p2|Annihilape||ChoiceScarf|Defiant|ShadowClaw,CloseCombat,SeedBomb,IcePunch|Adamant||F|||50|]Dragonite||Dragoninite|InnerFocus|DragonDance,DragonClaw,ExtremeSpeed,Protect|Adamant||M|||50|]Armarouge||Leftovers|FlashFire|Psychic,HeatWave,CalmMind,TrickRoom|Modest||F|||50|]Torkoal||Charcoal|Drought|Eruption,HeatWave,EarthPower,Protect|Quiet||M|||50|]Kingambit||LifeOrb|Defiant|IronHead,KowtowCleave,SuckerPunch,Protect|Adamant||M|||50|]Maushold||WideLens|Technician|PopulationBomb,FollowMe,Bite,Protect|Jolly|||||50|
|inactive|Battle timer is ON: inactive players will automatically lose when time's up. (requested by Rokesaurio)
|c|☆VentaMujeresMalaga|glhf rey!!
|c|☆Rokesaurio|glhf!
|inactive|VentaMujeresMalaga has 60 seconds left.
|inactive|VentaMujeresMalaga has 30 seconds left.
|
|t:|1782312726
|teamsize|p1|4
|teamsize|p2|4
|start
|switch|p1a: Sableye|Sableye, L50, M|100/100
|switch|p1b: Swampert|Swampert, L50, M|100/100
|switch|p2a: Torkoal|Torkoal, L50, M|100/100
|switch|p2b: Kingambit|Kingambit, L50, M|100/100
|-weather|SunnyDay|[from] ability: Drought|[of] p2a: Torkoal
|turn|1
|inactive|VentaMujeresMalaga has 30 seconds left.
|inactive|Rokesaurio has 30 seconds left.
|inactive|VentaMujeresMalaga has 20 seconds left.
|
|t:|1782312765
|switch|p2a: Annihilape|Annihilape, L50, F|100/100
|detailschange|p1b: Swampert|Swampert-Mega, L50, M
|-mega|p1b: Swampert|Swampert|Swampertite
|move|p2b: Kingambit|Protect|p2b: Kingambit
|-singleturn|p2b: Kingambit|Protect
|move|p1a: Sableye|Rain Dance|p1a: Sableye
|-weather|RainDance
|move|p1b: Swampert|High Horsepower|p2b: Kingambit
|-activate|p2b: Kingambit|move: Protect
|
|-weather|RainDance|[upkeep]
|upkeep
|turn|2
|
|t:|1782312776
|switch|p2b: Dragonite|Dragonite, L50, M|100/100
|move|p1b: Swampert|Protect|p1b: Swampert
|-singleturn|p1b: Swampert|Protect
|move|p1a: Sableye|Will-O-Wisp|p2a: Annihilape
|-status|p2a: Annihilape|brn
|move|p2a: Annihilape|Seed Bomb|p1b: Swampert
|-activate|p1b: Swampert|move: Protect
|
|-weather|RainDance|[upkeep]
|-damage|p2a: Annihilape|94/100 brn|[from] brn
|upkeep
|turn|3
|
|t:|1782312798
|switch|p1b: Archaludon|Archaludon, L50, F|100/100
|detailschange|p2b: Dragonite|Dragonite-Mega, L50, M
|-mega|p2b: Dragonite|Dragonite|Dragoninite
|move|p2b: Dragonite|Extreme Speed|p1b: Archaludon
|-resisted|p1b: Archaludon|1
|-damage|p1b: Archaludon|89/100
|-ability|p1b: Archaludon|Stamina|boost
|-boost|p1b: Archaludon|def|1
|move|p1a: Sableye|Reflect|p1a: Sableye
|-sidestart|p1: Rokesaurio|Reflect
|move|p2a: Annihilape|Seed Bomb|p1b: Archaludon
|-resisted|p1b: Archaludon|2
|-damage|p1b: Archaludon|88/100
|-ability|p1b: Archaludon|Stamina|boost
|-boost|p1b: Archaludon|def|1
|
|-weather|RainDance|[upkeep]
|-heal|p1b: Archaludon|94/100|[from] item: Leftovers
|-damage|p2a: Annihilape|88/100 brn|[from] brn
|upkeep
|turn|4
|
|t:|1782312819
|switch|p2a: Torkoal|Torkoal, L50, M|100/100
|-weather|SunnyDay|[from] ability: Drought|[of] p2a: Torkoal
|move|p1a: Sableye|Rain Dance|p1a: Sableye
|-weather|RainDance
|move|p2b: Dragonite|Dragon Dance|p2b: Dragonite
|-boost|p2b: Dragonite|atk|1
|-boost|p2b: Dragonite|spe|1
|move|p1b: Archaludon|Electro Shot||[still]
|-prepare|p1b: Archaludon|Electro Shot
|-boost|p1b: Archaludon|spa|1
|-anim|p1b: Archaludon|Electro Shot|p2b: Dragonite
|-damage|p2b: Dragonite|75/100
|
|-weather|RainDance|[upkeep]
|-heal|p1b: Archaludon|100/100|[from] item: Leftovers
|upkeep
|turn|5
|c|☆VentaMujeresMalaga|buena predict
|inactive|VentaMujeresMalaga has 30 seconds left.
|
|t:|1782312845
|move|p1a: Sableye|Will-O-Wisp|p2b: Dragonite
|-status|p2b: Dragonite|brn
|move|p2b: Dragonite|Dragon Claw|p1b: Archaludon
|-damage|p1b: Archaludon|92/100
|-ability|p1b: Archaludon|Stamina|boost
|-boost|p1b: Archaludon|def|1
|move|p1b: Archaludon|Electro Shot||[still]
|-prepare|p1b: Archaludon|Electro Shot
|-boost|p1b: Archaludon|spa|1
|-anim|p1b: Archaludon|Electro Shot|p2a: Torkoal
|-damage|p2a: Torkoal|0 fnt
|faint|p2a: Torkoal
|
|-weather|RainDance|[upkeep]
|-heal|p1b: Archaludon|98/100|[from] item: Leftovers
|-damage|p2b: Dragonite|69/100 brn|[from] brn
|upkeep
|
|t:|1782312854
|switch|p2a: Annihilape|Annihilape, L50, F|88/100 brn
|turn|6
|c|☆Rokesaurio|el sableye es asqueroso jajaja
|c|☆VentaMujeresMalaga|Lo es
|inactive|Rokesaurio has 30 seconds left.
|inactive|VentaMujeresMalaga has 30 seconds left.
|c|☆VentaMujeresMalaga|Lo había visto con último lugar en lugar de Rain Dance
|inactive|VentaMujeresMalaga has 20 seconds left.
|
|t:|1782312890
|switch|p1a: Swampert|Swampert-Mega, L50, M|100/100
|move|p2b: Dragonite|Protect|p2b: Dragonite
|-singleturn|p2b: Dragonite|Protect
|move|p2a: Annihilape|Close Combat|p1b: Archaludon
|-supereffective|p1b: Archaludon|1
|-damage|p1b: Archaludon|84/100
|-unboost|p2a: Annihilape|def|1
|-unboost|p2a: Annihilape|spd|1
|-ability|p1b: Archaludon|Stamina|boost
|-boost|p1b: Archaludon|def|1
|move|p1b: Archaludon|Electro Shot||[still]
|-prepare|p1b: Archaludon|Electro Shot
|-boost|p1b: Archaludon|spa|1
|-anim|p1b: Archaludon|Electro Shot|p2a: Annihilape
|-damage|p2a: Annihilape|0 fnt
|faint|p2a: Annihilape
|
|-weather|RainDance|[upkeep]
|-heal|p1b: Archaludon|90/100|[from] item: Leftovers
|-damage|p2b: Dragonite|63/100 brn|[from] brn
|upkeep
|
|t:|1782312897
|switch|p2a: Kingambit|Kingambit, L50, M|100/100
|turn|7
|c|☆VentaMujeresMalaga|naa gg está muy bien seteao
|
|t:|1782312920
|move|p2a: Kingambit|Sucker Punch|p1a: Swampert
|-damage|p1a: Swampert|67/100
|-damage|p2a: Kingambit|90/100|[from] item: Life Orb
|move|p1a: Swampert|High Horsepower|p2a: Kingambit
|-supereffective|p2a: Kingambit|1
|-damage|p2a: Kingambit|0 fnt
|faint|p2a: Kingambit
|move|p2b: Dragonite|Dragon Claw|p1a: Swampert
|-damage|p1a: Swampert|47/100
|move|p1b: Archaludon|Dragon Pulse|p2b: Dragonite
|-supereffective|p2b: Dragonite|1
|-damage|p2b: Dragonite|0 fnt
|faint|p2b: Dragonite
|
|win|Rokesaurio
||VentaMujeresMalaga is ready for game 2.
||Rokesaurio is ready for game 2.
|uhtml|next|Next: Game 2 of 3
|c|☆Rokesaurio|gg
