|j|☆FX Demon1
|j|☆AnriVGC
|html|FX Demon1AnriVGC    
|uhtml|bestof|Game 3 of a best-of-3
|t:|1756234057
|gametype|doubles
|player|p1|FX Demon1|102|1040
|player|p2|AnriVGC|hilda-masters3|1114
|gen|9
|tier|[Gen 9] VGC 2025 Reg H (Bo3)
|rated|
|rule|Species Clause: Limit one of each Pokémon
|rule|Item Clause: Limit 1 of each item
|clearpoke
|poke|p1|Charizard, L50, F|
|poke|p1|Torkoal, L50, M|
|poke|p1|Porygon2, L50|
|poke|p1|Incineroar, L50, M|
|poke|p1|Jumpluff, L50, F|
|poke|p1|Ursaluna, L50, F|
|poke|p2|Gholdengo, L50|
|poke|p2|Sneasler, L50, M|
|poke|p2|Rillaboom, L50, M|
|poke|p2|Dragonite, L50, M|
|poke|p2|Ninetales-Alola, L50, M|
|poke|p2|Arcanine-Hisui, L50, M|
|teampreview|4
|showteam|p1|Charizard||ChoiceSpecs|SolarPower|HeatWave,Overheat,WeatherBall,AirSlash|||F|||50|,,,,,Ghost]Torkoal||EjectPack|Drought|Eruption,Overheat,HelpingHand,Protect|||M|||50|,,,,,Fire]Porygon2||Eviolite|Download|IceBeam,TeraBlast,TrickRoom,Recover||||||50|,,,,,Fighting]Incineroar||SitrusBerry|Intimidate|FlareBlitz,KnockOff,FakeOut,PartingShot|||M|||50|,,,,,Ghost]Jumpluff||CovertCloak|Chlorophyll|SleepPowder,SunnyDay,RagePowder,Tailwind|||F|||50|,,,,,Water]Ursaluna||FlameOrb|Guts|HeadlongRush,Facade,Earthquake,Protect|||F|||50|,,,,,Ghost
|showteam|p2|Gholdengo||GrassySeed|GoodasGold|NastyPlot,MakeItRain,ShadowBall,Protect||||||50|,,,,,Water]Sneasler||FocusSash|Unburden|CloseCombat,DireClaw,Coaching,FakeOut|||M|||50|,,,,,Ghost]Rillaboom||AssaultVest|GrassySurge|FakeOut,GrassyGlide,DrumBeating,HighHorsepower|||M|||50|,,,,,Fire]Dragonite||LoadedDice|Multiscale|ScaleShot,StompingTantrum,Haze,Protect|||M|||50|,,,,,Steel]Ninetales-Alola||CovertCloak|SnowWarning|IcyWind,Blizzard,Encore,AuroraVeil|||M|||50|,,,,,Water]Arcanine-Hisui||ClearAmulet|Intimidate|RockSlide,FlareBlitz,ExtremeSpeed,Protect|||M|||50|,,,,,Water
|inactive|Battle timer is ON: inactive players will automatically lose when time's up. (requested by FX Demon1)
|
|t:|1756234118
|teamsize|p1|4
|teamsize|p2|4
|start
|switch|p1a: Porygon2|Porygon2, L50|100/100
|switch|p1b: Incineroar|Incineroar, L50, M|100/100
|switch|p2a: Sneasler|Sneasler, L50, M|100/100
|switch|p2b: Arcanine|Arcanine-Hisui, L50, M|100/100
|-ability|p2b: Arcanine|Intimidate|boost
|-unboost|p1a: Porygon2|atk|1
|-unboost|p1b: Incineroar|atk|1
|-ability|p1b: Incineroar|Intimidate|boost
|-unboost|p2a: Sneasler|atk|1
|-fail|p2b: Arcanine|unboost|[from] item: Clear Amulet|[of] p2b: Arcanine
|-ability|p1a: Porygon2|Download|boost
|-boost|p1a: Porygon2|atk|1
|turn|1
|
|t:|1756234142
|move|p2a: Sneasler|Fake Out|p1a: Porygon2
|-damage|p1a: Porygon2|94/100
|move|p1b: Incineroar|Fake Out|p2a: Sneasler
|-damage|p2a: Sneasler|86/100
|move|p2b: Arcanine|Rock Slide|p1b: Incineroar|[spread] p1b
|-miss|p2b: Arcanine|p1a: Porygon2
|-supereffective|p1b: Incineroar
|-damage|p1b: Incineroar|53/100
|cant|p1a: Porygon2|flinch
|
|upkeep
|turn|2
|
|t:|1756234158
|move|p2a: Sneasler|Close Combat|p1a: Porygon2
|-supereffective|p1a: Porygon2
|-damage|p1a: Porygon2|31/100
|-unboost|p2a: Sneasler|def|1
|-unboost|p2a: Sneasler|spd|1
|move|p2b: Arcanine|Rock Slide|p1b: Incineroar|[spread] p1a,p1b
|-supereffective|p1b: Incineroar
|-damage|p1a: Porygon2|14/100
|-damage|p1b: Incineroar|0 fnt
|faint|p1b: Incineroar
|cant|p1a: Porygon2|flinch
|
|upkeep
|l|☆FX Demon1
|inactive|FX Demon1 disconnected and has a minute to reconnect!
|player|p1|
|inactive|FX Demon1 has 30 seconds left.
|inactive|FX Demon1 has 20 seconds left.
|inactive|FX Demon1 has 15 seconds left.
|inactive|FX Demon1 has 10 seconds left.
|inactive|FX Demon1 has 5 seconds left.
|-message|FX Demon1 lost due to inactivity.
|
|win|AnriVGC
|raw|FX Demon1's rating: 1040 → 1027(-13 for losing)
|raw|AnriVGC's rating: 1114 → 1134(+20 for winning)
