|j|☆mudkipc4
|j|☆TheLegendShadow
|html|mudkipc4TheLegendShadow    
|uhtml|bestof|Game 1 of a best-of-3
|t:|1782577166
|gametype|doubles
|player|p1|mudkipc4|pokemaniac|1116
|player|p2|TheLegendShadow|170|1040
|gen|9
|tier|[Gen 9 Champions] VGC 2026 Reg M-B (Bo3)
|rated|
|rule|Species Clause: Limit one of each Pokémon
|rule|Item Clause: Limit 1 of each item
|clearpoke
|poke|p1|Mawile, L50, F|
|poke|p1|Farigiraf, L50, M|
|poke|p1|Tyranitar, L50, F|
|poke|p1|Gengar, L50, F|
|poke|p1|Grimmsnarl, L50, M|
|poke|p1|Hydreigon, L50, M|
|poke|p2|Metagross, L50|
|poke|p2|Swampert, L50, M|
|poke|p2|Pelipper, L50, F|
|poke|p2|Sinistcha-Masterpiece, L50|
|poke|p2|Archaludon, L50, M|
|poke|p2|Grimmsnarl, L50, M|
|teampreview|4
|showteam|p1|Mawile||Mawilite|Intimidate|PlayRough,IronHead,SuckerPunch,Protect|Brave||F|||50|]Farigiraf||SitrusBerry|ArmorTail|TrickRoom,Psychic,Protect,Imprison|Bold||M|||50|]Tyranitar||FocusSash|SandStream|RockSlide,BrickBreak,KnockOff,Protect|Adamant||F|||50|]Gengar||Gengarite|CursedBody|SludgeBomb,ShadowBall,Protect,WillOWisp|Timid||F|||50|]Grimmsnarl||LightClay|Prankster|FakeOut,PartingShot,Reflect,SpiritBreak|Impish||M|||50|]Hydreigon||ChoiceScarf|Levitate|DarkPulse,DracoMeteor,EarthPower,Snarl|Modest||M|||50|
|showteam|p2|Metagross||Metagrossite|ClearBody|BodyPress,IronHead,PsychicFangs,Protect|Jolly|||||50|]Swampert||Swampertite|Torrent|IcePunch,WaveCrash,Earthquake,Protect|Serious||M|||50|]Pelipper||SitrusBerry|Drizzle|WeatherBall,Tailwind,Hurricane,WideGuard|Modest||F|||50|]Sinistcha-Masterpiece||CobaBerry|Hospitality|MatchaGotcha,RagePowder,Protect,TrickRoom|Bold|||||50|]Archaludon||Leftovers|Stamina|ElectroShot,FlashCannon,DragonPulse,Protect|Modest||M|||50|]Grimmsnarl||LightClay|Prankster|FoulPlay,LightScreen,Reflect,PartingShot|Careful||M|||50|
|
|t:|1782577199
|teamsize|p1|4
|teamsize|p2|4
|start
|switch|p1a: Charybdis|Gengar, L50, F|100/100
|switch|p1b: Gorgon|Grimmsnarl, L50, M|100/100
|switch|p2a: Grimmsnarl|Grimmsnarl, L50, M|100/100
|switch|p2b: Archaludon|Archaludon, L50, M|100/100
|turn|1
|
|t:|1782577212
|detailschange|p1a: Charybdis|Gengar-Mega, L50, F
|-mega|p1a: Charybdis|Gengar|Gengarite
|move|p1b: Gorgon|Fake Out|p2b: Archaludon
|-resisted|p2b: Archaludon|1
|-damage|p2b: Archaludon|95/100
|-ability|p2b: Archaludon|Stamina|boost
|-boost|p2b: Archaludon|def|1
|move|p2a: Grimmsnarl|Light Screen|p2a: Grimmsnarl
|-sidestart|p2: TheLegendShadow|move: Light Screen
|move|p1a: Charybdis|Shadow Ball|p2b: Archaludon
|-damage|p2b: Archaludon|65/100
|-unboost|p2b: Archaludon|spd|1
|-ability|p2b: Archaludon|Stamina|boost
|-boost|p2b: Archaludon|def|1
|cant|p2b: Archaludon|flinch
|
|-heal|p2b: Archaludon|71/100|[from] item: Leftovers
|upkeep
|turn|2
|
|t:|1782577231
|move|p1a: Charybdis|Protect|p1a: Charybdis
|-singleturn|p1a: Charybdis|Protect
|move|p2a: Grimmsnarl|Reflect|p2a: Grimmsnarl
|-sidestart|p2: TheLegendShadow|Reflect
|move|p2b: Archaludon|Flash Cannon|p1b: Gorgon
|-supereffective|p1b: Gorgon|1
|-damage|p1b: Gorgon|16/100
|move|p1b: Gorgon|Spirit Break|p2a: Grimmsnarl
|-supereffective|p2a: Grimmsnarl|1
|-damage|p2a: Grimmsnarl|50/100y
|-unboost|p2a: Grimmsnarl|spa|1
|
|-heal|p2b: Archaludon|77/100|[from] item: Leftovers
|upkeep
|turn|3
|
|t:|1782577246
|switch|p1a: Hydra|Hydreigon, L50, M|100/100
|move|p1b: Gorgon|Parting Shot|p2b: Archaludon
|-unboost|p2b: Archaludon|atk|1
|-unboost|p2b: Archaludon|spa|1
|
|t:|1782577253
|switch|p1b: Charybdis|Gengar-Mega, L50, F|100/100|[from] Parting Shot
|move|p2a: Grimmsnarl|Foul Play|p1a: Hydra
|-resisted|p1a: Hydra|1
|-damage|p1a: Hydra|82/100
|move|p2b: Archaludon|Flash Cannon|p1b: Charybdis
|-damage|p1b: Charybdis|69/100
|-unboost|p1b: Charybdis|spd|1
|
|-heal|p2b: Archaludon|83/100|[from] item: Leftovers
|upkeep
|turn|4
|l|☆TheLegendShadow
|player|p2|
|j|☆TheLegendShadow
|player|p2|TheLegendShadow|170|
|
|t:|1782577298
|move|p1b: Charybdis|Protect|p1b: Charybdis
|-singleturn|p1b: Charybdis|Protect
|move|p2b: Archaludon|Protect|p2b: Archaludon
|-singleturn|p2b: Archaludon|Protect
|move|p2a: Grimmsnarl|Parting Shot|p1b: Charybdis
|-activate|p1b: Charybdis|move: Protect
|move|p1a: Hydra|Earth Power|p2b: Archaludon
|-activate|p2b: Archaludon|move: Protect
|
|-heal|p2b: Archaludon|89/100|[from] item: Leftovers
|upkeep
|turn|5
|
|t:|1782577308
|switch|p1b: Gorgon|Grimmsnarl, L50, M|16/100
|move|p2a: Grimmsnarl|Parting Shot|p1b: Gorgon
|-hint|Since gen 7, Dark is immune to Prankster moves.
|-immune|p1b: Gorgon
|move|p1a: Hydra|Earth Power|p2b: Archaludon
|-supereffective|p2b: Archaludon|1
|-crit|p2b: Archaludon
|-damage|p2b: Archaludon|0 fnt
|faint|p2b: Archaludon
|
|upkeep
|
|t:|1782577320
|switch|p2b: Pelipper|Pelipper, L50, F|100/100
|-weather|RainDance|[from] ability: Drizzle|[of] p2b: Pelipper
|turn|6
|
|t:|1782577330
|move|p1b: Gorgon|Parting Shot|p2b: Pelipper
|-unboost|p2b: Pelipper|atk|1
|-unboost|p2b: Pelipper|spa|1
|
|t:|1782577332
|switch|p1b: Typhon|Tyranitar, L50, F|100/100|[from] Parting Shot
|-weather|Sandstorm|[from] ability: Sand Stream|[of] p1b: Typhon
|move|p1a: Hydra|Earth Power|p2a: Grimmsnarl
|-damage|p2a: Grimmsnarl|27/100
|move|p2b: Pelipper|Tailwind|p2b: Pelipper
|-sidestart|p2: TheLegendShadow|move: Tailwind
|move|p2a: Grimmsnarl|Foul Play|p1b: Typhon
|-resisted|p1b: Typhon|1
|-damage|p1b: Typhon|76/100
|
|-weather|Sandstorm|[upkeep]
|-damage|p2b: Pelipper|94/100|[from] Sandstorm
|-damage|p1a: Hydra|76/100|[from] Sandstorm
|-damage|p2a: Grimmsnarl|21/100|[from] Sandstorm
|upkeep
|turn|7
|
|t:|1782577346
|switch|p1a: Gorgon|Grimmsnarl, L50, M|16/100
|switch|p2a: Swampert|Swampert, L50, M|100/100
|move|p2b: Pelipper|Wide Guard|p2b: Pelipper
|-singleturn|p2b: Pelipper|Wide Guard
|move|p1b: Typhon|Knock Off|p2b: Pelipper
|-damage|p2b: Pelipper|45/100
|-enditem|p2b: Pelipper|Sitrus Berry|[from] move: Knock Off|[of] p1b: Typhon
|
|-weather|Sandstorm|[upkeep]
|-damage|p2b: Pelipper|39/100|[from] Sandstorm
|-damage|p1a: Gorgon|10/100|[from] Sandstorm
|upkeep
|turn|8
|
|t:|1782577368
|switch|p2b: Grimmsnarl|Grimmsnarl, L50, M|21/100
|switch|p1b: Charybdis|Gengar-Mega, L50, F|69/100
|detailschange|p2a: Swampert|Swampert-Mega, L50, M
|-mega|p2a: Swampert|Swampert|Swampertite
|move|p1a: Gorgon|Fake Out|p2a: Swampert
|-damage|p2a: Swampert|94/100
|cant|p2a: Swampert|flinch
|
|-weather|Sandstorm|[upkeep]
|-damage|p2b: Grimmsnarl|15/100|[from] Sandstorm
|-damage|p1b: Charybdis|63/100|[from] Sandstorm
|-damage|p1a: Gorgon|4/100|[from] Sandstorm
|-sideend|p2: TheLegendShadow|move: Light Screen
|upkeep
|turn|9
|
|t:|1782577381
|move|p1b: Charybdis|Protect|p1b: Charybdis
|-singleturn|p1b: Charybdis|Protect
|move|p2b: Grimmsnarl|Light Screen|p2b: Grimmsnarl
|-sidestart|p2: TheLegendShadow|move: Light Screen
|move|p1a: Gorgon|Parting Shot|p2a: Swampert
|-unboost|p2a: Swampert|atk|1
|-unboost|p2a: Swampert|spa|1
|
|t:|1782577386
|switch|p1a: Hydra|Hydreigon, L50, M|76/100|[from] Parting Shot
|move|p2a: Swampert|Wave Crash|p1b: Charybdis
|-activate|p1b: Charybdis|move: Protect
|
|-weather|Sandstorm|[upkeep]
|-damage|p1a: Hydra|70/100|[from] Sandstorm
|-damage|p2b: Grimmsnarl|9/100|[from] Sandstorm
|-damage|p1b: Charybdis|57/100|[from] Sandstorm
|-sideend|p2: TheLegendShadow|Reflect
|-sideend|p2: TheLegendShadow|move: Tailwind
|upkeep
|turn|10
|
|t:|1782577401
|switch|p1b: Gorgon|Grimmsnarl, L50, M|4/100
|move|p2b: Grimmsnarl|Reflect|p2b: Grimmsnarl
|-sidestart|p2: TheLegendShadow|Reflect
|move|p1a: Hydra|Dark Pulse|p2b: Grimmsnarl
|-resisted|p2b: Grimmsnarl|2
|-damage|p2b: Grimmsnarl|1/100
|move|p2a: Swampert|Wave Crash|p1b: Gorgon
|-damage|p1b: Gorgon|0 fnt
|faint|p1b: Gorgon
|-damage|p2a: Swampert|92/100|[from] Recoil
|
|-weather|none
|upkeep
|
|t:|1782577419
|switch|p1b: Typhon|Tyranitar, L50, F|76/100
|-weather|Sandstorm|[from] ability: Sand Stream|[of] p1b: Typhon
|turn|11
|
|t:|1782577431
|move|p2a: Swampert|Protect|p2a: Swampert
|-singleturn|p2a: Swampert|Protect
|move|p1b: Typhon|Protect|p1b: Typhon
|-singleturn|p1b: Typhon|Protect
|move|p1a: Hydra|Dark Pulse|p2a: Swampert
|-activate|p2a: Swampert|move: Protect
|move|p2b: Grimmsnarl|Foul Play|p1b: Typhon
|-activate|p1b: Typhon|move: Protect
|
|-weather|Sandstorm|[upkeep]
|-damage|p1a: Hydra|64/100|[from] Sandstorm
|-damage|p2b: Grimmsnarl|0 fnt|[from] Sandstorm
|faint|p2b: Grimmsnarl
|upkeep
|
|t:|1782577439
|switch|p2b: Pelipper|Pelipper, L50, F|39/100
|-weather|RainDance|[from] ability: Drizzle|[of] p2b: Pelipper
|turn|12
|
|t:|1782577449
|switch|p1b: Charybdis|Gengar-Mega, L50, F|57/100
|move|p2a: Swampert|Wave Crash|p1b: Charybdis
|-damage|p1b: Charybdis|0 fnt
|faint|p1b: Charybdis
|-damage|p2a: Swampert|77/100|[from] Recoil
|move|p1a: Hydra|Dark Pulse|p2b: Pelipper
|-damage|p2b: Pelipper|0 fnt
|faint|p2b: Pelipper
|
|-weather|RainDance|[upkeep]
|upkeep
|
|t:|1782577460
|switch|p1b: Typhon|Tyranitar, L50, F|76/100
|-weather|Sandstorm|[from] ability: Sand Stream|[of] p1b: Typhon
|turn|13
|
|t:|1782577467
|move|p1a: Hydra|Dark Pulse|p2a: Swampert
|-damage|p2a: Swampert|53/100
|move|p2a: Swampert|Wave Crash|p1b: Typhon
|-supereffective|p1b: Typhon|1
|-damage|p1b: Typhon|6/100
|-damage|p2a: Swampert|32/100|[from] Recoil
|move|p1b: Typhon|Brick Break|p2a: Swampert
|-sideend|p2: TheLegendShadow|Reflect
|-sideend|p2: TheLegendShadow|move: Light Screen
|-damage|p2a: Swampert|7/100
|
|-weather|Sandstorm|[upkeep]
|-damage|p1a: Hydra|58/100|[from] Sandstorm
|upkeep
|turn|14
|
|t:|1782577477
|move|p1a: Hydra|Dark Pulse|p2a: Swampert
|-damage|p2a: Swampert|0 fnt
|faint|p2a: Swampert
|
|win|mudkipc4
||mudkipc4 is ready for game 2.
||TheLegendShadow is ready for game 2.
|uhtml|next|Next: Game 2 of 3
|l|☆TheLegendShadow
|player|p2|
