|j|☆spellbreakvgc
|j|☆sbhaga34
|html|spellbreakvgcsbhaga34    
|uhtml|bestof|Game 3 of a best-of-3
|t:|1756909435
|gametype|doubles
|player|p1|spellbreakvgc|lance|1145
|player|p2|sbhaga34|hugh|1219
|gen|9
|tier|[Gen 9] VGC 2025 Reg H (Bo3)
|rated|
|rule|Species Clause: Limit one of each Pokémon
|rule|Item Clause: Limit 1 of each item
|clearpoke
|poke|p1|Archaludon, L50, M|
|poke|p1|Pelipper, L50, M|
|poke|p1|Basculegion, L50, M|
|poke|p1|Sinistcha, L50|
|poke|p1|Electrode-Hisui, L50|
|poke|p1|Spiritomb, L50, F|
|poke|p2|Indeedee-F, L50, F|
|poke|p2|Hydreigon, L50, M|
|poke|p2|Tyranitar, L50, M|
|poke|p2|Excadrill, L50, F|
|poke|p2|Gardevoir, L50, M|
|poke|p2|Ursaluna-Bloodmoon, L50, M|
|teampreview|4
|showteam|p1|Archaludon||AssaultVest|Stamina|DragonPulse,Snarl,ElectroShot,BodyPress|||M|||50|,,,,,Bug]Pelipper||FocusSash|Drizzle|WeatherBall,Hurricane,Tailwind,Protect|||M|||50|,,,,,Stellar]Basculegion||LifeOrb|SwiftSwim|WaveCrash,LastRespects,AquaJet,Protect|||M|||50|,,,,,Grass]Sinistcha||SitrusBerry|Hospitality|MatchaGotcha,StrengthSap,RagePowder,TrickRoom||||||50|,,,,,Fire]Electrode-Hisui||LoadedDice|Soundproof|BulletSeed,Electroweb,Taunt,ThunderWave||||||50|,,,,,Ghost]Spiritomb||BlackGlasses|Pressure|DarkPulse,Snarl,TrickRoom,Imprison|||F|||50|,,,,,Water
|showteam|p2|Indeedee-F||SafetyGoggles|PsychicSurge|FollowMe,TrickRoom,HelpingHand,Psychic|||F|||50|,,,,,Fairy]Hydreigon||CovertCloak|Levitate|DracoMeteor,Flamethrower,Tailwind,Taunt|||M|||50|,,,,,Fire]Tyranitar||WeaknessPolicy|SandStream|RockSlide,KnockOff,LowKick,Protect|||M|||50|,,,,,Flying]Excadrill||FocusSash|SandRush|Earthquake,IronHead,SwordsDance,Protect|||F|||50|,,,,,Ground]Gardevoir||ChoiceScarf|Telepathy|ExpandingForce,DazzlingGleam,Moonblast,IcyWind|||M|||50|,,,,,Psychic]Ursaluna-Bloodmoon||AssaultVest|MindsEye|BloodMoon,HyperVoice,EarthPower,VacuumWave|||M|||50|,,,,,Water
|inactive|Battle timer is ON: inactive players will automatically lose when time's up. (requested by sbhaga34)
|inactive|spellbreakvgc also wants the timer to be on.
|c|☆sbhaga34|bro that was literally 49%
|c|☆sbhaga34|to hit 2 hurricanes out of rain!
|c|☆spellbreakvgc|and your crit?
|c|☆spellbreakvgc|how much %?
|inactive|spellbreakvgc has 60 seconds left.
|c|☆sbhaga34|didnt matter wouldve ko'd anyway
|inactive|spellbreakvgc has 30 seconds left.
|
|t:|1756909510
|teamsize|p1|4
|teamsize|p2|4
|start
|switch|p1a: Basculegion|Basculegion, L50, M|100/100
|switch|p1b: Pelipper|Pelipper, L50, M|100/100
|switch|p2a: Indeedee|Indeedee-F, L50, F|100/100
|switch|p2b: Excadrill|Excadrill, L50, F, shiny|100/100
|-weather|RainDance|[from] ability: Drizzle|[of] p1b: Pelipper
|-fieldstart|move: Psychic Terrain|[from] ability: Psychic Surge|[of] p2a: Indeedee
|turn|1
|
|t:|1756909520
|switch|p2b: Tyranitar|Tyranitar, L50, M|100/100
|-weather|Sandstorm|[from] ability: Sand Stream|[of] p2b: Tyranitar
|move|p1a: Basculegion|Wave Crash|p2a: Indeedee
|-damage|p2a: Indeedee|18/100
|-damage|p1a: Basculegion|76/100|[from] Recoil
|-damage|p1a: Basculegion|67/100|[from] item: Life Orb
|move|p1b: Pelipper|Tailwind|p1b: Pelipper
|-sidestart|p1: spellbreakvgc|move: Tailwind
|move|p2a: Indeedee|Trick Room|p2a: Indeedee
|-fieldstart|move: Trick Room|[of] p2a: Indeedee
|
|-weather|Sandstorm|[upkeep]
|-damage|p1b: Pelipper|95/100|[from] Sandstorm
|-damage|p1a: Basculegion|60/100|[from] Sandstorm
|upkeep
|turn|2
|inactive|spellbreakvgc has 30 seconds left.
|
|t:|1756909550
|switch|p1b: Electrode|Electrode-Hisui, L50|100/100
|switch|p1a: Archaludon|Archaludon, L50, M|100/100
|move|p2b: Tyranitar|Knock Off|p1a: Archaludon
|-damage|p1a: Archaludon|57/100
|-ability|p1a: Archaludon|Stamina|boost
|-boost|p1a: Archaludon|def|1
|-enditem|p1a: Archaludon|Assault Vest|[from] move: Knock Off|[of] p2b: Tyranitar
|move|p2a: Indeedee|Psychic|p1b: Electrode
|-damage|p1b: Electrode|52/100
|
|-weather|Sandstorm|[upkeep]
|-damage|p1b: Electrode|46/100|[from] Sandstorm
|upkeep
|turn|3
|-message|spellbreakvgc forfeited.
|
|win|sbhaga34
