|j|☆meikh_neiht
|j|☆migolazo04
|html|meikh_neihtmigolazo04    
|uhtml|bestof|Game 2 of a best-of-3
|t:|1783243478
|gametype|doubles
|player|p1|meikh_neiht|lucas|1282
|player|p2|migolazo04|1|1254
|gen|9
|tier|[Gen 9 Champions] VGC 2026 Reg M-B (Bo3)
|rated|
|rule|Species Clause: Limit one of each Pokémon
|rule|Item Clause: Limit 1 of each item
|clearpoke
|poke|p1|Staraptor, L50, M|
|poke|p1|Sinistcha, L50|
|poke|p1|Maushold, L50|
|poke|p1|Kingambit, L50, M|
|poke|p1|Sneasler, L50, M|
|poke|p1|Delphox, L50, M|
|poke|p2|Grimmsnarl, L50, M|
|poke|p2|Pelipper, L50, M|
|poke|p2|Sinistcha, L50|
|poke|p2|Archaludon, L50, M|
|poke|p2|Metagross, L50|
|poke|p2|Swampert, L50, M|
|teampreview|4
|showteam|p1|Staraptor||Staraptite|Intimidate|CloseCombat,BraveBird,Roost,Protect|Adamant||M|||50|]Sinistcha||SitrusBerry|Hospitality|RagePowder,MatchaGotcha,StrengthSap,LifeDew|Calm|||||50|]Maushold||ChopleBerry|FriendGuard|Encore,Charm,FollowMe,Protect|Timid|||||50|]Kingambit||BlackGlasses|Defiant|KowtowCleave,SuckerPunch,SwordsDance,Protect|Adamant||M|||50|]Sneasler||WhiteHerb|Unburden|CloseCombat,DireClaw,FakeOut,Protect|Jolly||M|||50|]Delphox||Delphoxite|Blaze|HeatWave,Psyshock,NastyPlot,Protect|Timid||M|||50|
|showteam|p2|Grimmsnarl||LightClay|Prankster|SpiritBreak,PartingShot,Reflect,LightScreen|Careful||M|||50|]Pelipper||LifeOrb|Drizzle|WeatherBall,Hurricane,HelpingHand,Tailwind|Modest||M|||50|]Sinistcha||KasibBerry|Hospitality|Protect,RagePowder,MatchaGotcha,TrickRoom|Bold|||||50|]Archaludon||Leftovers|Stamina|Protect,DragonPulse,FlashCannon,ElectroShot|Modest||M|||50|]Metagross||Metagrossite|ClearBody|Protect,PsychicFangs,IronHead,StompingTantrum|Jolly|||||50|]Swampert||Swampertite|Damp|Protect,WaveCrash,HighHorsepower,IcePunch|Adamant||M|||50|
|inactive|Battle timer is ON: inactive players will automatically lose when time's up. (requested by meikh_neiht)
|inactive|migolazo04 has 60 seconds left.
|
|t:|1783243574
|teamsize|p1|4
|teamsize|p2|4
|start
|switch|p1a: Maushold|Maushold, L50|100/100
|switch|p1b: Staraptor|Staraptor, L50, M|100/100
|switch|p2a: Grimmsnarl|Grimmsnarl, L50, M|100/100
|switch|p2b: Metagross|Metagross, L50|100/100
|-ability|p1b: Staraptor|Intimidate|boost
|-unboost|p2a: Grimmsnarl|atk|1
|-fail|p2b: Metagross|unboost|[from] ability: Clear Body|[of] p2b: Metagross
|turn|1
|inactive|meikh_neiht has 30 seconds left.
|inactive|migolazo04 has 30 seconds left.
|inactive|migolazo04 has 20 seconds left.
|
|t:|1783243613
|detailschange|p1b: Staraptor|Staraptor-Mega, L50, M
|-mega|p1b: Staraptor|Staraptor|Staraptite
|detailschange|p2b: Metagross|Metagross-Mega, L50
|-mega|p2b: Metagross|Metagross|Metagrossite
|move|p1b: Staraptor|Protect|p1b: Staraptor
|-singleturn|p1b: Staraptor|Protect
|move|p2a: Grimmsnarl|Reflect|p2a: Grimmsnarl
|-sidestart|p2: migolazo04|Reflect
|move|p1a: Maushold|Charm|p2b: Metagross
|-unboost|p2b: Metagross|atk|2
|move|p2b: Metagross|Psychic Fangs|p1b: Staraptor
|-activate|p1b: Staraptor|move: Protect
|
|upkeep
|turn|2
|inactive|migolazo04 has 30 seconds left.
|inactive|migolazo04 has 20 seconds left.
|inactive|migolazo04 has 15 seconds left.
|inactive|migolazo04 has 10 seconds left.
|
|t:|1783243660
|switch|p2b: Pelipper|Pelipper, L50, M|100/100
|-weather|RainDance|[from] ability: Drizzle|[of] p2b: Pelipper
|switch|p2a: Archaludon|Archaludon, L50, M|100/100
|move|p1a: Maushold|Charm|p1b: Staraptor
|-boost|p1b: Staraptor|atk|2
|move|p1b: Staraptor|Close Combat|p2b: Pelipper
|-resisted|p2b: Pelipper|1
|-damage|p2b: Pelipper|47/100
|-boost|p1b: Staraptor|def|1
|-boost|p1b: Staraptor|spd|1
|
|-weather|RainDance|[upkeep]
|upkeep
|turn|3
|inactive|meikh_neiht has 30 seconds left.
|inactive|migolazo04 has 30 seconds left.
|inactive|meikh_neiht has 20 seconds left.
|inactive|meikh_neiht has 15 seconds left.
|
|t:|1783243700
|move|p2a: Archaludon|Protect|p2a: Archaludon
|-singleturn|p2a: Archaludon|Protect
|move|p1a: Maushold|Follow Me|p1a: Maushold
|-singleturn|p1a: Maushold|move: Follow Me
|move|p1b: Staraptor|Close Combat|p2b: Pelipper
|-resisted|p2b: Pelipper|1
|-damage|p2b: Pelipper|0 fnt
|-boost|p1b: Staraptor|def|1
|-boost|p1b: Staraptor|spd|1
|faint|p2b: Pelipper
|
|-weather|RainDance|[upkeep]
|upkeep
|-message|migolazo04 forfeited.
|
|win|meikh_neiht
|raw|meikh_neiht's rating: 1282 → 1305(+23 for winning)
|raw|migolazo04's rating: 1254 → 1231(-23 for losing)
|l|☆migolazo04
|player|p2|
|c|☆meikh_neiht|i love this birb
