|j|☆tonsofpax
|j|☆themadshow
|html|tonsofpaxthemadshow    
|uhtml|bestof|Game 3 of a best-of-3
|t:|1756748090
|gametype|doubles
|player|p1|tonsofpax|bellelba|
|player|p2|themadshow|1|
|gen|9
|tier|[Gen 9] VGC 2025 Reg H (Bo3)
|rule|Species Clause: Limit one of each Pokémon
|rule|Item Clause: Limit 1 of each item
|clearpoke
|poke|p1|Indeedee-F, L50, F|
|poke|p1|Oricorio-Sensu, L50, F|
|poke|p1|Tauros-Paldea-Blaze, L50, M|
|poke|p1|Gastrodon-East, L50, F|
|poke|p1|Ribombee, L50, M|
|poke|p1|Raichu, L50, M|
|poke|p2|Torkoal, L50, M|
|poke|p2|Lilligant-Hisui, L50, F|
|poke|p2|Maushold, L50|
|poke|p2|Zebstrika, L50, M|
|poke|p2|Clefairy, L50, M|
|poke|p2|Gastrodon, L50, F|
|teampreview|4
|showteam|p1|Indeedee-F||RockyHelmet|PsychicSurge|FollowMe,TrickRoom,DazzlingGleam,HelpingHand|||F|||50|,,,,,Grass]Oricorio-Sensu||LifeOrb|Dancer|RevelationDance,AirSlash,QuiverDance,Protect|||F|||50|,,,,,Grass]Tauros-Paldea-Blaze||SafetyGoggles|Intimidate|FlareBlitz,CloseCombat,Protect,RagingBull|||M|||50|,,,,,Fire]Gastrodon-East||SitrusBerry|StormDrain|ClearSmog,EarthPower,Yawn,Protect|||F|||50|,,,,,Ghost]Ribombee||FocusSash|ShieldDust|Tailwind,QuiverDance,PollenPuff,Moonblast|||M|||50|,,,,,Fairy]Raichu||AssaultVest|LightningRod|FakeOut,Nuzzle,KnockOff,VoltSwitch|||M|||50|,,,,,Ghost
|showteam|p2|Torkoal||Charcoal|Drought|Protect,Eruption,HeatWave,EarthPower|||M|||50|,,,,,Fire]Lilligant-Hisui||FocusSash|Chlorophyll|AfterYou,SleepPowder,PetalBlizzard,CloseCombat|||F|||50|,,,,,Ghost]Maushold||WideLens|Technician|PopulationBomb,Bite,Feint,Protect||||||50|,,,,,Normal]Zebstrika||LifeOrb|SapSipper|VoltSwitch,HighHorsepower,WildCharge,FlameCharge|||M|||50|,,,,,Ground]Clefairy||Eviolite|FriendGuard|FollowMe,LifeDew,HelpingHand,Protect|||M|||50|,,,,,Ghost]Gastrodon||Leftovers|StormDrain|ClearSmog,IcyWind,Yawn,Protect|||F|||50|,,,,,Poison
|inactive|Battle timer is ON: inactive players will automatically lose when time's up. (requested by tonsofpax)
|inactive|tonsofpax has 60 seconds left.
|inactive|themadshow has 60 seconds left.
|
|t:|1756748146
|teamsize|p1|4
|teamsize|p2|4
|start
|switch|p1a: Absolutelee|Indeedee-F, L50, F|100/100
|switch|p1b: Truthos|Tauros-Paldea-Blaze, L50, M|100/100
|switch|p2a: Torkoal|Torkoal, L50, M|100/100
|switch|p2b: Lilligant|Lilligant-Hisui, L50, F|100/100
|-ability|p1b: Truthos|Intimidate|boost
|-unboost|p2a: Torkoal|atk|1
|-unboost|p2b: Lilligant|atk|1
|-fieldstart|move: Psychic Terrain|[from] ability: Psychic Surge|[of] p1a: Absolutelee
|-weather|SunnyDay|[from] ability: Drought|[of] p2a: Torkoal
|turn|1
|inactive|themadshow has 30 seconds left.
|inactive|tonsofpax has 30 seconds left.
|inactive|themadshow has 20 seconds left.
|inactive|themadshow has 15 seconds left.
|inactive|tonsofpax has 20 seconds left.
|inactive|themadshow has 10 seconds left.
|
|t:|1756748193
|-terastallize|p1a: Absolutelee|Grass
|-terastallize|p2a: Torkoal|Fire
|move|p2b: Lilligant|Close Combat|p1b: Truthos
|-damage|p1b: Truthos|62/100
|-unboost|p2b: Lilligant|def|1
|-unboost|p2b: Lilligant|spd|1
|move|p1b: Truthos|Raging Bull|p2b: Lilligant
|-supereffective|p2b: Lilligant
|-enditem|p2b: Lilligant|Focus Sash
|-damage|p2b: Lilligant|1/100
|move|p1a: Absolutelee|Dazzling Gleam|p2b: Lilligant|[spread] p2a,p2b
|-resisted|p2a: Torkoal
|-supereffective|p2b: Lilligant
|-damage|p2a: Torkoal|93/100
|-damage|p2b: Lilligant|0 fnt
|faint|p2b: Lilligant
|move|p2a: Torkoal|Eruption|p1b: Truthos|[spread] p1a,p1b
|-supereffective|p1a: Absolutelee
|-resisted|p1b: Truthos
|-damage|p1a: Absolutelee|0 fnt
|-damage|p1b: Truthos|0 fnt
|faint|p1a: Absolutelee
|faint|p1b: Truthos
|
|-weather|SunnyDay|[upkeep]
|upkeep
|
|t:|1756748216
|switch|p2b: Maushold|Maushold, L50|100/100
|switch|p1b: Ribombagree|Ribombee, L50, M, shiny|100/100
|switch|p1a: Oriconsensus|Oricorio-Sensu, L50, F|100/100
|turn|2
|
|t:|1756748236
|move|p2b: Maushold|Feint|p1a: Oriconsensus
|-hint|Psychic Terrain doesn't affect Pokémon immune to Ground.
|-immune|p1a: Oriconsensus
|move|p1b: Ribombagree|Quiver Dance|p1b: Ribombagree
|-boost|p1b: Ribombagree|spa|1
|-boost|p1b: Ribombagree|spd|1
|-boost|p1b: Ribombagree|spe|1
|-activate|p1a: Oriconsensus|ability: Dancer
|move|p1a: Oriconsensus|Quiver Dance|p1a: Oriconsensus|[from] ability: Dancer
|-boost|p1a: Oriconsensus|spa|1
|-boost|p1a: Oriconsensus|spd|1
|-boost|p1a: Oriconsensus|spe|1
|move|p1a: Oriconsensus|Air Slash|p2b: Maushold
|-damage|p2b: Maushold|0 fnt
|faint|p2b: Maushold
|-damage|p1a: Oriconsensus|91/100|[from] item: Life Orb
|move|p2a: Torkoal|Heat Wave|p1a: Oriconsensus|[spread] p1a
|-miss|p2a: Torkoal|p1b: Ribombagree
|-damage|p1a: Oriconsensus|20/100
|
|-weather|SunnyDay|[upkeep]
|upkeep
|
|t:|1756748254
|switch|p2b: Zebstrika|Zebstrika, L50, M|100/100
|turn|3
|
|t:|1756748270
|move|p2a: Torkoal|Protect|p2a: Torkoal
|-singleturn|p2a: Torkoal|Protect
|move|p1b: Ribombagree|Pollen Puff|p1a: Oriconsensus
|-heal|p1a: Oriconsensus|70/100
|move|p1a: Oriconsensus|Revelation Dance|p2b: Zebstrika
|-damage|p2b: Zebstrika|0 fnt
|faint|p2b: Zebstrika
|-damage|p1a: Oriconsensus|60/100|[from] item: Life Orb
|
|-weather|SunnyDay|[upkeep]
|upkeep
|turn|4
|
|t:|1756748283
|move|p1b: Ribombagree|Quiver Dance|p1b: Ribombagree
|-boost|p1b: Ribombagree|spa|1
|-boost|p1b: Ribombagree|spd|1
|-boost|p1b: Ribombagree|spe|1
|-activate|p1a: Oriconsensus|ability: Dancer
|move|p1a: Oriconsensus|Quiver Dance|p1a: Oriconsensus|[from] ability: Dancer
|-boost|p1a: Oriconsensus|spa|1
|-boost|p1a: Oriconsensus|spd|1
|-boost|p1a: Oriconsensus|spe|1
|move|p1a: Oriconsensus|Revelation Dance|p2a: Torkoal
|-damage|p2a: Torkoal|0 fnt
|faint|p2a: Torkoal
|-damage|p1a: Oriconsensus|50/100|[from] item: Life Orb
|
|win|tonsofpax
|l|☆themadshow
|player|p2|
|c|☆tonsofpax|Gg
