|j|☆0-3 bagna cauda
|j|☆theraclod
|html|0-3 bagna caudatheraclod    
|uhtml|bestof|Game 1 of a best-of-3
|t:|1784745177
|gametype|doubles
|player|p1|0-3 bagna cauda|265|1087
|player|p2|theraclod|rocketgrunt|1000
|gen|9
|tier|[Gen 9 Champions] VGC 2026 Reg M-B (Bo3)
|rated|
|rule|Species Clause: Limit one of each Pokémon
|rule|Item Clause: Limit 1 of each item
|clearpoke
|poke|p1|Garchomp, L50, M|
|poke|p1|Venusaur, L50, M|
|poke|p1|Incineroar, L50, F|
|poke|p1|Charizard, L50, M|
|poke|p1|Toxapex, L50, F|
|poke|p1|Annihilape, L50, F|
|poke|p2|Malamar, L50, M|
|poke|p2|Sceptile, L50, M|
|poke|p2|Whimsicott, L50, M|
|poke|p2|Grimmsnarl, L50, M|
|poke|p2|Ceruledge, L50, M|
|poke|p2|Kingambit, L50, F|
|teampreview|4
|showteam|p1|Garchomp||ChoiceScarf|RoughSkin|Earthquake,RockSlide,DragonClaw,StompingTantrum|Adamant||M|||50|]Venusaur||LifeOrb|Chlorophyll|SludgeBomb,SolarBeam,EarthPower,Protect|Modest||M|||50|]Incineroar||SitrusBerry|Intimidate|FakeOut,FlareBlitz,ThroatChop,PartingShot|Impish||F|||50|]Charizard||CharizarditeY|Blaze|HeatWave,WeatherBall,Protect,HelpingHand|Modest||M|||50|]Toxapex||Leftovers|Regenerator|Infestation,Toxic,WideGuard,BanefulBunker|Impish||F|||50|]Annihilape||FocusSash|Defiant|CloseCombat,PhantomForce,RockTomb,Protect|Jolly||F|||50|
|showteam|p2|Malamar||ChoiceScarf|Contrary|SkillSwap,KnockOff,TopsyTurvy,Superpower|Serious||M|||50|]Sceptile||Sceptilite|Overgrow|LeafStorm,EarthPower,DragonPulse,Detect|Timid||M|||50|]Whimsicott||FocusSash|Prankster|FakeTears,Tailwind,Encore,Moonblast|Timid||M|||50|]Grimmsnarl||LightClay|Prankster|PartingShot,LightScreen,Reflect,FakeOut|Careful||M|||50|]Ceruledge||LifeOrb|FlashFire|BitterBlade,ShadowSneak,Poltergeist,CloseCombat|Jolly||M|||50|]Kingambit||Leftovers|Defiant|KowtowCleave,IronHead,Protect,LowKick|Adamant||F|||50|
|
|t:|1784745223
|teamsize|p1|4
|teamsize|p2|4
|start
|switch|p1a: Charizard|Charizard, L50, M|100/100
|switch|p1b: Venusaur|Venusaur, L50, M|100/100
|switch|p2a: Malamar|Malamar, L50, M|100/100
|switch|p2b: Kingambit|Kingambit, L50, F|100/100
|turn|1
|
|t:|1784745247
|detailschange|p1a: Charizard|Charizard-Mega-Y, L50, M
|-mega|p1a: Charizard|Charizard|Charizardite Y
|-weather|SunnyDay|[from] ability: Drought|[of] p1a: Charizard
|move|p2b: Kingambit|Protect|p2b: Kingambit
|-singleturn|p2b: Kingambit|Protect
|move|p1b: Venusaur|Earth Power|p2b: Kingambit
|-activate|p2b: Kingambit|move: Protect
|move|p2a: Malamar|Skill Swap|p1b: Venusaur
|-activate|p2a: Malamar|Skill Swap|Chlorophyll|Contrary|[of] p1b: Venusaur
|move|p1a: Charizard|Weather Ball|p2a: Malamar
|-damage|p2a: Malamar|0 fnt
|faint|p2a: Malamar
|
|-weather|SunnyDay|[upkeep]
|upkeep
|-message|theraclod forfeited.
|raw|0-3 bagna cauda's rating: 1087 → 1107(+20 for winning)
|raw|theraclod's rating: 1000 → 1000(+0 for losing)
|
|win|0-3 bagna cauda
|l|☆theraclod
|player|p2|
|l|☆0-3 bagna cauda
|player|p1|
|j|☆0-3 bagna cauda
|player|p1|0-3 bagna cauda|265|
