|j|☆Joker113
|j|☆lox1sm
|html|Joker113lox1sm    
|uhtml|bestof|Game 1 of a best-of-3
|t:|1783184454
|gametype|doubles
|player|p1|Joker113|169|1150
|player|p2|lox1sm|veteran|1252
|gen|9
|tier|[Gen 9 Champions] VGC 2026 Reg M-B (Bo3)
|rated|
|rule|Species Clause: Limit one of each Pokémon
|rule|Item Clause: Limit 1 of each item
|clearpoke
|poke|p1|Garchomp, L50, F|
|poke|p1|Maushold, L50|
|poke|p1|Incineroar, L50, F|
|poke|p1|Whimsicott, L50, F|
|poke|p1|Charizard, L50, M|
|poke|p1|Sneasler, L50, M|
|poke|p2|Charizard, L50, F|
|poke|p2|Aerodactyl, L50, F|
|poke|p2|Garchomp, L50, M|
|poke|p2|Kingambit, L50, M|
|poke|p2|Farigiraf, L50, M|
|poke|p2|Primarina, L50, F|
|teampreview|4
|showteam|p1|Garchomp||ChoiceScarf|SandVeil|Earthquake,DragonClaw,Crunch,RockSlide|Adamant||F|||50|]Maushold||WideLens|Technician|PopulationBomb,FollowMe,ThunderWave,Protect|Adamant|||||50|]Incineroar||SitrusBerry|Intimidate|FlareBlitz,FakeOut,PartingShot,DarkestLariat|Serious||F|||50|]Whimsicott||FocusSash|Prankster|Encore,Endeavor,Moonblast,Tailwind|Bold||F|||50|]Charizard||CharizarditeY|SolarPower|HeatWave,Protect,SolarBeam,WeatherBall|Modest||M|||50|]Sneasler||WhiteHerb|Unburden|CloseCombat,FakeOut,DireClaw,Protect|Adamant||M|||50|
|showteam|p2|Charizard||CharizarditeY|Blaze|HeatWave,WeatherBall,SolarBeam,Protect|Modest||F|||50|]Aerodactyl||Aerodactylite|Unnerve|RockSlide,IceFang,Tailwind,Protect|Jolly||F|||50|]Garchomp||LifeOrb|RoughSkin|DragonClaw,Earthquake,RockSlide,Protect|Jolly||M|||50|]Kingambit||FocusSash|Defiant|KowtowCleave,SuckerPunch,IronHead,LowKick|Adamant||M|||50|]Farigiraf||ExpertBelt|ArmorTail|Psychic,DazzlingGleam,Thunderbolt,TrickRoom|Modest||M|||50|]Primarina||MysticWater|LiquidVoice|HyperVoice,Moonblast,Haze,Protect|Modest||F|||50|
|inactive|Battle timer is ON: inactive players will automatically lose when time's up. (requested by Joker113)
|inactive|lox1sm has 60 seconds left.
|
|t:|1783184498
|teamsize|p1|4
|teamsize|p2|4
|start
|switch|p1a: Maushold|Maushold, L50|100/100
|switch|p1b: Sneasler|Sneasler, L50, M|100/100
|switch|p2a: Aerodactyl|Aerodactyl, L50, F|100/100
|switch|p2b: Kingambit|Kingambit, L50, M|100/100
|-ability|p2a: Aerodactyl|Unnerve
|turn|1
|
|t:|1783184516
|switch|p2a: Farigiraf|Farigiraf, L50, M|100/100
|switch|p2b: Garchomp|Garchomp, L50, M|100/100
|move|p1b: Sneasler|Fake Out||[still]
|cant|p2a: Farigiraf|ability: Armor Tail|Fake Out|[of] p1b: Sneasler
|move|p1a: Maushold|Thunder Wave|p2b: Garchomp
|-immune|p2b: Garchomp
|
|upkeep
|turn|2
|
|t:|1783184539
|switch|p2a: Aerodactyl|Aerodactyl, L50, F|100/100
|-ability|p2a: Aerodactyl|Unnerve
|move|p1b: Sneasler|Close Combat|p2a: Aerodactyl
|-damage|p2a: Aerodactyl|15/100
|-unboost|p1b: Sneasler|def|1
|-unboost|p1b: Sneasler|spd|1
|-enditem|p1b: Sneasler|White Herb
|-clearnegativeboost|p1b: Sneasler|[silent]
|move|p2b: Garchomp|Earthquake|p1a: Maushold|[spread] p1a,p1b
|-immune|p2a: Aerodactyl
|-supereffective|p1b: Sneasler|1
|-damage|p1a: Maushold|39/100
|-damage|p1b: Sneasler|0 fnt
|faint|p1b: Sneasler
|-damage|p2b: Garchomp|90/100|[from] item: Life Orb
|move|p1a: Maushold|Population Bomb|p2a: Aerodactyl
|-resisted|p2a: Aerodactyl|1
|-damage|p2a: Aerodactyl|7/100
|-resisted|p2a: Aerodactyl|1
|-damage|p2a: Aerodactyl|1/100
|-resisted|p2a: Aerodactyl|1
|-damage|p2a: Aerodactyl|0 fnt
|faint|p2a: Aerodactyl
|-hitcount|p2: Aerodactyl|3
|
|upkeep
|
|t:|1783184561
|switch|p2a: Farigiraf|Farigiraf, L50, M|100/100
|switch|p1b: Garchomp|Garchomp, L50, F|100/100
|turn|3
|
|t:|1783184586
|move|p2b: Garchomp|Protect|p2b: Garchomp
|-singleturn|p2b: Garchomp|Protect
|move|p1b: Garchomp|Dragon Claw|p2a: Farigiraf
|-damage|p2a: Farigiraf|54/100
|move|p1a: Maushold|Population Bomb|p2a: Farigiraf
|-damage|p2a: Farigiraf|43/100
|-damage|p2a: Farigiraf|30/100
|-damage|p2a: Farigiraf|18/100
|-crit|p2a: Farigiraf
|-damage|p2a: Farigiraf|0 fnt
|faint|p2a: Farigiraf
|-hitcount|p2: Farigiraf|4
|
|upkeep
|
|t:|1783184597
|switch|p2a: Kingambit|Kingambit, L50, M|100/100
|turn|4
|
|t:|1783184607
|move|p2b: Garchomp|Protect|p2b: Garchomp
|-singleturn|p2b: Garchomp|Protect
|move|p1a: Maushold|Follow Me|p1a: Maushold
|-singleturn|p1a: Maushold|move: Follow Me
|move|p1b: Garchomp|Dragon Claw|p2b: Garchomp
|-activate|p2b: Garchomp|move: Protect
|move|p2a: Kingambit|Kowtow Cleave|p1a: Maushold
|-damage|p1a: Maushold|0 fnt
|faint|p1a: Maushold
|
|upkeep
|
|t:|1783184614
|switch|p1a: Charizard|Charizard, L50, M|100/100
|turn|5
|-message|lox1sm forfeited.
|
|win|Joker113
||lox1sm is ready for game 2.
|inactive|Joker113 has 30 seconds to confirm battle start!
|inactive|Joker113 has 20 seconds to confirm battle start!
|inactive|Joker113 has 10 seconds to confirm battle start!
||Joker113 is ready for game 2.
|uhtml|next|Next: Game 2 of 3
|l|☆Joker113
|player|p1|
