|j|☆sunnysleepy
|j|☆gene takavic
|html|sunnysleepygene takavic    
|uhtml|bestof|Game 2 of a best-of-3
|t:|1756534475
|gametype|doubles
|player|p1|sunnysleepy|102|1000
|player|p2|gene takavic|pryce|1161
|gen|9
|tier|[Gen 9] VGC 2025 Reg H (Bo3)
|rated|
|rule|Species Clause: Limit one of each Pokémon
|rule|Item Clause: Limit 1 of each item
|clearpoke
|poke|p1|Hatterene, L50, F|
|poke|p1|Sinistcha, L50|
|poke|p1|Ursaluna, L50, M|
|poke|p1|Porygon2, L50|
|poke|p1|Incineroar, L50, F|
|poke|p1|Indeedee-F, L50, F|
|poke|p2|Charizard, L50, F|
|poke|p2|Torkoal, L50, M|
|poke|p2|Porygon2, L50|
|poke|p2|Incineroar, L50, M|
|poke|p2|Jumpluff, L50, F|
|poke|p2|Ursaluna, L50, F|
|teampreview|4
|showteam|p1|Hatterene||LifeOrb|MagicBounce|TrickRoom,DazzlingGleam,Protect,ExpandingForce|||F|||50|,,,,,Psychic]Sinistcha||Leftovers|Hospitality|MatchaGotcha,StrengthSap,TrickRoom,RagePowder||||||50|,,,,,Water]Ursaluna||FlameOrb|Guts|Protect,Earthquake,Facade,HeadlongRush|||M|||50|,,,,,Ghost]Porygon2||Eviolite|Download|TeraBlast,TrickRoom,Protect,Recover||||||50|,,,,,Stellar]Incineroar||SafetyGoggles|Intimidate|FakeOut,FlareBlitz,KnockOff,PartingShot|||F|||50|,,,,,Ghost]Indeedee-F||PsychicSeed|PsychicSurge|FollowMe,Protect,TrickRoom,Psychic|||F|||50|,,,,,Dark
|showteam|p2|Charizard||ChoiceSpecs|SolarPower|HeatWave,Overheat,WeatherBall,AirSlash|||F|||50|,,,,,Ghost]Torkoal||EjectPack|Drought|Eruption,Overheat,HelpingHand,Protect|||M|||50|,,,,,Fire]Porygon2||Eviolite|Download|TeraBlast,IceBeam,Recover,TrickRoom||||||50|,,,,,Fighting]Incineroar||SitrusBerry|Intimidate|FlareBlitz,KnockOff,FakeOut,PartingShot|||M|||50|,,,,,Ghost]Jumpluff||CovertCloak|Chlorophyll|SleepPowder,SunnyDay,RagePowder,Tailwind|||F|||50|,,,,,Water]Ursaluna||FlameOrb|Guts|HeadlongRush,Facade,Earthquake,Protect|||F|||50|,,,,,Ghost
|inactive|Battle timer is ON: inactive players will automatically lose when time's up. (requested by gene takavic)
|inactive|sunnysleepy has 60 seconds left.
|inactive|gene takavic has 60 seconds left.
|
|t:|1756534507
|teamsize|p1|4
|teamsize|p2|4
|start
|switch|p1a: Incineroar|Incineroar, L50, F|100/100
|switch|p1b: Indeedee|Indeedee-F, L50, F|100/100
|switch|p2a: Charizard|Charizard, L50, F|100/100
|switch|p2b: Torkoal|Torkoal, L50, M|100/100
|-fieldstart|move: Psychic Terrain|[from] ability: Psychic Surge|[of] p1b: Indeedee
|-enditem|p1b: Indeedee|Psychic Seed
|-boost|p1b: Indeedee|spd|1|[from] item: Psychic Seed
|-ability|p1a: Incineroar|Intimidate|boost
|-unboost|p2a: Charizard|atk|1
|-unboost|p2b: Torkoal|atk|1
|-weather|SunnyDay|[from] ability: Drought|[of] p2b: Torkoal
|-enditem|p2b: Torkoal|Eject Pack
|
|t:|1756534511
|switch|p2b: Ursaluna|Ursaluna, L50, F|100/100
|turn|1
|
|t:|1756534532
|-terastallize|p2a: Charizard|Ghost
|move|p1a: Incineroar|Fake Out|p2b: Ursaluna
|-activate|p2b: Ursaluna|move: Psychic Terrain
|move|p2a: Charizard|Heat Wave|p1b: Indeedee|[spread] p1a,p1b
|-resisted|p1a: Incineroar
|-damage|p1a: Incineroar|49/100
|-damage|p1b: Indeedee|32/100
|move|p2b: Ursaluna|Earthquake|p1b: Indeedee|[spread] p2a,p1a,p1b
|-supereffective|p1a: Incineroar
|-damage|p2a: Charizard|32/100
|-damage|p1a: Incineroar|0 fnt
|-damage|p1b: Indeedee|0 fnt
|faint|p1a: Incineroar
|faint|p1b: Indeedee
|
|-weather|SunnyDay|[upkeep]
|-damage|p2a: Charizard|19/100|[from] ability: Solar Power|[of] p2a: Charizard
|-status|p2b: Ursaluna|brn|[from] item: Flame Orb
|upkeep
|
|t:|1756534539
|switch|p1b: Ursaluna|Ursaluna, L50, M|100/100
|switch|p1a: Sinistcha|Sinistcha, L50|100/100
|turn|2
|inactive|gene takavic has 30 seconds left.
|
|t:|1756534566
|-terastallize|p1a: Sinistcha|Water
|move|p2a: Charizard|Heat Wave|p1a: Sinistcha|[spread] p1a,p1b
|-resisted|p1a: Sinistcha
|-damage|p1a: Sinistcha|28/100
|-damage|p1b: Ursaluna|6/100
|move|p2b: Ursaluna|Headlong Rush|p1a: Sinistcha
|-damage|p1a: Sinistcha|0 fnt
|-unboost|p2b: Ursaluna|def|1
|-unboost|p2b: Ursaluna|spd|1
|faint|p1a: Sinistcha
|move|p1b: Ursaluna|Facade|p2b: Ursaluna
|-damage|p2b: Ursaluna|53/100 brn
|
|-weather|SunnyDay|[upkeep]
|-damage|p2a: Charizard|7/100|[from] ability: Solar Power|[of] p2a: Charizard
|-damage|p2b: Ursaluna|47/100 brn|[from] brn
|-status|p1b: Ursaluna|brn|[from] item: Flame Orb
|upkeep
|turn|3
|-message|sunnysleepy forfeited.
|raw|sunnysleepy's rating: 1000 → 1000(+0 for losing)
|raw|gene takavic's rating: 1161 → 1175(+14 for winning)
|
|win|gene takavic
