|j|☆Tekagt
|j|☆Kommander
|html|TekagtKommander    
|uhtml|bestof|Game 1 of a best-of-3
|t:|1783042061
|gametype|doubles
|player|p1|Tekagt|#smogonxnpa2024draftee|
|player|p2|Kommander|#smogonxnpa2025winner|
|gen|9
|tier|[Gen 9 Champions] VGC 2026 Reg M-B (Bo3)
|rule|Species Clause: Limit one of each Pokémon
|rule|Item Clause: Limit 1 of each item
|clearpoke
|poke|p1|Whimsicott, L50, F|
|poke|p1|Floette-Eternal, L50, F|
|poke|p1|Basculegion, L50, M|
|poke|p1|Kingambit, L50, M|
|poke|p1|Charizard, L50, M|
|poke|p1|Garchomp, L50, F|
|poke|p2|Charizard, L50, F|
|poke|p2|Floette-Eternal, L50, F|
|poke|p2|Kingambit, L50, F|
|poke|p2|Whimsicott, L50, F|
|poke|p2|Basculegion, L50, M|
|poke|p2|Garchomp, L50, F|
|teampreview|4
|showteam|p1|Whimsicott||FocusSash|Prankster|Moonblast,Tailwind,Protect,Encore|Timid||F|||50|]Floette-Eternal||Floettite|FlowerVeil|Moonblast,DazzlingGleam,LightofRuin,Protect|Modest||F|||50|]Basculegion||LifeOrb|Adaptability|WaveCrash,LastRespects,AquaJet,Protect|Adamant||M|||50|]Kingambit||ChopleBerry|Defiant|KowtowCleave,IronHead,SuckerPunch,LowKick|Adamant||M|||50|]Charizard||CharizarditeY|Blaze|HeatWave,SolarBeam,Protect,WeatherBall|Modest||M|||50|]Garchomp||RoseliBerry|RoughSkin|DragonClaw,Earthquake,RockSlide,Protect|Adamant||F|||50|
|showteam|p2|Charizard||CharizarditeY|Blaze|HeatWave,WeatherBall,SolarBeam,Protect|Modest||F|||50|]Floette-Eternal||Floettite|FlowerVeil|Protect,DazzlingGleam,Moonblast,LightofRuin|Modest||F|||50|]Kingambit||ChopleBerry|Defiant|KowtowCleave,LowKick,SuckerPunch,Protect|Adamant||F|||50|]Whimsicott||FocusSash|Prankster|Moonblast,Tailwind,Encore,Protect|Modest||F|||50|]Basculegion||MysticWater|Adaptability|WaveCrash,LastRespects,AquaJet,Protect|Adamant||M|||50|]Garchomp||LifeOrb|RoughSkin|DragonClaw,Earthquake,RockSlide,Protect|Jolly||F|||50|
|j| Lugia▼▲²JP
|j| Yelou
|c|☆Tekagt|glhf
|c|☆Kommander|hf
|
|t:|1783042161
|teamsize|p1|4
|teamsize|p2|4
|start
|switch|p1a: Whimsicott|Whimsicott, L50, F|100/100
|switch|p1b: Basculegion|Basculegion, L50, M|100/100
|switch|p2a: Whimsicott|Whimsicott, L50, F|100/100
|switch|p2b: Floette|Floette-Eternal, L50, F|100/100
|turn|1
|j| Destro16
|
|t:|1783042201
|detailschange|p2b: Floette|Floette-Mega, L50, F
|-mega|p2b: Floette|Floette|Floettite
|-ability|p2b: Floette|Fairy Aura
|move|p1a: Whimsicott|Tailwind|p1a: Whimsicott
|-sidestart|p1: Tekagt|move: Tailwind
|move|p2a: Whimsicott|Tailwind|p2a: Whimsicott
|-sidestart|p2: Kommander|move: Tailwind
|move|p2b: Floette|Dazzling Gleam|p1b: Basculegion|[spread] p1a,p1b
|-damage|p1a: Whimsicott|10/100
|-damage|p1b: Basculegion|35/100
|move|p1b: Basculegion|Wave Crash|p2b: Floette
|-damage|p2b: Floette|0 fnt
|faint|p2b: Floette
|-damage|p1b: Basculegion|9/100|[from] Recoil
|-damage|p1b: Basculegion|0 fnt|[from] item: Life Orb
|faint|p1b: Basculegion
|
|upkeep
|
|t:|1783042234
|switch|p2b: Garchomp|Garchomp, L50, F|100/100
|switch|p1b: Floette|Floette-Eternal, L50, F|100/100
|turn|2
|j| antheevee
|
|t:|1783042269
|detailschange|p1b: Floette|Floette-Mega, L50, F
|-mega|p1b: Floette|Floette|Floettite
|-ability|p1b: Floette|Fairy Aura
|move|p1a: Whimsicott|Protect|p1a: Whimsicott
|-singleturn|p1a: Whimsicott|Protect
|move|p2a: Whimsicott|Protect|p2a: Whimsicott
|-singleturn|p2a: Whimsicott|Protect
|move|p2b: Garchomp|Earthquake|p1b: Floette|[spread] p1b
|-activate|p2a: Whimsicott|move: Protect
|-activate|p1a: Whimsicott|move: Protect
|-damage|p1b: Floette|29/100
|-damage|p2b: Garchomp|90/100|[from] item: Life Orb
|move|p1b: Floette|Dazzling Gleam|p2b: Garchomp|[spread] p2b
|-activate|p2a: Whimsicott|move: Protect
|-supereffective|p2b: Garchomp|1
|-damage|p2b: Garchomp|0 fnt
|faint|p2b: Garchomp
|
|upkeep
|l| antheevee
|
|t:|1783042277
|switch|p2b: Kingambit|Kingambit, L50, F|100/100
|turn|3
|j| oh the guilt
|
|t:|1783042323
|move|p1a: Whimsicott|Encore|p2a: Whimsicott
|-start|p2a: Whimsicott|Encore
|move|p2a: Whimsicott|Protect||[still]
|-fail|p2a: Whimsicott
|move|p2b: Kingambit|Sucker Punch|p1b: Floette
|-resisted|p1b: Floette|1
|-damage|p1b: Floette|1/100
|move|p1b: Floette|Light of Ruin|p2b: Kingambit
|-damage|p2b: Kingambit|0 fnt
|faint|p2b: Kingambit
|-damage|p1b: Floette|0 fnt|[from] Recoil
|faint|p1b: Floette
|
|upkeep
|
|t:|1783042331
|switch|p1b: Garchomp|Garchomp, L50, F|100/100
|turn|4
|-message|Kommander forfeited.
|
|win|Tekagt
||Tekagt is ready for game 2.
||Kommander is ready for game 2.
|uhtml|next|Next: Game 2 of 3
|j| VGCEPLT Souji
|j| Dirty Haxrry
|l| oh the guilt
|j| woopre
|l| Dirty Haxrry
|j| Dirty Haxrry
|j| justamente
|l| Dirty Haxrry
|l| justamente
|l| Yelou
|j| Raahel
|j| Yelou
|l| Raahel
|l| VGCEPLT Souji
|l| Yelou
