|j|☆mygreat
|j|☆bandicoot25
|html|mygreatbandicoot25    
|uhtml|bestof|Game 2 of a best-of-3
|t:|1783075825
|gametype|doubles
|player|p1|mygreat|veteran|1148
|player|p2|bandicoot25|blaine|1235
|gen|9
|tier|[Gen 9 Champions] VGC 2026 Reg M-B (Bo3)
|rated|
|rule|Species Clause: Limit one of each Pokémon
|rule|Item Clause: Limit 1 of each item
|clearpoke
|poke|p1|Whimsicott, L50, M|
|poke|p1|Charizard, L50, M|
|poke|p1|Garchomp, L50, F|
|poke|p1|Sneasler, L50, M|
|poke|p1|Kingambit, L50, M|
|poke|p1|Basculegion, L50, M|
|poke|p2|Ceruledge, L50, F|
|poke|p2|Ninetales-Alola, L50, M|
|poke|p2|Raichu, L50, F|
|poke|p2|Milotic, L50, M|
|poke|p2|Incineroar, L50, F|
|poke|p2|Sneasler, L50, M|
|teampreview|4
|showteam|p1|Whimsicott||FocusSash|Prankster|Tailwind,Moonblast,Encore,Protect|Timid||M|||50|]Charizard||CharizarditeY|Blaze|SolarBeam,WeatherBall,HeatWave,Protect|Modest||M|||50|]Garchomp||LifeOrb|RoughSkin|DragonClaw,RockSlide,Earthquake,Protect|Jolly||F|||50|]Sneasler||WhiteHerb|Unburden|DireClaw,CloseCombat,FakeOut,Protect|Adamant||M|||50|]Kingambit||ChopleBerry|Defiant|LowKick,IronHead,KowtowCleave,SuckerPunch|Adamant||M|||50|]Basculegion||MysticWater|Adaptability|WaveCrash,AquaJet,LastRespects,Protect|Adamant||M|||50|
|showteam|p2|Ceruledge||ColburBerry|FlashFire|Protect,BulkUp,BitterBlade,ShadowSneak|Adamant||F|||50|]Ninetales-Alola||NeverMeltIce|SnowWarning|Protect,Encore,FreezeDry,Blizzard|Timid||M|||50|]Raichu||RaichuniteY|Static|FocusBlast,ZapCannon,Protect,FakeOut|Timid||F|||50|]Milotic||Leftovers|Competitive|Recover,Coil,Hypnosis,MuddyWater|Calm||M|||50|]Incineroar||SitrusBerry|Intimidate|FakeOut,FlareBlitz,ThroatChop,PartingShot|Impish||F|||50|]Sneasler||FocusSash|PoisonTouch|FakeOut,Protect,CloseCombat,DireClaw|Jolly||M|||50|
|
|t:|1783075865
|teamsize|p1|4
|teamsize|p2|4
|start
|switch|p1a: Whimsicott|Whimsicott, L50, M|100/100
|switch|p1b: Basculegion|Basculegion, L50, M|100/100
|switch|p2a: Incineroar|Incineroar, L50, F|100/100
|switch|p2b: Raichu|Raichu, L50, F|100/100
|-ability|p2a: Incineroar|Intimidate|boost
|-unboost|p1a: Whimsicott|atk|1
|-unboost|p1b: Basculegion|atk|1
|turn|1
|inactive|Battle timer is ON: inactive players will automatically lose when time's up. (requested by bandicoot25)
|inactive|mygreat has 60 seconds left.
|
|t:|1783075917
|switch|p1b: Garchomp|Garchomp, L50, F|100/100
|switch|p2a: Sneasler|Sneasler, L50, M|100/100
|detailschange|p2b: Raichu|Raichu-Mega-Y, L50, F
|-mega|p2b: Raichu|Raichu|Raichunite Y
|move|p1a: Whimsicott|Protect|p1a: Whimsicott
|-singleturn|p1a: Whimsicott|Protect
|move|p2b: Raichu|Zap Cannon|p1b: Garchomp
|-immune|p1b: Garchomp
|
|upkeep
|turn|2
|
|t:|1783075931
|switch|p2b: Incineroar|Incineroar, L50, F|100/100
|-ability|p2b: Incineroar|Intimidate|boost
|-unboost|p1a: Whimsicott|atk|1
|-unboost|p1b: Garchomp|atk|1
|move|p2a: Sneasler|Fake Out|p1a: Whimsicott
|-damage|p1a: Whimsicott|79/100
|-status|p1a: Whimsicott|psn|[from] ability: Poison Touch|[of] p2a: Sneasler
|cant|p1a: Whimsicott|flinch
|move|p1b: Garchomp|Earthquake|p2b: Incineroar|[spread] p1a,p2a,p2b
|-resisted|p1a: Whimsicott|1
|-supereffective|p2a: Sneasler|1
|-supereffective|p2b: Incineroar|1
|-damage|p1a: Whimsicott|56/100 psn
|-enditem|p2a: Sneasler|Focus Sash
|-damage|p2a: Sneasler|1/100
|-damage|p2b: Incineroar|50/100y
|-enditem|p2b: Incineroar|Sitrus Berry|[eat]
|-heal|p2b: Incineroar|74/100|[from] item: Sitrus Berry
|-damage|p1b: Garchomp|90/100|[from] item: Life Orb
|
|-damage|p1a: Whimsicott|44/100 psn|[from] psn
|upkeep
|turn|3
|inactive|bandicoot25 has 30 seconds left.
|
|t:|1783075956
|move|p1a: Whimsicott|Protect|p1a: Whimsicott
|-singleturn|p1a: Whimsicott|Protect
|move|p2a: Sneasler|Protect|p2a: Sneasler
|-singleturn|p2a: Sneasler|Protect
|move|p1b: Garchomp|Earthquake|p2a: Sneasler|[spread] p2b
|-activate|p1a: Whimsicott|move: Protect
|-activate|p2a: Sneasler|move: Protect
|-supereffective|p2b: Incineroar|1
|-damage|p2b: Incineroar|27/100
|-damage|p1b: Garchomp|80/100|[from] item: Life Orb
|move|p2b: Incineroar|Parting Shot|p1b: Garchomp
|-unboost|p1b: Garchomp|atk|1
|-unboost|p1b: Garchomp|spa|1
|
|t:|1783075971
|switch|p2b: Ceruledge|Ceruledge, L50, F|100/100|[from] Parting Shot
|
|-damage|p1a: Whimsicott|32/100 psn|[from] psn
|upkeep
|turn|4
|
|t:|1783075985
|move|p2a: Sneasler|Dire Claw|p1a: Whimsicott
|-supereffective|p1a: Whimsicott|2
|-damage|p1a: Whimsicott|0 fnt
|faint|p1a: Whimsicott
|move|p1b: Garchomp|Earthquake|p2a: Sneasler|[spread] p2a,p2b
|-supereffective|p2a: Sneasler|1
|-supereffective|p2b: Ceruledge|1
|-crit|p2b: Ceruledge
|-damage|p2a: Sneasler|0 fnt
|-damage|p2b: Ceruledge|0 fnt
|faint|p2a: Sneasler
|faint|p2b: Ceruledge
|-damage|p1b: Garchomp|71/100|[from] item: Life Orb
|
|upkeep
|-message|bandicoot25 forfeited.
|
|win|mygreat
|raw|mygreat's rating: 1148 → 1179(+31 for winning)
|raw|bandicoot25's rating: 1235 → 1204(-31 for losing)
