|j|☆so atey
|j|☆merr123
|html|so ateymerr123    
|uhtml|bestof|Game 2 of a best-of-3
|t:|1756885916
|gametype|doubles
|player|p1|so atey|cynthia|1101
|player|p2|merr123|sisandbro|1207
|gen|9
|tier|[Gen 9] VGC 2025 Reg H (Bo3)
|rated|
|rule|Species Clause: Limit one of each Pokémon
|rule|Item Clause: Limit 1 of each item
|clearpoke
|poke|p1|Sinistcha-Masterpiece, L50|
|poke|p1|Ursaluna, L50, M|
|poke|p1|Kingambit, L50, F|
|poke|p1|Dragapult, L50, F|
|poke|p1|Whimsicott, L50, M|
|poke|p1|Armarouge, L50, F|
|poke|p2|Sneasler, L50, F|
|poke|p2|Gholdengo, L50|
|poke|p2|Amoonguss, L50, M|
|poke|p2|Incineroar, L50, M|
|poke|p2|Ursaluna-Bloodmoon, L50, M|
|poke|p2|Farigiraf, L50, M|
|teampreview|4
|showteam|p1|Sinistcha-Masterpiece||FocusSash|Hospitality|TrickRoom,RagePowder,LifeDew,MatchaGotcha||||||50|,,,,,Fire]Ursaluna||FlameOrb|Guts|Facade,HeadlongRush,Protect,Earthquake|||M|||50|,,,,,Ghost]Kingambit||SafetyGoggles|Defiant|SuckerPunch,SwordsDance,IronHead,Protect|||F|||50|,,,,,Dark]Dragapult||ChoiceBand|ClearBody|DragonDarts,Outrage,PhantomForce,Uturn|||F|||50|,,,,,Dragon]Whimsicott||CovertCloak|Prankster|Tailwind,HelpingHand,Moonblast,Encore|||M|||50|,,,,,Dark]Armarouge||LifeOrb|FlashFire|ArmorCannon,EnergyBall,Protect,ExpandingForce|||F|||50|,,,,,Grass
|showteam|p2|Sneasler||ClearAmulet|PoisonTouch|FakeOut,CloseCombat,DireClaw,Protect|||F|||50|,,,,,Water]Gholdengo||MetalCoat|GoodasGold|NastyPlot,MakeItRain,ShadowBall,Protect||||||50|,,,,,Water]Amoonguss||MentalHerb|Regenerator|Spore,RagePowder,PollenPuff,Protect|||M|||50|,,,,,Water]Incineroar||SafetyGoggles|Intimidate|FakeOut,FlareBlitz,KnockOff,PartingShot|||M|||50|,,,,,Ghost]Ursaluna-Bloodmoon||LifeOrb|MindsEye|CalmMind,EarthPower,BloodMoon,Protect|||M|||50|,,,,,Poison]Farigiraf||ThroatSpray|ArmorTail|HyperVoice,Psychic,TrickRoom,Protect|||M|||50|,,,,,Dragon
|inactive|Battle timer is ON: inactive players will automatically lose when time's up. (requested by merr123)
|inactive|so atey has 60 seconds left.
|inactive|merr123 has 60 seconds left.
|
|t:|1756885975
|teamsize|p1|4
|teamsize|p2|4
|start
|switch|p1a: Dragapult|Dragapult, L50, F, shiny|100/100
|switch|p1b: Kingambit|Kingambit, L50, F, shiny|100/100
|switch|p2a: Sneasler|Sneasler, L50, F|100/100
|switch|p2b: Ursaluna|Ursaluna-Bloodmoon, L50, M|100/100
|turn|1
|inactive|so atey has 30 seconds left.
|inactive|merr123 has 30 seconds left.
|inactive|so atey has 20 seconds left.
|inactive|merr123 has 20 seconds left.
|inactive|so atey has 15 seconds left.
|inactive|merr123 has 15 seconds left.
|inactive|so atey has 10 seconds left.
|inactive|merr123 has 10 seconds left.
|
|t:|1756886023
|switch|p1b: Sinistcha|Sinistcha-Masterpiece, L50, shiny|100/100
|-terastallize|p1a: Dragapult|Dragon
|move|p2a: Sneasler|Protect|p2a: Sneasler
|-singleturn|p2a: Sneasler|Protect
|move|p2b: Ursaluna|Protect|p2b: Ursaluna
|-singleturn|p2b: Ursaluna|Protect
|move|p1a: Dragapult|Outrage|p2a: Sneasler
|-activate|p2a: Sneasler|move: Protect
|
|upkeep
|turn|2
|inactive|merr123 has 30 seconds left.
|
|t:|1756886049
|switch|p2a: Incineroar|Incineroar, L50, M|100/100
|-ability|p2a: Incineroar|Intimidate|boost
|-fail|p1a: Dragapult|unboost|[from] ability: Clear Body|[of] p1a: Dragapult
|-unboost|p1b: Sinistcha|atk|1
|move|p1b: Sinistcha|Rage Powder|p1b: Sinistcha
|-singleturn|p1b: Sinistcha|move: Rage Powder
|move|p1a: Dragapult|Outrage|p2a: Incineroar
|-damage|p2a: Incineroar|0 fnt
|faint|p2a: Incineroar
|move|p2b: Ursaluna|Blood Moon|p1b: Sinistcha
|-damage|p1b: Sinistcha|3/100
|-damage|p2b: Ursaluna|91/100|[from] item: Life Orb
|
|upkeep
|inactive|merr123 has 30 seconds left.
|inactive|merr123 has 20 seconds left.
|inactive|merr123 has 15 seconds left.
|inactive|merr123 has 10 seconds left.
|inactive|merr123 has 5 seconds left.
|
|t:|1756886101
|switch|p2a: Sneasler|Sneasler, L50, F|100/100
|turn|3
|
|t:|1756886115
|-terastallize|p2b: Ursaluna|Poison
|move|p2a: Sneasler|Fake Out|p1a: Dragapult
|-damage|p1a: Dragapult|80/100
|move|p1b: Sinistcha|Rage Powder|p1b: Sinistcha
|-singleturn|p1b: Sinistcha|move: Rage Powder
|cant|p1a: Dragapult|flinch
|move|p2b: Ursaluna|Earth Power|p1b: Sinistcha
|-resisted|p1b: Sinistcha
|-damage|p1b: Sinistcha|0 fnt
|faint|p1b: Sinistcha
|-damage|p2b: Ursaluna|81/100|[from] item: Life Orb
|
|upkeep
|
|t:|1756886128
|switch|p1b: Armarouge|Armarouge, L50, F|100/100
|turn|4
|
|t:|1756886148
|move|p1a: Dragapult|Outrage|p2b: Ursaluna
|-damage|p2b: Ursaluna|0 fnt
|faint|p2b: Ursaluna
|move|p2a: Sneasler|Dire Claw|p1b: Armarouge
|-damage|p1b: Armarouge|49/100
|-status|p1b: Armarouge|par
|move|p1b: Armarouge|Expanding Force|p2a: Sneasler
|-supereffective|p2a: Sneasler
|-damage|p2a: Sneasler|0 fnt
|faint|p2a: Sneasler
|-damage|p1b: Armarouge|40/100 par|[from] item: Life Orb
|
|upkeep
|
|t:|1756886158
|switch|p2b: Farigiraf|Farigiraf, L50, M|100/100
|turn|5
|c|☆merr123|ggwp
|
|t:|1756886176
|move|p1a: Dragapult|Outrage|p2b: Farigiraf|[from] lockedmove
|-damage|p2b: Farigiraf|0 fnt
|faint|p2b: Farigiraf
|
|win|so atey
|raw|so atey's rating: 1101 → 1133(+32 for winning)
|raw|merr123's rating: 1207 → 1175(-32 for losing)
