|j|☆Brutalandathebozz
|j|☆pandamillonario
|html|Brutalandathebozzpandamillonario    
|uhtml|bestof|Game 2 of a best-of-3
|t:|1784463900
|gametype|doubles
|player|p1|Brutalandathebozz|169|1119
|player|p2|pandamillonario|blackbelt-gen4dp|1154
|gen|9
|tier|[Gen 9 Champions] VGC 2026 Reg M-B (Bo3)
|rated|
|rule|Species Clause: Limit one of each Pokémon
|rule|Item Clause: Limit 1 of each item
|clearpoke
|poke|p1|Kommo-o, L50, M|
|poke|p1|Scizor, L50, M|
|poke|p1|Incineroar, L50, F|
|poke|p1|Sinistcha, L50|
|poke|p1|Tyranitar, L50, M|
|poke|p1|Milotic, L50, M|
|poke|p2|Charizard, L50, F|
|poke|p2|Garchomp, L50, M|
|poke|p2|Whimsicott, L50, F|
|poke|p2|Floette-Eternal, L50, F|
|poke|p2|Kingambit, L50, M|
|poke|p2|Basculegion, L50, M|
|teampreview|4
|showteam|p1|Kommo-o||Leftovers|Soundproof|ClangingScales,AuraSphere,ClangorousSoul,Protect|Modest||M|||50|]Scizor||Scizorite|Technician|BulletPunch,CloseCombat,SwordsDance,Protect|Adamant||M|||50|]Incineroar||ChopleBerry|Intimidate|FlareBlitz,ThroatChop,PartingShot,FakeOut|Impish||F|||50|]Sinistcha||ColburBerry|Hospitality|MatchaGotcha,RagePowder,LifeDew,TrickRoom|Calm|||||50|]Tyranitar||Tyranitarite|SandStream|RockSlide,KnockOff,DragonDance,Protect|Adamant||M|||50|]Milotic||SitrusBerry|Competitive|MuddyWater,IcyWind,Recover,Protect|Calm||M|||50|
|showteam|p2|Charizard||CharizarditeY|Blaze|HeatWave,WeatherBall,SolarBeam,Protect|Modest||F|||50|]Garchomp||RoseliBerry|RoughSkin|Earthquake,RockSlide,DragonClaw,PoisonJab|Adamant||M|||50|]Whimsicott||FocusSash|Prankster|Tailwind,Moonblast,Protect,Encore|Timid||F|||50|]Floette-Eternal||Floettite|FlowerVeil|Moonblast,Protect,DazzlingGleam,LightofRuin|Modest||F|||50|]Kingambit||ChopleBerry|Defiant|KowtowCleave,SuckerPunch,IronHead,LowKick|Adamant||M|||50|]Basculegion||LifeOrb|Adaptability|WaveCrash,Protect,LastRespects,AquaJet|Adamant||M|||50|
|
|t:|1784463952
|teamsize|p1|4
|teamsize|p2|4
|start
|switch|p1a: Scizor|Scizor, L50, M|100/100
|switch|p1b: Incineroar|Incineroar, L50, F|100/100
|switch|p2a: Basculegion|Basculegion, L50, M|100/100
|switch|p2b: Whimsicott|Whimsicott, L50, F|100/100
|-ability|p1b: Incineroar|Intimidate|boost
|-unboost|p2a: Basculegion|atk|1
|-unboost|p2b: Whimsicott|atk|1
|turn|1
|
|t:|1784464002
|detailschange|p1a: Scizor|Scizor-Mega, L50, M
|-mega|p1a: Scizor|Scizor|Scizorite
|move|p2b: Whimsicott|Tailwind|p2b: Whimsicott
|-sidestart|p2: pandamillonario|move: Tailwind
|move|p1a: Scizor|Bullet Punch|p2b: Whimsicott
|-supereffective|p2b: Whimsicott|1
|-enditem|p2b: Whimsicott|Focus Sash
|-damage|p2b: Whimsicott|1/100
|move|p2a: Basculegion|Wave Crash|p1b: Incineroar
|-supereffective|p1b: Incineroar|1
|-damage|p1b: Incineroar|1/100
|-damage|p2a: Basculegion|66/100|[from] Recoil
|-damage|p2a: Basculegion|56/100|[from] item: Life Orb
|move|p1b: Incineroar|Parting Shot|p2a: Basculegion
|-unboost|p2a: Basculegion|atk|1
|-unboost|p2a: Basculegion|spa|1
|
|t:|1784464019
|switch|p1b: Tyranitar|Tyranitar, L50, M|100/100|[from] Parting Shot
|-weather|Sandstorm|[from] ability: Sand Stream|[of] p1b: Tyranitar
|
|-weather|Sandstorm|[upkeep]
|-damage|p2b: Whimsicott|0 fnt|[from] Sandstorm
|-damage|p2a: Basculegion|50/100g|[from] Sandstorm
|faint|p2b: Whimsicott
|upkeep
|
|t:|1784464033
|switch|p2b: Floette|Floette-Eternal, L50, F|100/100
|turn|2
|inactive|Battle timer is ON: inactive players will automatically lose when time's up. (requested by Brutalandathebozz)
|
|t:|1784464066
|switch|p2a: Charizard|Charizard, L50, F|100/100
|detailschange|p2b: Floette|Floette-Mega, L50, F
|-mega|p2b: Floette|Floette|Floettite
|-ability|p2b: Floette|Fairy Aura
|move|p1a: Scizor|Bullet Punch|p2b: Floette
|-supereffective|p2b: Floette|1
|-damage|p2b: Floette|19/100
|move|p2b: Floette|Light of Ruin|p1b: Tyranitar
|-supereffective|p1b: Tyranitar|1
|-damage|p1b: Tyranitar|0 fnt
|faint|p1b: Tyranitar
|-damage|p2b: Floette|0 fnt|[from] Recoil
|faint|p2b: Floette
|
|-weather|Sandstorm|[upkeep]
|-damage|p2a: Charizard|93/100|[from] Sandstorm
|upkeep
|
|t:|1784464086
|switch|p2b: Basculegion|Basculegion, L50, M|50/100g
|switch|p1b: Incineroar|Incineroar, L50, F|1/100
|-ability|p1b: Incineroar|Intimidate|boost
|-unboost|p2a: Charizard|atk|1
|-unboost|p2b: Basculegion|atk|1
|turn|3
|inactive|Brutalandathebozz has 30 seconds left.
|
|t:|1784464113
|switch|p1a: Sinistcha|Sinistcha, L50|100/100
|-heal|p1b: Incineroar|26/100|[from] ability: Hospitality|[of] p1a: Sinistcha
|move|p2b: Basculegion|Aqua Jet|p1b: Incineroar
|-supereffective|p1b: Incineroar|1
|-damage|p1b: Incineroar|0 fnt
|faint|p1b: Incineroar
|-damage|p2b: Basculegion|41/100|[from] item: Life Orb
|move|p2a: Charizard|Heat Wave|p1a: Sinistcha
|-supereffective|p1a: Sinistcha|1
|-damage|p1a: Sinistcha|22/100
|
|-weather|Sandstorm|[upkeep]
|-damage|p2a: Charizard|87/100|[from] Sandstorm
|-damage|p2b: Basculegion|34/100|[from] Sandstorm
|-damage|p1a: Sinistcha|16/100|[from] Sandstorm
|upkeep
|
|t:|1784464117
|switch|p1b: Scizor|Scizor-Mega, L50, M|100/100
|turn|4
|-message|Brutalandathebozz forfeited.
|
|win|pandamillonario
||Brutalandathebozz is ready for game 3.
||pandamillonario is ready for game 3.
|uhtml|next|Next: Game 3 of 3
