|j|☆nebug
|j|☆The.JuanMa
|html|nebugThe.JuanMa    
|uhtml|bestof|Game 2 of a best-of-3
|t:|1782569940
|gametype|doubles
|player|p1|nebug|bugcatcher-gen4dp|1058
|player|p2|The.JuanMa|101|1000
|gen|9
|tier|[Gen 9 Champions] VGC 2026 Reg M-B (Bo3)
|rated|
|rule|Species Clause: Limit one of each Pokémon
|rule|Item Clause: Limit 1 of each item
|clearpoke
|poke|p1|Whimsicott, L50, F|
|poke|p1|Garchomp, L50, M|
|poke|p1|Annihilape, L50, F|
|poke|p1|Eelektross, L50, M, shiny|
|poke|p1|Tyranitar, L50, F|
|poke|p1|Beedrill, L50, M|
|poke|p2|Whimsicott, L50, M, shiny|
|poke|p2|Floette-Eternal, L50, F|
|poke|p2|Charizard, L50, M, shiny|
|poke|p2|Basculegion, L50, M|
|poke|p2|Glimmora, L50, M, shiny|
|poke|p2|Garchomp, L50, F|
|teampreview|4
|showteam|p1|Whimsicott||FocusSash|Prankster|Moonblast,FakeTears,Charm,Tailwind|Timid||F|||50|]Garchomp||LifeOrb|RoughSkin|PoisonJab,Earthquake,RockSlide,SwordsDance|Jolly||M|||50|]Annihilape||ChoiceScarf|Defiant|Protect,CloseCombat,LashOut,RageFist|Jolly||F|||50|]Eelektross||Eelektrossite|Levitate|Discharge,Flamethrower,MuddyWater,GigaDrain|Modest||M|||50|]Tyranitar||ExpertBelt|SandStream|RockSlide,KnockOff,IcePunch,Protect|Jolly||F|||50|]Beedrill||Beedrillite|Swarm|Uturn,PoisonJab,Protect,FellStinger|Jolly||M|||50|
|showteam|p2|Whimsicott||FairyFeather|Prankster|Protect,Encore,Tailwind,Moonblast|Timid||M|||50|]Floette-Eternal||Floettite|FlowerVeil|Moonblast,DazzlingGleam,LightofRuin,Protect|Modest||F|||50|]Charizard||CharizarditeY|Blaze|Protect,HeatWave,SolarBeam,WeatherBall|Modest||M|||50|]Basculegion||ColburBerry|Adaptability|Protect,WaveCrash,LastRespects,AquaJet|Adamant||M|||50|]Glimmora||FocusSash|ToxicDebris|SpikyShield,PowerGem,SludgeBomb,EarthPower|Modest||M|||50|]Garchomp||SitrusBerry|RoughSkin|StompingTantrum,DragonClaw,Earthquake,Protect|Adamant||F|||50|
|inactive|Battle timer is ON: inactive players will automatically lose when time's up. (requested by The.JuanMa)
|inactive|The.JuanMa has 60 seconds left.
|
|t:|1782569983
|teamsize|p1|4
|teamsize|p2|4
|start
|switch|p1a: Garchomp|Garchomp, L50, M|100/100
|switch|p1b: Whimsicott|Whimsicott, L50, F|100/100
|switch|p2a: Algodoncio|Whimsicott, L50, M, shiny|100/100
|switch|p2b: Alcachofa|Glimmora, L50, M, shiny|100/100
|turn|1
|
|t:|1782570004
|move|p1b: Whimsicott|Tailwind|p1b: Whimsicott
|-sidestart|p1: nebug|move: Tailwind
|move|p2a: Algodoncio|Tailwind|p2a: Algodoncio
|-sidestart|p2: The.JuanMa|move: Tailwind
|move|p1a: Garchomp|Earthquake|p2b: Alcachofa|[spread] p1b,p2a,p2b
|-resisted|p1b: Whimsicott|1
|-resisted|p2a: Algodoncio|1
|-supereffective|p2b: Alcachofa|2
|-damage|p1b: Whimsicott|61/100
|-damage|p2a: Algodoncio|66/100
|-enditem|p2b: Alcachofa|Focus Sash
|-damage|p2b: Alcachofa|1/100
|-activate|p2b: Alcachofa|ability: Toxic Debris
|-sidestart|p1: nebug|move: Toxic Spikes
|-damage|p1a: Garchomp|90/100|[from] item: Life Orb
|move|p2b: Alcachofa|Sludge Bomb|p1b: Whimsicott
|-supereffective|p1b: Whimsicott|2
|-damage|p1b: Whimsicott|0 fnt
|faint|p1b: Whimsicott
|
|upkeep
|
|t:|1782570025
|switch|p1b: Eelektross|Eelektross, L50, M, shiny|100/100
|turn|2
|
|t:|1782570040
|detailschange|p1b: Eelektross|Eelektross-Mega, L50, M, shiny
|-mega|p1b: Eelektross|Eelektross|Eelektrossite
|move|p2b: Alcachofa|Spiky Shield|p2b: Alcachofa
|-singleturn|p2b: Alcachofa|move: Protect
|move|p2a: Algodoncio|Moonblast|p1a: Garchomp
|-supereffective|p1a: Garchomp|1
|-damage|p1a: Garchomp|0 fnt
|faint|p1a: Garchomp
|move|p1b: Eelektross|Discharge|p2a: Algodoncio|[spread] p2a
|-activate|p2b: Alcachofa|move: Protect
|-resisted|p2a: Algodoncio|1
|-damage|p2a: Algodoncio|40/100
|
|upkeep
|
|t:|1782570051
|switch|p1a: Tyranitar|Tyranitar, L50, F|100/100
|-status|p1a: Tyranitar|psn
|-weather|Sandstorm|[from] ability: Sand Stream|[of] p1a: Tyranitar
|turn|3
|
|t:|1782570071
|move|p2a: Algodoncio|Moonblast|p1b: Eelektross
|-damage|p1b: Eelektross|55/100
|move|p2b: Alcachofa|Power Gem|p1b: Eelektross
|-damage|p1b: Eelektross|0 fnt
|faint|p1b: Eelektross
|move|p1a: Tyranitar|Rock Slide|p2b: Alcachofa|[spread] p2a,p2b
|-damage|p2a: Algodoncio|4/100
|-damage|p2b: Alcachofa|0 fnt
|-activate|p2b: Alcachofa|ability: Toxic Debris
|-sidestart|p1: nebug|move: Toxic Spikes
|faint|p2b: Alcachofa
|
|-weather|Sandstorm|[upkeep]
|-damage|p2a: Algodoncio|0 fnt|[from] Sandstorm
|faint|p2a: Algodoncio
|-damage|p1a: Tyranitar|87/100 psn|[from] psn
|upkeep
|
|t:|1782570086
|switch|p2a: Vampirim|Charizard, L50, M, shiny|100/100
|switch|p2b: Salmoni|Basculegion, L50, M|100/100
|turn|4
|
|t:|1782570110
|detailschange|p2a: Vampirim|Charizard-Mega-Y, L50, M, shiny
|-mega|p2a: Vampirim|Charizard|Charizardite Y
|-weather|SunnyDay|[from] ability: Drought|[of] p2a: Vampirim
|move|p2b: Salmoni|Protect|p2b: Salmoni
|-singleturn|p2b: Salmoni|Protect
|move|p2a: Vampirim|Solar Beam||[still]
|-prepare|p2a: Vampirim|Solar Beam
|-anim|p2a: Vampirim|Solar Beam|p1a: Tyranitar
|-supereffective|p1a: Tyranitar|1
|-damage|p1a: Tyranitar|0 fnt
|faint|p1a: Tyranitar
|
|win|The.JuanMa
|raw|nebug's rating: 1058 → 1036(-22 for losing)
|raw|The.JuanMa's rating: 1000 → 1047(+47 for winning)
|l|☆nebug
|player|p1|
