|j|☆Flopstar667
|j|☆Joriot
|html|Flopstar667Joriot    
|uhtml|bestof|Game 2 of a best-of-3
|t:|1784305326
|gametype|doubles
|player|p1|Flopstar667|zinzolin|1085
|player|p2|Joriot|falkner|1178
|gen|9
|tier|[Gen 9 Champions] VGC 2026 Reg M-B (Bo3)
|rated|
|rule|Species Clause: Limit one of each Pokémon
|rule|Item Clause: Limit 1 of each item
|clearpoke
|poke|p1|Maushold, L50|
|poke|p1|Basculegion, L50, M|
|poke|p1|Incineroar, L50, F|
|poke|p1|Delphox, L50, F|
|poke|p1|Staraptor, L50, M|
|poke|p1|Whimsicott, L50, F|
|poke|p2|Swampert, L50, M|
|poke|p2|Pelipper, L50, F|
|poke|p2|Grimmsnarl, L50, M|
|poke|p2|Gholdengo, L50|
|poke|p2|Archaludon, L50, F|
|poke|p2|Sinistcha, L50|
|teampreview|4
|showteam|p1|Maushold||FocusSash|FriendGuard|SuperFang,Feint,FollowMe,Protect|Jolly|||||50|]Basculegion||ChoiceScarf|Adaptability|WaveCrash,AquaJet,LastRespects,FlipTurn|Jolly||M|||50|]Incineroar||SitrusBerry|Intimidate|FakeOut,FlareBlitz,ThroatChop,PartingShot|Careful||F|||50|]Delphox||Delphoxite|Blaze|NastyPlot,HeatWave,Psychic,Protect|Timid||F|||50|]Staraptor||Staraptite|Intimidate|BraveBird,CloseCombat,Roost,Protect|Jolly||M|||50|]Whimsicott||FairyFeather|Prankster|Tailwind,Protect,Moonblast,Tickle|Timid||F|||50|
|showteam|p2|Swampert||Swampertite|Damp|WaveCrash,HighHorsepower,IcePunch,Protect|Adamant||M|||50|]Pelipper||FocusSash|Drizzle|WeatherBall,Hurricane,Tailwind,WideGuard|Timid||F|||50|]Grimmsnarl||LightClay|Prankster|LightScreen,Reflect,FakeOut,PartingShot|Impish||M|||50|]Gholdengo||LifeOrb|GoodasGold|MakeItRain,ShadowBall,Protect,NastyPlot|Timid|||||50|]Archaludon||Leftovers|Stamina|ElectroShot,DragonPulse,AuraSphere,Protect|Modest||F|||50|]Sinistcha||CobaBerry|Hospitality|MatchaGotcha,RagePowder,LifeDew,Protect|Bold|||||50|
|inactive|Battle timer is ON: inactive players will automatically lose when time's up. (requested by Flopstar667)
|inactive|Flopstar667 has 60 seconds left.
|
|t:|1784305365
|teamsize|p1|4
|teamsize|p2|4
|start
|switch|p1a: Delphox|Delphox, L50, F|100/100
|switch|p1b: Maushold|Maushold, L50|100/100
|switch|p2a: Swampert|Swampert, L50, M|100/100
|switch|p2b: Pelipper|Pelipper, L50, F|100/100
|-weather|RainDance|[from] ability: Drizzle|[of] p2b: Pelipper
|turn|1
|
|t:|1784305382
|detailschange|p1a: Delphox|Delphox-Mega, L50, F
|-mega|p1a: Delphox|Delphox|Delphoxite
|detailschange|p2a: Swampert|Swampert-Mega, L50, M
|-mega|p2a: Swampert|Swampert|Swampertite
|move|p1b: Maushold|Follow Me|p1b: Maushold
|-singleturn|p1b: Maushold|move: Follow Me
|move|p2a: Swampert|Wave Crash|p1b: Maushold
|-enditem|p1b: Maushold|Focus Sash
|-damage|p1b: Maushold|1/100
|-damage|p2a: Swampert|73/100|[from] Recoil
|move|p1a: Delphox|Nasty Plot|p1a: Delphox
|-boost|p1a: Delphox|spa|2
|move|p2b: Pelipper|Tailwind|p2b: Pelipper
|-sidestart|p2: Joriot|move: Tailwind
|
|-weather|RainDance|[upkeep]
|upkeep
|turn|2
|inactive|Flopstar667 has 30 seconds left.
|inactive|Joriot has 30 seconds left.
|inactive|Flopstar667 has 20 seconds left.
|inactive|Flopstar667 has 15 seconds left.
|
|t:|1784305424
|move|p2a: Swampert|Protect|p2a: Swampert
|-singleturn|p2a: Swampert|Protect
|move|p1a: Delphox|Protect|p1a: Delphox
|-singleturn|p1a: Delphox|Protect
|move|p2b: Pelipper|Weather Ball|p1a: Delphox
|-activate|p1a: Delphox|move: Protect
|move|p1b: Maushold|Super Fang|p2b: Pelipper
|-damage|p2b: Pelipper|50/100g
|
|-weather|RainDance|[upkeep]
|upkeep
|turn|3
|
|t:|1784305443
|move|p1b: Maushold|Follow Me|p1b: Maushold
|-singleturn|p1b: Maushold|move: Follow Me
|move|p2a: Swampert|Wave Crash|p1b: Maushold
|-damage|p1b: Maushold|0 fnt
|faint|p1b: Maushold
|-damage|p2a: Swampert|72/100|[from] Recoil
|move|p2b: Pelipper|Weather Ball|p1a: Delphox
|-supereffective|p1a: Delphox|1
|-damage|p1a: Delphox|0 fnt
|faint|p1a: Delphox
|
|-weather|RainDance|[upkeep]
|upkeep
|-message|Flopstar667 forfeited.
|
|win|Joriot
|raw|Flopstar667's rating: 1085 → 1068(-17 for losing)
|raw|Joriot's rating: 1178 → 1196(+18 for winning)
|l|☆Flopstar667
|player|p1|
