|j|☆neuesspielzeug
|j|☆Diogopg28
|html|neuesspielzeugDiogopg28    
|uhtml|bestof|Game 1 of a best-of-3
|t:|1784484102
|gametype|doubles
|player|p1|neuesspielzeug|101|1077
|player|p2|Diogopg28|266|1000
|gen|9
|tier|[Gen 9 Champions] VGC 2026 Reg M-B (Bo3)
|rated|
|rule|Species Clause: Limit one of each Pokémon
|rule|Item Clause: Limit 1 of each item
|clearpoke
|poke|p1|Venusaur, L50, M|
|poke|p1|Charizard, L50, M|
|poke|p1|Grimmsnarl, L50, M|
|poke|p1|Archaludon, L50, F|
|poke|p1|Basculegion, L50, M|
|poke|p1|Pelipper, L50, F|
|poke|p2|Floette-Eternal, L50, F|
|poke|p2|Incineroar, L50, M, shiny|
|poke|p2|Sinistcha, L50|
|poke|p2|Tsareena, L50, F|
|poke|p2|Arcanine-Hisui, L50, M|
|poke|p2|Delphox, L50, M, shiny|
|teampreview|4
|showteam|p1|Venusaur||FocusSash|Chlorophyll|SludgeBomb,EarthPower,SleepPowder,Protect|Modest||M|||50|]Charizard||CharizarditeY|Blaze|Protect,HeatWave,SolarBeam,WeatherBall|Modest||M|||50|]Grimmsnarl||LightClay|Prankster|SpiritBreak,LightScreen,Reflect,PartingShot|Sassy||M|||50|]Archaludon||Leftovers|Stamina|ElectroShot,DragonPulse,FlashCannon,Protect|Calm||F|||50|]Basculegion||ChoiceScarf|Adaptability|WaveCrash,LastRespects,AquaJet,FlipTurn|Jolly||M|||50|]Pelipper||SitrusBerry|Drizzle|Hurricane,WeatherBall,Tailwind,WideGuard|Modest||F|||50|
|showteam|p2|Floette-Eternal||Floettite|FlowerVeil|Moonblast,DazzlingGleam,CalmMind,Protect|Timid||F|||50|]Incineroar||Leftovers|Intimidate|PartingShot,DarkestLariat,FlareBlitz,FakeOut|Adamant||M|||50|]Sinistcha||SitrusBerry|Hospitality|MatchaGotcha,RagePowder,LifeDew,StrengthSap|Bold|||||50|]Tsareena||ChoiceScarf|QueenlyMajesty|TropKick,TripleAxel,Uturn,KnockOff|Jolly||F|||50|]Arcanine-Hisui||PasshoBerry|Intimidate|RockSlide,FlareBlitz,PsychicFangs,Protect|Adamant||M|||50|]Delphox||Delphoxite|Blaze|HeatWave,Psyshock,NastyPlot,Protect|Timid||M|||50|
|inactive|Battle timer is ON: inactive players will automatically lose when time's up. (requested by Diogopg28)
|inactive|neuesspielzeug has 60 seconds left.
|inactive|Diogopg28 has 60 seconds left.
|inactive|Diogopg28 has 30 seconds left.
|
|t:|1784484170
|teamsize|p1|4
|teamsize|p2|4
|start
|switch|p1a: Charizard|Charizard, L50, M|100/100
|switch|p1b: Basculegion|Basculegion, L50, M|100/100
|switch|p2a: Floette|Floette-Eternal, L50, F|100/100
|switch|p2b: Sinistcha|Sinistcha, L50|100/100
|turn|1
|inactive|neuesspielzeug has 30 seconds left.
|inactive|neuesspielzeug has 20 seconds left.
|inactive|neuesspielzeug has 15 seconds left.
|inactive|neuesspielzeug has 10 seconds left.
|
|t:|1784484216
|switch|p2b: Tsareena|Tsareena, L50, F|100/100
|detailschange|p2a: Floette|Floette-Mega, L50, F
|-mega|p2a: Floette|Floette|Floettite
|-ability|p2a: Floette|Fairy Aura
|detailschange|p1a: Charizard|Charizard-Mega-Y, L50, M
|-mega|p1a: Charizard|Charizard|Charizardite Y
|-weather|SunnyDay|[from] ability: Drought|[of] p1a: Charizard
|move|p2a: Floette|Protect|p2a: Floette
|-singleturn|p2a: Floette|Protect
|move|p1b: Basculegion|Flip Turn|p2b: Tsareena
|-resisted|p2b: Tsareena|1
|-damage|p2b: Tsareena|87/100
|
|t:|1784484232
|switch|p1b: Venusaur|Venusaur, L50, M|100/100|[from] Flip Turn
|move|p1a: Charizard|Heat Wave|p2b: Tsareena|[spread] p2b
|-activate|p2a: Floette|move: Protect
|-supereffective|p2b: Tsareena|1
|-damage|p2b: Tsareena|0 fnt
|faint|p2b: Tsareena
|
|-weather|SunnyDay|[upkeep]
|upkeep
|
|t:|1784484242
|switch|p2b: Arcanine|Arcanine-Hisui, L50, M|100/100
|-ability|p2b: Arcanine|Intimidate|boost
|-unboost|p1a: Charizard|atk|1
|-unboost|p1b: Venusaur|atk|1
|turn|2
|
|t:|1784484253
|switch|p2a: Sinistcha|Sinistcha, L50|100/100
|move|p1b: Venusaur|Earth Power|p2b: Arcanine
|-supereffective|p2b: Arcanine|2
|-damage|p2b: Arcanine|0 fnt
|faint|p2b: Arcanine
|move|p1a: Charizard|Weather Ball|p2a: Sinistcha
|-supereffective|p2a: Sinistcha|1
|-damage|p2a: Sinistcha|0 fnt
|faint|p2a: Sinistcha
|
|-weather|SunnyDay|[upkeep]
|upkeep
|
|t:|1784484265
|switch|p2b: Floette|Floette-Mega, L50, F|100/100
|-ability|p2b: Floette|Fairy Aura
|turn|3
|
|t:|1784484271
|move|p1b: Venusaur|Sludge Bomb|p2b: Floette
|-supereffective|p2b: Floette|1
|-damage|p2b: Floette|25/100
|move|p2b: Floette|Moonblast|p1a: Charizard
|-resisted|p1a: Charizard|1
|-damage|p1a: Charizard|71/100
|move|p1a: Charizard|Weather Ball|p2b: Floette
|-damage|p2b: Floette|0 fnt
|faint|p2b: Floette
|
|win|neuesspielzeug
