|j|☆dfdfdfgdfdt
|j|☆KilamanolaVGC
|html|dfdfdfgdfdtKilamanolaVGC    
|uhtml|bestof|Game 3 of a best-of-3
|t:|1755814002
|gametype|doubles
|player|p1|dfdfdfgdfdt|1|1213
|player|p2|KilamanolaVGC|red|1195
|gen|9
|tier|[Gen 9] VGC 2025 Reg H (Bo3)
|rated|
|rule|Species Clause: Limit one of each Pokémon
|rule|Item Clause: Limit 1 of each item
|clearpoke
|poke|p1|Sneasler, L50, F|
|poke|p1|Dragapult, L50, M|
|poke|p1|Primarina, L50, F|
|poke|p1|Rillaboom, L50, M|
|poke|p1|Kingambit, L50, F|
|poke|p1|Magmar, L50, F|
|poke|p2|Weezing-Galar, L50, F|
|poke|p2|Slaking, L50, M|
|poke|p2|Dragapult, L50, M|
|poke|p2|Corviknight, L50, M|
|poke|p2|Dondozo, L50, M|
|poke|p2|Tatsugiri, L50, M|
|teampreview|4
|showteam|p1|Sneasler||FocusSash|PoisonTouch|CloseCombat,DireClaw,FakeOut,Protect|||F|||50|,,,,,Stellar]Dragapult||ChoiceBand|ClearBody|DragonDarts,TeraBlast,PhantomForce,Uturn|||M|||50|,,,,,Ghost]Primarina||SitrusBerry|LiquidVoice|HyperVoice,Moonblast,Haze,Protect|||F|||50|,,,,,Water]Rillaboom||AssaultVest|GrassySurge|WoodHammer,GrassyGlide,HighHorsepower,FakeOut|||M|||50|,,,,,Fire]Kingambit||BlackGlasses|Defiant|KowtowCleave,SuckerPunch,SwordsDance,Protect|||F|||50|,,,,,Ghost]Magmar||Eviolite|VitalSpirit|Overheat,WillOWisp,FollowMe,Protect|||F|||50|,,,,,Ghost
|showteam|p2|Weezing-Galar||CovertCloak|NeutralizingGas|StrangeSteam,WillOWisp,Taunt,Protect|||F|||50|,,,,,Water]Slaking||LifeOrb|Truant|DoubleEdge,SuckerPunch,HighHorsepower,Protect|||M|||50|,,,,,Ghost]Dragapult||ChoiceBand|ClearBody|PhantomForce,DragonDarts,Uturn,TeraBlast|||M|||50|,,,,,Ghost]Corviknight||SitrusBerry|MirrorArmor|BraveBird,Tailwind,Roost,Protect|||M|||50|,,,,,Dragon]Dondozo||Leftovers|Unaware|WaveCrash,HeavySlam,OrderUp,Protect|||M|||50|,,,,,Grass]Tatsugiri||FocusSash|Commander|MuddyWater,DragonPulse,IcyWind,Protect|||M|||50|,,,,,Grass
|inactive|Battle timer is ON: inactive players will automatically lose when time's up. (requested by KilamanolaVGC)
|inactive|dfdfdfgdfdt has 60 seconds left.
|
|t:|1755814039
|teamsize|p1|4
|teamsize|p2|4
|start
|switch|p1a: Magmar|Magmar, L50, F|100/100
|switch|p1b: Kingambit|Kingambit, L50, F|100/100
|switch|p2a: Slaking|Slaking, L50, M, shiny|100/100
|switch|p2b: Weezing|Weezing-Galar, L50, F, shiny|100/100
|-ability|p2b: Weezing|Neutralizing Gas
|turn|1
|
|t:|1755814051
|-terastallize|p1a: Magmar|Ghost
|move|p1b: Kingambit|Protect|p1b: Kingambit
|-singleturn|p1b: Kingambit|Protect
|move|p2a: Slaking|High Horsepower|p1a: Magmar|[miss]
|-miss|p2a: Slaking|p1a: Magmar
|move|p1a: Magmar|Will-O-Wisp|p2a: Slaking
|-status|p2a: Slaking|brn
|move|p2b: Weezing|Taunt|p1a: Magmar
|-start|p1a: Magmar|move: Taunt
|
|-damage|p2a: Slaking|94/100 brn|[from] brn
|upkeep
|turn|2
|
|t:|1755814072
|switch|p1b: Primarina|Primarina, L50, F|100/100
|move|p2a: Slaking|Protect|p2a: Slaking
|-singleturn|p2a: Slaking|Protect
|move|p1a: Magmar|Overheat|p2b: Weezing
|-damage|p2b: Weezing|51/100
|-unboost|p1a: Magmar|spa|2
|move|p2b: Weezing|Will-O-Wisp|p1b: Primarina
|-status|p1b: Primarina|brn
|
|-damage|p2a: Slaking|88/100 brn|[from] brn
|-damage|p1b: Primarina|95/100 brn|[from] brn
|upkeep
|turn|3
|
|t:|1755814094
|move|p2a: Slaking|Double-Edge|p1b: Primarina
|-damage|p1b: Primarina|37/100 brn
|-enditem|p1b: Primarina|Sitrus Berry|[eat]
|-heal|p1b: Primarina|62/100 brn|[from] item: Sitrus Berry
|-damage|p2a: Slaking|72/100 brn|[from] Recoil
|-damage|p2a: Slaking|63/100 brn|[from] item: Life Orb
|move|p1a: Magmar|Overheat|p2b: Weezing
|-crit|p2b: Weezing
|-damage|p2b: Weezing|0 fnt
|-unboost|p1a: Magmar|spa|2
|faint|p2b: Weezing
|-end|p2b: Weezing|ability: Neutralizing Gas
|move|p1b: Primarina|Moonblast|p2a: Slaking
|-damage|p2a: Slaking|17/100 brn
|
|-damage|p2a: Slaking|11/100 brn|[from] brn
|-damage|p1b: Primarina|56/100 brn|[from] brn
|upkeep
|
|t:|1755814109
|switch|p2b: Dragapult|Dragapult, L50, M, shiny|100/100
|turn|4
|-message|KilamanolaVGC forfeited.
|
|win|dfdfdfgdfdt
|raw|dfdfdfgdfdt's rating: 1213 → 1237(+24 for winning)
|raw|KilamanolaVGC's rating: 1195 → 1171(-24 for losing)
|l|☆KilamanolaVGC
|player|p2|
|j|☆KilamanolaVGC
|player|p2|KilamanolaVGC|red|
|c|☆KilamanolaVGC|Cheater
|l|☆KilamanolaVGC
|player|p2|
