|j|☆jchase42
|j|‽jfaria97
|html|jchase42jfaria97    
|uhtml|bestof|Game 1 of a best-of-3
|t:|1756434801
|gametype|doubles
|player|p1|jchase42|hiker-gen4|1235
|player|p2|jfaria97|red|1088
|gen|9
|tier|[Gen 9] VGC 2025 Reg H (Bo3)
|rated|
|rule|Species Clause: Limit one of each Pokémon
|rule|Item Clause: Limit 1 of each item
|clearpoke
|poke|p1|Indeedee-F, L50, F|
|poke|p1|Torkoal, L50, M|
|poke|p1|Gallade, L50, M|
|poke|p1|Hatterene, L50, F|
|poke|p1|Maushold-Four, L50|
|poke|p1|Charizard, L50, F|
|poke|p2|Garchomp, L50, M|
|poke|p2|Gholdengo, L50|
|poke|p2|Talonflame, L50, M|
|poke|p2|Weezing-Galar, L50, F|
|poke|p2|Incineroar, L50, F|
|poke|p2|Dragonite, L50, F|
|teampreview|4
|showteam|p1|Indeedee-F||PsychicSeed|PsychicSurge|Psychic,FollowMe,HelpingHand,TrickRoom|||F|||50|,,,,,Grass]Torkoal||ChoiceSpecs|Drought|Eruption,HeatWave,WeatherBall,EarthPower|||M|||50|,,,,,Fire]Gallade||ClearAmulet|Sharpness|PsychoCut,SacredSword,WideGuard,TrickRoom|||M|||50|,,,,,Grass]Hatterene||CovertCloak|MagicBounce|ExpandingForce,DazzlingGleam,MysticalFire,TrickRoom|||F|||50|,,,,,Fire]Maushold-Four||WideLens|Technician|PopulationBomb,Bite,FollowMe,Protect||||||50|,,,,,Fairy]Charizard||ChoiceScarf|SolarPower|HeatWave,Overheat,AirSlash,DragonPulse|||F|||50|,,,,,Fire
|showteam|p2|Garchomp||LifeOrb|SandVeil|Earthquake,StompingTantrum,DragonClaw,Protect|||M|||50|,,,,,Steel]Gholdengo||ChoiceSpecs|GoodasGold|MakeItRain,ShadowBall,Thunderbolt,Trick||||||50|,,,,,Steel]Talonflame||CovertCloak|GaleWings|Tailwind,Taunt,BraveBird,WillOWisp|||M|||50|,,,,,Flying]Weezing-Galar||SitrusBerry|NeutralizingGas|StrangeSteam,SludgeBomb,Taunt,Protect|||F|||50|,,,,,Dark]Incineroar||SafetyGoggles|Intimidate|FlareBlitz,KnockOff,FakeOut,PartingShot|||F|||50|,,,,,Ghost]Dragonite||ChoiceBand|InnerFocus|ExtremeSpeed,Outrage,AerialAce,StompingTantrum|||F|||50|,,,,,Normal
|inactive|Battle timer is ON: inactive players will automatically lose when time's up. (requested by jfaria97)
|inactive|jchase42 has 60 seconds left.
|
|t:|1756434868
|teamsize|p1|4
|teamsize|p2|4
|start
|switch|p1a: Maushold|Maushold-Four, L50|100/100
|switch|p1b: Charizard|Charizard, L50, F|100/100
|switch|p2a: Weezing|Weezing-Galar, L50, F|100/100
|switch|p2b: Gholdengo|Gholdengo, L50|100/100
|-ability|p2a: Weezing|Neutralizing Gas
|turn|1
|inactive|jchase42 has 30 seconds left.
|inactive|jfaria97 has 30 seconds left.
|
|t:|1756434897
|switch|p2b: Incineroar|Incineroar, L50, F|100/100
|-terastallize|p1b: Charizard|Fire
|move|p1b: Charizard|Heat Wave|p2b: Incineroar|[spread] p2a,p2b
|-crit|p2a: Weezing
|-resisted|p2b: Incineroar
|-damage|p2a: Weezing|21/100
|-damage|p2b: Incineroar|77/100
|-enditem|p2a: Weezing|Sitrus Berry|[eat]
|-heal|p2a: Weezing|46/100|[from] item: Sitrus Berry
|move|p1a: Maushold|Population Bomb|p2a: Weezing
|-damage|p2a: Weezing|38/100
|-damage|p2a: Weezing|29/100
|-damage|p2a: Weezing|21/100
|-crit|p2a: Weezing
|-damage|p2a: Weezing|9/100
|-damage|p2a: Weezing|1/100
|-damage|p2a: Weezing|0 fnt
|faint|p2a: Weezing
|-end|p2a: Weezing|ability: Neutralizing Gas
|-ability|p2b: Incineroar|Intimidate|boost
|-unboost|p1a: Maushold|atk|1
|-unboost|p1b: Charizard|atk|1
|-hitcount|p2: Weezing|6
|
|upkeep
|
|t:|1756434904
|switch|p2a: Dragonite|Dragonite, L50, F|100/100
|turn|2
|
|t:|1756434927
|switch|p1a: Indeedee|Indeedee-F, L50, F|100/100
|-fieldstart|move: Psychic Terrain|[from] ability: Psychic Surge|[of] p1a: Indeedee
|-enditem|p1a: Indeedee|Psychic Seed
|-boost|p1a: Indeedee|spd|1|[from] item: Psychic Seed
|-terastallize|p2a: Dragonite|Normal
|move|p2a: Dragonite|Extreme Speed|p1a: Indeedee
|-activate|p1a: Indeedee|move: Psychic Terrain
|move|p1b: Charizard|Heat Wave|p2a: Dragonite|[spread] p2a,p2b
|-resisted|p2b: Incineroar
|-damage|p2a: Dragonite|59/100
|-damage|p2b: Incineroar|55/100
|-status|p2a: Dragonite|brn
|move|p2b: Incineroar|Knock Off|p1a: Indeedee
|-supereffective|p1a: Indeedee
|-damage|p1a: Indeedee|52/100
|
|-damage|p2a: Dragonite|53/100 brn|[from] brn
|upkeep
|turn|3
|
|t:|1756434945
|switch|p1a: Torkoal|Torkoal, L50, M|100/100
|-weather|SunnyDay|[from] ability: Drought|[of] p1a: Torkoal
|switch|p2a: Gholdengo|Gholdengo, L50|100/100
|move|p1b: Charizard|Heat Wave|p2b: Incineroar|[spread] p2a,p2b
|-supereffective|p2a: Gholdengo
|-resisted|p2b: Incineroar
|-damage|p2a: Gholdengo|0 fnt
|-damage|p2b: Incineroar|2/100
|faint|p2a: Gholdengo
|move|p2b: Incineroar|Knock Off|p1b: Charizard
|-damage|p1b: Charizard|48/100
|-enditem|p1b: Charizard|Choice Scarf|[from] move: Knock Off|[of] p2b: Incineroar
|
|-weather|SunnyDay|[upkeep]
|-damage|p1b: Charizard|35/100|[from] ability: Solar Power|[of] p1b: Charizard
|upkeep
|-message|jfaria97 forfeited.
|
|win|jchase42
||jfaria97 is ready for game 2.
|inactive|jchase42 has 30 seconds to confirm battle start!
||jchase42 is ready for game 2.
|uhtml|next|Next: Game 2 of 3
