|j|☆uglybeast
|j|☆CavaliereIsSoPeak
|html|uglybeastCavaliereIsSoPeak    
|uhtml|bestof|Game 2 of a best-of-3
|t:|1756803850
|gametype|doubles
|player|p1|uglybeast|lucas|1359
|player|p2|CavaliereIsSoPeak|gambler|1356
|gen|9
|tier|[Gen 9] VGC 2025 Reg H (Bo3)
|rated|
|rule|Species Clause: Limit one of each Pokémon
|rule|Item Clause: Limit 1 of each item
|clearpoke
|poke|p1|Murkrow, L50, M|
|poke|p1|Ursaluna-Bloodmoon, L50, M|
|poke|p1|Sneasler, L50, F|
|poke|p1|Dragapult, L50, F|
|poke|p1|Armarouge, L50, M|
|poke|p1|Indeedee-F, L50, F|
|poke|p2|Volcarona, L50, M|
|poke|p2|Gholdengo, L50|
|poke|p2|Sneasler, L50, F|
|poke|p2|Dragonite, L50, M|
|poke|p2|Ursaluna-Bloodmoon, L50, M|
|poke|p2|Whimsicott, L50, F|
|teampreview|4
|showteam|p1|Murkrow||Eviolite|Prankster|Haze,SunnyDay,Tailwind,BraveBird|||M|||50|,,,,,Ghost]Ursaluna-Bloodmoon||LifeOrb|MindsEye|BloodMoon,HyperVoice,Protect,EarthPower|||M|||50|,,,,,Normal]Sneasler||PsychicSeed|Unburden|ThroatChop,DireClaw,CloseCombat,Protect|||F|||50|,,,,,Dark]Dragapult||ChoiceBand|ClearBody|DragonDarts,Outrage,Uturn,PhantomForce|||F|||50|,,,,,Dragon]Armarouge||PowerHerb|FlashFire|HeatWave,MeteorBeam,ExpandingForce,Protect|||M|||50|,,,,,Grass]Indeedee-F||RockyHelmet|PsychicSurge|DazzlingGleam,FollowMe,HelpingHand,TrickRoom|||F|||50|,,,,,Grass
|showteam|p2|Volcarona||SitrusBerry|FlameBody|HeatWave,TeraBlast,QuiverDance,Protect|||M|||50|,,,,,Fairy]Gholdengo||ChoiceSpecs|GoodasGold|MakeItRain,ShadowBall,PowerGem,Trick||||||50|,,,,,Steel]Sneasler||FocusSash|Unburden|DireClaw,CloseCombat,ThroatChop,Protect|||F|||50|,,,,,Dark]Dragonite||LoadedDice|Multiscale|ScaleShot,ExtremeSpeed,Haze,Protect|||M|||50|,,,,,Steel]Ursaluna-Bloodmoon||LifeOrb|MindsEye|BloodMoon,HyperVoice,EarthPower,Protect|||M|||50|,,,,,Normal]Whimsicott||CovertCloak|Prankster|Moonblast,Tailwind,Encore,SunnyDay|||F|||50|,,,,,Poison
|inactive|Battle timer is ON: inactive players will automatically lose when time's up. (requested by CavaliereIsSoPeak)
|
|t:|1756803892
|teamsize|p1|4
|teamsize|p2|4
|start
|switch|p1a: Blade|Indeedee-F, L50, F|100/100
|switch|p1b: Giandam|Armarouge, L50, M|100/100
|switch|p2a: Shāhmat|Ursaluna-Bloodmoon, L50, M|100/100
|switch|p2b: Mary|Whimsicott, L50, F|100/100
|-fieldstart|move: Psychic Terrain|[from] ability: Psychic Surge|[of] p1a: Blade
|turn|1
|
|t:|1756803914
|-terastallize|p2a: Shāhmat|Normal
|move|p2b: Mary|Tailwind|p2b: Mary
|-sidestart|p2: CavaliereIsSoPeak|move: Tailwind
|move|p2a: Shāhmat|Blood Moon|p1a: Blade
|-damage|p1a: Blade|0 fnt
|faint|p1a: Blade
|-damage|p2a: Shāhmat|91/100|[from] item: Life Orb
|move|p1b: Giandam|Meteor Beam||[still]
|-prepare|p1b: Giandam|Meteor Beam
|-boost|p1b: Giandam|spa|1
|-enditem|p1b: Giandam|Power Herb
|-anim|p1b: Giandam|Meteor Beam|p2a: Shāhmat
|-damage|p2a: Shāhmat|18/100
|
|upkeep
|inactive|uglybeast has 30 seconds left.
|
|t:|1756803944
|switch|p1a: Kwstas|Murkrow, L50, M|100/100
|turn|2
|
|t:|1756803966
|move|p2a: Shāhmat|Protect|p2a: Shāhmat
|-singleturn|p2a: Shāhmat|Protect
|move|p1a: Kwstas|Tailwind|p1a: Kwstas
|-sidestart|p1: uglybeast|move: Tailwind
|move|p2b: Mary|Moonblast|p1b: Giandam
|-resisted|p1b: Giandam
|-damage|p1b: Giandam|81/100
|move|p1b: Giandam|Heat Wave|p2b: Mary|[spread] p2b
|-activate|p2a: Shāhmat|move: Protect
|-supereffective|p2b: Mary
|-crit|p2b: Mary
|-damage|p2b: Mary|0 fnt
|faint|p2b: Mary
|
|upkeep
|
|t:|1756803974
|switch|p2b: Āureo|Gholdengo, L50|100/100
|turn|3
|
|t:|1756803995
|move|p1b: Giandam|Protect|p1b: Giandam
|-singleturn|p1b: Giandam|Protect
|move|p2b: Āureo|Make It Rain|p1a: Kwstas|[spread] p1a
|-activate|p1b: Giandam|move: Protect
|-damage|p1a: Kwstas|19/100
|-unboost|p2b: Āureo|spa|1
|move|p1a: Kwstas|Brave Bird|p2a: Shāhmat
|-damage|p2a: Shāhmat|0 fnt
|faint|p2a: Shāhmat
|-damage|p1a: Kwstas|12/100|[from] Recoil
|
|upkeep
|
|t:|1756803999
|switch|p2a: D'oro|Sneasler, L50, F|100/100
|turn|4
|inactive|uglybeast has 30 seconds left.
|inactive|uglybeast has 20 seconds left.
|inactive|uglybeast has 15 seconds left.
|inactive|uglybeast has 10 seconds left.
|inactive|uglybeast has 5 seconds left.
|
|t:|1756804049
|switch|p1b: Anagnoman|Sneasler, L50, F|100/100
|-enditem|p1b: Anagnoman|Psychic Seed
|-boost|p1b: Anagnoman|spd|1|[from] item: Psychic Seed
|move|p1a: Kwstas|Sunny Day|p1a: Kwstas
|-weather|SunnyDay
|move|p2a: D'oro|Throat Chop|p1b: Anagnoman
|-resisted|p1b: Anagnoman
|-damage|p1b: Anagnoman|75/100
|-start|p1b: Anagnoman|Throat Chop|[silent]
|move|p2b: Āureo|Make It Rain|p1b: Anagnoman|[spread] p1a,p1b
|-damage|p1a: Kwstas|0 fnt
|-damage|p1b: Anagnoman|31/100
|-unboost|p2b: Āureo|spa|1
|faint|p1a: Kwstas
|
|-weather|SunnyDay|[upkeep]
|-sideend|p2: CavaliereIsSoPeak|move: Tailwind
|upkeep
|
|t:|1756804059
|switch|p1a: Giandam|Armarouge, L50, M|81/100
|turn|5
|
|t:|1756804074
|move|p2a: D'oro|Protect|p2a: D'oro
|-singleturn|p2a: D'oro|Protect
|move|p1b: Anagnoman|Dire Claw|p2a: D'oro
|-activate|p2a: D'oro|move: Protect
|move|p1a: Giandam|Heat Wave|p2a: D'oro|[spread] p2b
|-activate|p2a: D'oro|move: Protect
|-supereffective|p2b: Āureo
|-damage|p2b: Āureo|0 fnt
|faint|p2b: Āureo
|
|-weather|SunnyDay|[upkeep]
|-end|p1b: Anagnoman|Throat Chop|[silent]
|-sideend|p1: uglybeast|move: Tailwind
|-fieldend|move: Psychic Terrain
|upkeep
|turn|6
|
|t:|1756804098
|move|p1b: Anagnoman|Close Combat|p2a: D'oro
|-resisted|p2a: D'oro
|-damage|p2a: D'oro|37/100
|-unboost|p1b: Anagnoman|def|1
|-unboost|p1b: Anagnoman|spd|1
|move|p2a: D'oro|Throat Chop|p1a: Giandam
|-supereffective|p1a: Giandam
|-damage|p1a: Giandam|17/100
|-start|p1a: Giandam|Throat Chop|[silent]
|move|p1a: Giandam|Expanding Force|p2a: D'oro
|-supereffective|p2a: D'oro
|-damage|p2a: D'oro|0 fnt
|faint|p2a: D'oro
|
|win|uglybeast
||CavaliereIsSoPeak is ready for game 3.
|inactive|uglybeast has 30 seconds to confirm battle start!
||uglybeast is ready for game 3.
|uhtml|next|Next: Game 3 of 3
|l|☆CavaliereIsSoPeak
|player|p2|
