|j|☆Fell Blue
|j|☆chimbuotza
|html|Fell Bluechimbuotza    
|uhtml|bestof|Game 1 of a best-of-3
|t:|1784174252
|gametype|doubles
|player|p1|Fell Blue|fantina|1258
|player|p2|chimbuotza|170|1311
|gen|9
|tier|[Gen 9 Champions] VGC 2026 Reg M-B (Bo3)
|rated|
|rule|Species Clause: Limit one of each Pokémon
|rule|Item Clause: Limit 1 of each item
|clearpoke
|poke|p1|Mawile, L50, F|
|poke|p1|Farigiraf, L50, F|
|poke|p1|Drampa, L50, M|
|poke|p1|Kleavor, L50, M|
|poke|p1|Araquanid, L50, M|
|poke|p1|Incineroar, L50, M|
|poke|p2|Blaziken, L50, M, shiny|
|poke|p2|Venusaur, L50, M|
|poke|p2|Kingambit, L50, M, shiny|
|poke|p2|Basculegion, L50, M, shiny|
|poke|p2|Ninetales-Alola, L50, M, shiny|
|poke|p2|Lycanroc-Dusk, L50, F|
|teampreview|4
|showteam|p1|Mawile||Mawilite|HyperCutter|RockSlide,PlayRough,SuckerPunch,BrickBreak|Brave||F|||50|]Farigiraf||SitrusBerry|ArmorTail|Thunderbolt,HelpingHand,Psychic,TrickRoom|Modest||F|||50|]Drampa||Drampanite|CloudNine|EarthPower,EnergyBall,Thunderbolt,Protect|Quiet||M|||50|]Kleavor||FocusSash|Sharpness|StoneAxe,CloseCombat,XScissor,NightSlash|Adamant||M|||50|]Araquanid||MysticWater|WaterBubble|Surf,HydroPump,MirrorCoat,Endeavor|Quiet||M|||50|]Incineroar||LifeOrb|Intimidate|CloseCombat,FlareBlitz,FakeOut,ThroatChop|Brave||M|||50|
|showteam|p2|Blaziken||Blazikenite|SpeedBoost|CloseCombat,StoneEdge,FlareBlitz,Detect|Adamant||M|||50|]Venusaur||Venusaurite|Overgrow|SludgeBomb,Protect,EarthPower,GigaDrain|Modest||M|||50|]Kingambit||LifeOrb|Defiant|KowtowCleave,SuckerPunch,Protect,IronHead|Adamant||M|||50|]Basculegion||ChoiceScarf|Adaptability|WaveCrash,LastRespects,AquaJet,FlipTurn|Jolly||M|||50|]Ninetales-Alola||NeverMeltIce|SnowWarning|Blizzard,FreezeDry,Encore,Protect|Timid||M|||50|]Lycanroc-Dusk||FocusSash|ToughClaws|Accelerock,RockSlide,CloseCombat,Protect|Adamant||F|||50|
|inactive|Battle timer is ON: inactive players will automatically lose when time's up. (requested by chimbuotza)
|inactive|chimbuotza has 60 seconds left.
|
|t:|1784174287
|teamsize|p1|4
|teamsize|p2|4
|start
|switch|p1a: Farigiraf|Farigiraf, L50, F|100/100
|switch|p1b: Incineroar|Incineroar, L50, M|100/100
|switch|p2a: less|Basculegion, L50, M, shiny|100/100
|switch|p2b: Lycanroc|Lycanroc-Dusk, L50, F|100/100
|-ability|p1b: Incineroar|Intimidate|boost
|-unboost|p2a: less|atk|1
|-unboost|p2b: Lycanroc|atk|1
|turn|1
|
|t:|1784174299
|switch|p2b: Venusaur|Venusaur, L50, M|100/100
|move|p2a: less|Flip Turn|p1b: Incineroar
|-supereffective|p1b: Incineroar|1
|-damage|p1b: Incineroar|50/100g
|
|t:|1784174311
|switch|p2a: Drop Dead|Kingambit, L50, M, shiny|100/100|[from] Flip Turn
|move|p1b: Incineroar|Throat Chop|p2a: Drop Dead
|-resisted|p2a: Drop Dead|1
|-damage|p2a: Drop Dead|78/100
|-start|p2a: Drop Dead|Throat Chop|[silent]
|-damage|p1b: Incineroar|40/100|[from] item: Life Orb
|move|p1a: Farigiraf|Trick Room|p1a: Farigiraf
|-fieldstart|move: Trick Room|[of] p1a: Farigiraf
|
|upkeep
|turn|2
|
|t:|1784174319
|detailschange|p2b: Venusaur|Venusaur-Mega, L50, M
|-mega|p2b: Venusaur|Venusaur|Venusaurite
|move|p1b: Incineroar|Close Combat|p2a: Drop Dead
|-supereffective|p2a: Drop Dead|2
|-damage|p2a: Drop Dead|0 fnt
|-unboost|p1b: Incineroar|def|1
|-unboost|p1b: Incineroar|spd|1
|faint|p2a: Drop Dead
|-damage|p1b: Incineroar|30/100|[from] item: Life Orb
|move|p1a: Farigiraf|Psychic|p2b: Venusaur
|-supereffective|p2b: Venusaur|1
|-damage|p2b: Venusaur|37/100
|move|p2b: Venusaur|Sludge Bomb|p1a: Farigiraf
|-damage|p1a: Farigiraf|55/100
|
|upkeep
|-message|chimbuotza forfeited.
|
|win|Fell Blue
|l|☆chimbuotza
|player|p2|
||chimbuotza is ready for game 2.
||chimbuotza is ready for game 2.
