|j|☆Siegfried_TV
|j|☆Mortimerd
|html|Siegfried_TVMortimerd    
|uhtml|bestof|Game 2 of a best-of-3
|t:|1757190900
|gametype|doubles
|player|p1|Siegfried_TV|lance|1060
|player|p2|Mortimerd|drayden|1059
|gen|9
|tier|[Gen 9] VGC 2025 Reg H (Bo3)
|rated|
|rule|Species Clause: Limit one of each Pokémon
|rule|Item Clause: Limit 1 of each item
|clearpoke
|poke|p1|Indeedee-F, L50, F|
|poke|p1|Hatterene, L50, F|
|poke|p1|Gallade, L50, M|
|poke|p1|Ursaluna, L50, M|
|poke|p1|Lilligant-Hisui, L50, F|
|poke|p1|Torkoal, L50, M|
|poke|p2|Dragonite, L50, F|
|poke|p2|Sneasler, L50, M|
|poke|p2|Gholdengo, L50|
|poke|p2|Whimsicott, L50, M|
|poke|p2|Charizard, L50, M|
|poke|p2|Torkoal, L50, F|
|teampreview|4
|showteam|p1|Indeedee-F||PsychicSeed|PsychicSurge|TrickRoom,FollowMe,HelpingHand,DazzlingGleam|||F|||50|,,,,,Fire]Hatterene||LifeOrb|MagicBounce|ExpandingForce,TrickRoom,DazzlingGleam,Protect|||F|||50|,,,,,Psychic]Gallade||ClearAmulet|Sharpness|PsychoCut,TrickRoom,SacredSword,WideGuard|||M|||50|,,,,,Grass]Ursaluna||FlameOrb|Guts|HeadlongRush,Facade,SwordsDance,Protect|||M|||50|,,,,,Ghost]Lilligant-Hisui||FocusSash|Chlorophyll|SolarBlade,SleepPowder,CloseCombat,AfterYou|||F|||50|,,,,,Ghost]Torkoal||ChoiceSpecs|Drought|Eruption,HeatWave,WeatherBall,EarthPower|||M|||50|,,,,,Fire
|showteam|p2|Dragonite||LoadedDice|Multiscale|ScaleShot,ExtremeSpeed,Tailwind,Protect|||F|||50|,,,,,Steel]Sneasler||FocusSash|Unburden|FakeOut,DireClaw,CloseCombat,Uturn|||M|||50|,,,,,Grass]Gholdengo||MetalCoat|GoodasGold|MakeItRain,ShadowBall,NastyPlot,Protect||||||50|,,,,,Normal]Whimsicott||CovertCloak|Prankster|Moonblast,Tailwind,Encore,SunnyDay|||M|||50|,,,,,Dark]Charizard||ChoiceSpecs|SolarPower|HeatWave,WeatherBall,Hurricane,ScorchingSands|||M|||50|,,,,,Ghost]Torkoal||EjectPack|Drought|Overheat,HeatWave,HelpingHand,Protect|||F|||50|,,,,,Fire
|
|t:|1757190925
|teamsize|p1|4
|teamsize|p2|4
|start
|switch|p1a: MOIN|Indeedee-F, L50, F, shiny|100/100
|switch|p1b: Meister|Hatterene, L50, F, shiny|100/100
|switch|p2a: Charizard|Charizard, L50, M|100/100
|switch|p2b: Gholdengo|Gholdengo, L50|100/100
|-fieldstart|move: Psychic Terrain|[from] ability: Psychic Surge|[of] p1a: MOIN
|-enditem|p1a: MOIN|Psychic Seed
|-boost|p1a: MOIN|spd|1|[from] item: Psychic Seed
|turn|1
|
|t:|1757190962
|move|p2a: Charizard|Scorching Sands|p1a: MOIN
|-damage|p1a: MOIN|81/100
|move|p2b: Gholdengo|Make It Rain|p1a: MOIN|[spread] p1a,p1b
|-supereffective|p1b: Meister
|-damage|p1a: MOIN|49/100
|-damage|p1b: Meister|0 fnt
|-unboost|p2b: Gholdengo|spa|1
|faint|p1b: Meister
|move|p1a: MOIN|Trick Room|p1a: MOIN
|-fieldstart|move: Trick Room|[of] p1a: MOIN
|
|upkeep
|
|t:|1757190973
|switch|p1b: Bruder?|Torkoal, L50, M, shiny|100/100
|-weather|SunnyDay|[from] ability: Drought|[of] p1b: Bruder?
|turn|2
|-message|Mortimerd forfeited.
|
|win|Siegfried_TV
|raw|Siegfried_TV's rating: 1060 → 1091(+31 for winning)
|raw|Mortimerd's rating: 1059 → 1040(-19 for losing)
|l|☆Mortimerd
|player|p2|
