|j|☆Quill86
|j|☆ggttmmhh
|html|Quill86ggttmmhh    
|uhtml|bestof|Game 1 of a best-of-3
|t:|1756175117
|gametype|doubles
|player|p1|Quill86|lucas|1375
|player|p2|ggttmmhh|170|1357
|gen|9
|tier|[Gen 9] VGC 2025 Reg H (Bo3)
|rated|
|rule|Species Clause: Limit one of each Pokémon
|rule|Item Clause: Limit 1 of each item
|clearpoke
|poke|p1|Indeedee-F, L50, F|
|poke|p1|Gallade, L50, M|
|poke|p1|Torkoal, L50, F|
|poke|p1|Ursaluna, L50, M|
|poke|p1|Hatterene, L50, F|
|poke|p1|Smeargle, L50, M|
|poke|p2|Weezing-Galar, L50, F|
|poke|p2|Annihilape, L50, M|
|poke|p2|Garchomp, L50, M|
|poke|p2|Corviknight, L50, M|
|poke|p2|Kilowattrel, L50, M|
|poke|p2|Volcarona, L50, F|
|teampreview|4
|showteam|p1|Indeedee-F||PsychicSeed|PsychicSurge|FollowMe,TrickRoom,HelpingHand,DazzlingGleam|||F|||50|,,,,,Fairy]Gallade||ClearAmulet|Sharpness|SacredSword,PsychoCut,WideGuard,TrickRoom|||M|||50|,,,,,Grass]Torkoal||ChoiceSpecs|Drought|Eruption,WeatherBall,EarthPower,HeatWave|||F|||50|,,,,,Fire]Ursaluna||FlameOrb|Guts|Protect,HeadlongRush,Facade,Earthquake|||M|||50|,,,,,Ghost]Hatterene||LifeOrb|MagicBounce|DazzlingGleam,ExpandingForce,MysticalFire,TrickRoom|||F|||50|,,,,,Fire]Smeargle||FocusSash|Technician|FakeOut,Spore,Decorate,FollowMe|||M|||50|,,,,,Ghost
|showteam|p2|Weezing-Galar||ChoiceSpecs|NeutralizingGas|SludgeBomb,StrangeSteam,DazzlingGleam,Flamethrower|||F|||50|,,,,,Flying]Annihilape||AssaultVest|Defiant|RockTomb,FinalGambit,RageFist,CloseCombat|||M|||50|,,,,,Psychic]Garchomp||LifeOrb|RoughSkin|DragonClaw,StompingTantrum,Earthquake,Protect|||M|||50|,,,,,Ground]Corviknight||SitrusBerry|MirrorArmor|BraveBird,Roost,Tailwind,BulkUp|||M|||50|,,,,,Dragon]Kilowattrel||FocusSash|Competitive|Protect,Discharge,AirSlash,Tailwind|||M|||50|,,,,,Ghost]Volcarona||CovertCloak|FlameBody|RagePowder,HeatWave,Tailwind,StruggleBug|||F|||50|,,,,,Steel
|inactive|Battle timer is ON: inactive players will automatically lose when time's up. (requested by Quill86)
|inactive|ggttmmhh has 60 seconds left.
|
|t:|1756175208
|teamsize|p1|4
|teamsize|p2|4
|start
|switch|p1a: Smeargle|Smeargle, L50, M|100/100
|switch|p1b: Gallade|Gallade, L50, M|100/100
|switch|p2a: Weezing|Weezing-Galar, L50, F|100/100
|switch|p2b: Annihilape|Annihilape, L50, M|100/100
|-ability|p2a: Weezing|Neutralizing Gas
|turn|1
|inactive|Quill86 has 30 seconds left.
|inactive|ggttmmhh has 30 seconds left.
|inactive|ggttmmhh has 20 seconds left.
|inactive|ggttmmhh has 15 seconds left.
|inactive|ggttmmhh has 10 seconds left.
|inactive|ggttmmhh has 5 seconds left.
|
|t:|1756175259
|move|p2b: Annihilape|Rock Tomb|p1a: Smeargle
|-damage|p1a: Smeargle|59/100
|-unboost|p1a: Smeargle|spe|1
|move|p2a: Weezing|Dazzling Gleam|p1a: Smeargle|[spread] p1a,p1b
|-supereffective|p1b: Gallade
|-damage|p1a: Smeargle|0 fnt
|-damage|p1b: Gallade|31/100
|faint|p1a: Smeargle
|move|p1b: Gallade|Psycho Cut|p2b: Annihilape
|-supereffective|p2b: Annihilape
|-damage|p2b: Annihilape|8/100
|
|upkeep
|
|t:|1756175270
|switch|p1a: Indeedee|Indeedee-F, L50, F|100/100
|turn|2
|
|t:|1756175291
|move|p1b: Gallade|Wide Guard|p1b: Gallade
|-singleturn|p1b: Gallade|Wide Guard
|move|p2b: Annihilape|Rage Fist|p1b: Gallade
|-supereffective|p1b: Gallade
|-damage|p1b: Gallade|0 fnt
|faint|p1b: Gallade
|move|p2a: Weezing|Dazzling Gleam|p1a: Indeedee
|-activate|p1a: Indeedee|move: Wide Guard
|move|p1a: Indeedee|Trick Room|p1a: Indeedee
|-fieldstart|move: Trick Room|[of] p1a: Indeedee
|
|upkeep
|
|t:|1756175293
|switch|p1b: Torkoal|Torkoal, L50, F|100/100
|turn|3
|inactive|ggttmmhh has 30 seconds left.
|inactive|ggttmmhh has 20 seconds left.
|
|t:|1756175330
|-terastallize|p1b: Torkoal|Fire
|move|p1a: Indeedee|Helping Hand|p1b: Torkoal
|-singleturn|p1b: Torkoal|Helping Hand|[of] p1a: Indeedee
|move|p1b: Torkoal|Eruption|p2a: Weezing|[spread] p2a,p2b
|-damage|p2a: Weezing|0 fnt
|-damage|p2b: Annihilape|0 fnt
|faint|p2a: Weezing
|-end|p2a: Weezing|ability: Neutralizing Gas
|-weather|SunnyDay|[from] ability: Drought|[of] p1b: Torkoal
|-fieldstart|move: Psychic Terrain|[from] ability: Psychic Surge|[of] p1a: Indeedee
|-enditem|p1a: Indeedee|Psychic Seed
|-boost|p1a: Indeedee|spd|1|[from] item: Psychic Seed
|faint|p2b: Annihilape
|
|-weather|SunnyDay|[upkeep]
|upkeep
|
|t:|1756175337
|switch|p2a: Corviknight|Corviknight, L50, M|100/100
|switch|p2b: Garchomp|Garchomp, L50, M|100/100
|turn|4
|inactive|ggttmmhh has 30 seconds left.
|inactive|ggttmmhh has 20 seconds left.
|inactive|ggttmmhh has 15 seconds left.
|inactive|ggttmmhh has 10 seconds left.
|
|t:|1756175384
|-terastallize|p2a: Corviknight|Dragon
|move|p1a: Indeedee|Helping Hand|p1b: Torkoal
|-singleturn|p1b: Torkoal|Helping Hand|[of] p1a: Indeedee
|move|p1b: Torkoal|Eruption|p2b: Garchomp|[spread] p2a,p2b
|-resisted|p2a: Corviknight
|-resisted|p2b: Garchomp
|-damage|p2a: Corviknight|0 fnt
|-damage|p2b: Garchomp|0 fnt
|faint|p2a: Corviknight
|faint|p2b: Garchomp
|
|win|Quill86
||ggttmmhh is ready for game 2.
||Quill86 is ready for game 2.
|uhtml|next|Next: Game 2 of 3
