|j|☆Hotdiggitydawgs
|j|☆KodeBeast0526
|html|HotdiggitydawgsKodeBeast0526    
|uhtml|bestof|Game 1 of a best-of-3
|t:|1783403101
|gametype|doubles
|player|p1|Hotdiggitydawgs|101|1064
|player|p2|KodeBeast0526|sailor|1171
|gen|9
|tier|[Gen 9 Champions] VGC 2026 Reg M-B (Bo3)
|rated|
|rule|Species Clause: Limit one of each Pokémon
|rule|Item Clause: Limit 1 of each item
|clearpoke
|poke|p1|Sableye, L50, F|
|poke|p1|Archaludon, L50, F|
|poke|p1|Sinistcha-Masterpiece, L50|
|poke|p1|Pelipper, L50, F|
|poke|p1|Metagross, L50|
|poke|p1|Blastoise, L50, F|
|poke|p2|Gengar, L50, F|
|poke|p2|Swampert, L50, M|
|poke|p2|Incineroar, L50, F|
|poke|p2|Politoed, L50, M|
|poke|p2|Archaludon, L50, F|
|poke|p2|Vivillon-Ocean, L50, F|
|teampreview|4
|showteam|p1|Sableye||SitrusBerry|Prankster|Encore,WillOWisp,RainDance,FakeOut|Careful||F|||50|]Archaludon||Leftovers|Stamina|ElectroShot,DragonPulse,Protect,FlashCannon|Modest||F|||50|]Sinistcha-Masterpiece||ColburBerry|Hospitality|TrickRoom,MatchaGotcha,Protect,RagePowder|Modest|||||50|]Pelipper||FocusSash|Drizzle|WeatherBall,Hurricane,Tailwind,WideGuard|Modest||F|||50|]Metagross||Metagrossite|ClearBody|Protect,RockSlide,PsychicFangs,IronHead|Jolly|||||50|]Blastoise||Blastoisinite|Torrent|WaterSpout,ShellSmash,Protect,AuraSphere|Modest||F|||50|
|showteam|p2|Gengar||Gengarite|CursedBody|ShadowBall,PerishSong,SludgeBomb,Protect|Timid||F|||50|]Swampert||Swampertite|Torrent|WaveCrash,Earthquake,IcePunch,Protect|Adamant||M|||50|]Incineroar||PasshoBerry|Intimidate|ThroatChop,PartingShot,FakeOut,Protect|Sassy||F|||50|]Politoed||SitrusBerry|Drizzle|WeatherBall,PerishSong,Encore,Protect|Calm||M|||50|]Archaludon||Leftovers|Stamina|DragonPulse,FlashCannon,ElectroShot,Protect|Bold||F|||50|]Vivillon-Ocean||FocusSash|CompoundEyes|Hurricane,SleepPowder,RagePowder,Protect|Timid||F|||50|
|inactive|Battle timer is ON: inactive players will automatically lose when time's up. (requested by Hotdiggitydawgs)
|inactive|Hotdiggitydawgs has 60 seconds left.
|inactive|Hotdiggitydawgs has 30 seconds left.
|inactive|Hotdiggitydawgs has 20 seconds left.
|inactive|Hotdiggitydawgs has 15 seconds left.
|
|t:|1783403178
|teamsize|p1|4
|teamsize|p2|4
|start
|switch|p1a: Metagross|Metagross, L50|100/100
|switch|p1b: Pelipper|Pelipper, L50, F|100/100
|switch|p2a: Gengar|Gengar, L50, F|100/100
|switch|p2b: Incineroar|Incineroar, L50, F|100/100
|-weather|RainDance|[from] ability: Drizzle|[of] p1b: Pelipper
|-ability|p2b: Incineroar|Intimidate|boost
|-fail|p1a: Metagross|unboost|[from] ability: Clear Body|[of] p1a: Metagross
|-unboost|p1b: Pelipper|atk|1
|turn|1
|inactive|Hotdiggitydawgs has 30 seconds left.
|
|t:|1783403208
|detailschange|p2a: Gengar|Gengar-Mega, L50, F
|-mega|p2a: Gengar|Gengar|Gengarite
|detailschange|p1a: Metagross|Metagross-Mega, L50
|-mega|p1a: Metagross|Metagross|Metagrossite
|move|p2b: Incineroar|Fake Out|p1a: Metagross
|-resisted|p1a: Metagross|1
|-crit|p1a: Metagross
|-damage|p1a: Metagross|93/100
|move|p2a: Gengar|Perish Song|p2a: Gengar
|-start|p1a: Metagross|perish3|[silent]
|-start|p1b: Pelipper|perish3|[silent]
|-start|p2a: Gengar|perish3|[silent]
|-start|p2b: Incineroar|perish3|[silent]
|-fieldactivate|move: Perish Song
|cant|p1a: Metagross|flinch
|move|p1b: Pelipper|Tailwind|p1b: Pelipper
|-sidestart|p1: Hotdiggitydawgs|move: Tailwind
|
|-weather|RainDance|[upkeep]
|-start|p1a: Metagross|perish3
|-start|p1b: Pelipper|perish3
|-start|p2a: Gengar|perish3
|-start|p2b: Incineroar|perish3
|upkeep
|turn|2
|inactive|KodeBeast0526 has 30 seconds left.
|
|t:|1783403234
|move|p2a: Gengar|Protect|p2a: Gengar
|-singleturn|p2a: Gengar|Protect
|move|p2b: Incineroar|Protect|p2b: Incineroar
|-singleturn|p2b: Incineroar|Protect
|move|p1a: Metagross|Rock Slide|p2a: Gengar|[spread] 
|-activate|p2a: Gengar|move: Protect
|-activate|p2b: Incineroar|move: Protect
|move|p1b: Pelipper|Hurricane|p2a: Gengar
|-activate|p2a: Gengar|move: Protect
|
|-weather|RainDance|[upkeep]
|-start|p1a: Metagross|perish2
|-start|p1b: Pelipper|perish2
|-start|p2a: Gengar|perish2
|-start|p2b: Incineroar|perish2
|upkeep
|turn|3
|inactive|Hotdiggitydawgs has 30 seconds left.
|inactive|Hotdiggitydawgs has 20 seconds left.
|inactive|Hotdiggitydawgs has 15 seconds left.
|
|t:|1783403276
|switch|p2a: Archaludon|Archaludon, L50, F|100/100
|move|p1a: Metagross|Rock Slide|p2a: Archaludon|[spread] p2a,p2b
|-resisted|p2a: Archaludon|1
|-supereffective|p2b: Incineroar|1
|-damage|p2a: Archaludon|92/100
|-damage|p2b: Incineroar|66/100
|-ability|p2a: Archaludon|Stamina|boost
|-boost|p2a: Archaludon|def|1
|move|p1b: Pelipper|Hurricane|p2a: Archaludon
|-resisted|p2a: Archaludon|1
|-damage|p2a: Archaludon|67/100
|-ability|p2a: Archaludon|Stamina|boost
|-boost|p2a: Archaludon|def|1
|move|p2b: Incineroar|Parting Shot|p1a: Metagross
|-unboost|p1a: Metagross|atk|1
|-unboost|p1a: Metagross|spa|1
|
|t:|1783403290
|switch|p2b: Gengar|Gengar-Mega, L50, F|100/100|[from] Parting Shot
|
|-weather|RainDance|[upkeep]
|-heal|p2a: Archaludon|73/100|[from] item: Leftovers
|-start|p1a: Metagross|perish1
|-start|p1b: Pelipper|perish1
|upkeep
|turn|4
|-message|Hotdiggitydawgs forfeited.
|
|win|KodeBeast0526
|l|☆Hotdiggitydawgs
|player|p1|
