|j|☆maesker
|j|☆SeymoursLeftToeVGC
|html|maeskerSeymoursLeftToeVGC    
|uhtml|bestof|Game 1 of a best-of-3
|t:|1782505019
|gametype|doubles
|player|p1|maesker|dawn|1189
|player|p2|SeymoursLeftToeVGC|ninjaboy|1147
|gen|9
|tier|[Gen 9 Champions] VGC 2026 Reg M-B (Bo3)
|rated|
|rule|Species Clause: Limit one of each Pokémon
|rule|Item Clause: Limit 1 of each item
|clearpoke
|poke|p1|Gengar, L50, M|
|poke|p1|Gyarados, L50, F|
|poke|p1|Kingambit, L50, F|
|poke|p1|Sylveon, L50, F|
|poke|p1|Garchomp, L50, F|
|poke|p1|Raichu, L50, M|
|poke|p2|Whimsicott, L50, M, shiny|
|poke|p2|Typhlosion-Hisui, L50, F, shiny|
|poke|p2|Farigiraf, L50, M|
|poke|p2|Sceptile, L50, M, shiny|
|poke|p2|Rotom-Wash, L50, shiny|
|poke|p2|Gardevoir, L50, F, shiny|
|teampreview|4
|showteam|p1|Gengar||Gengarite|CursedBody|Protect,ShadowBall,IcyWind,DazzlingGleam|Timid||M|||50|]Gyarados||Leftovers|Intimidate|DragonDance,Waterfall,Earthquake,IceFang|Adamant||F|||50|]Kingambit||SitrusBerry|Defiant|SwordsDance,SuckerPunch,KowtowCleave,IronHead|Adamant||F|||50|]Sylveon||FairyFeather|Pixilate|HyperBeam,HyperVoice,Protect,Wish|Modest||F|||50|]Garchomp||ChoiceScarf|RoughSkin|Earthquake,RockSlide,DragonClaw,StompingTantrum|Adamant||F|||50|]Raichu||RaichuniteY|LightningRod|FakeOut,Protect,FocusBlast,ZapCannon|Timid||M|||50|
|showteam|p2|Whimsicott||FocusSash|Prankster|Moonblast,FakeTears,SunnyDay,Tailwind|Modest||M|||50|]Typhlosion-Hisui||Charcoal|Blaze|Eruption,Protect,ShadowBall,HeatWave|Modest||F|||50|]Farigiraf||LifeOrb|ArmorTail|HyperVoice,TwinBeam,Protect,HelpingHand|Modest||M|||50|]Sceptile||Sceptilite|Overgrow|EarthPower,DragonPulse,Detect,EnergyBall|Timid||M|||50|]Rotom-Wash||ChoiceScarf|Levitate|HydroPump,Discharge,VoltSwitch,Thunderbolt|Timid|||||50|]Gardevoir||Gardevoirite|Telepathy|HyperVoice,HyperBeam,Protect,Psychic|Timid||F|||50|
|inactive|Battle timer is ON: inactive players will automatically lose when time's up. (requested by SeymoursLeftToeVGC)
|inactive|SeymoursLeftToeVGC has 60 seconds left.
|
|t:|1782505063
|teamsize|p1|4
|teamsize|p2|4
|start
|switch|p1a: Gengar|Gengar, L50, M|100/100
|switch|p1b: Sylveon|Sylveon, L50, F|100/100
|switch|p2a: Gardevoir|Gardevoir, L50, F, shiny|100/100
|switch|p2b: Whimsicott|Whimsicott, L50, M, shiny|100/100
|turn|1
|
|t:|1782505079
|detailschange|p1a: Gengar|Gengar-Mega, L50, M
|-mega|p1a: Gengar|Gengar|Gengarite
|detailschange|p2a: Gardevoir|Gardevoir-Mega, L50, F, shiny
|-mega|p2a: Gardevoir|Gardevoir|Gardevoirite
|move|p2a: Gardevoir|Protect|p2a: Gardevoir
|-singleturn|p2a: Gardevoir|Protect
|move|p2b: Whimsicott|Tailwind|p2b: Whimsicott
|-sidestart|p2: SeymoursLeftToeVGC|move: Tailwind
|move|p1a: Gengar|Icy Wind|p2b: Whimsicott|[spread] p2b
|-activate|p2a: Gardevoir|move: Protect
|-supereffective|p2b: Whimsicott|1
|-damage|p2b: Whimsicott|43/100
|-unboost|p2b: Whimsicott|spe|1
|move|p1b: Sylveon|Hyper Voice|p2a: Gardevoir|[spread] p2b
|-activate|p2a: Gardevoir|move: Protect
|-damage|p2b: Whimsicott|0 fnt
|faint|p2b: Whimsicott
|
|upkeep
|
|t:|1782505094
|switch|p2b: Typhlosion|Typhlosion-Hisui, L50, F, shiny|100/100
|turn|2
|
|t:|1782505106
|switch|p1a: Gyarados|Gyarados, L50, F|100/100
|-ability|p1a: Gyarados|Intimidate|boost
|-unboost|p2a: Gardevoir|atk|1
|-unboost|p2b: Typhlosion|atk|1
|move|p2a: Gardevoir|Hyper Voice|p1b: Sylveon|[spread] p1a,p1b
|-damage|p1a: Gyarados|53/100
|-damage|p1b: Sylveon|62/100
|move|p2b: Typhlosion|Eruption|p1a: Gyarados|[spread] p1a,p1b
|-resisted|p1a: Gyarados|1
|-damage|p1a: Gyarados|19/100
|-damage|p1b: Sylveon|12/100
|move|p1b: Sylveon|Hyper Voice|p2b: Typhlosion|[spread] p2a,p2b
|-resisted|p2b: Typhlosion|1
|-damage|p2a: Gardevoir|54/100
|-damage|p2b: Typhlosion|68/100
|
|-heal|p1a: Gyarados|25/100|[from] item: Leftovers
|upkeep
|turn|3
|inactive|SeymoursLeftToeVGC has 30 seconds left.
|inactive|SeymoursLeftToeVGC has 20 seconds left.
|
|t:|1782505142
|move|p2a: Gardevoir|Hyper Voice|p1b: Sylveon|[spread] p1a,p1b
|-damage|p1a: Gyarados|0 fnt
|-damage|p1b: Sylveon|0 fnt
|faint|p1a: Gyarados
|faint|p1b: Sylveon
|move|p2b: Typhlosion|Shadow Ball|p1: Gyarados|[notarget]
|-fail|p2b: Typhlosion
|
|upkeep
|
|t:|1782505146
|switch|p1a: Gengar|Gengar-Mega, L50, M|100/100
|switch|p1b: Kingambit|Kingambit, L50, F|100/100
|turn|4
|
|t:|1782505164
|switch|p2b: Farigiraf|Farigiraf, L50, M|100/100
|move|p1a: Gengar|Protect|p1a: Gengar
|-singleturn|p1a: Gengar|Protect
|move|p1b: Kingambit|Sucker Punch||[still]
|cant|p2b: Farigiraf|ability: Armor Tail|Sucker Punch|[of] p1b: Kingambit
|move|p2a: Gardevoir|Psychic|p1a: Gengar
|-activate|p1a: Gengar|move: Protect
|
|-sideend|p2: SeymoursLeftToeVGC|move: Tailwind
|upkeep
|turn|5
|inactive|maesker has 30 seconds left.
|
|t:|1782505190
|move|p2a: Gardevoir|Protect|p2a: Gardevoir
|-singleturn|p2a: Gardevoir|Protect
|move|p1a: Gengar|Dazzling Gleam|p2b: Farigiraf|[spread] p2b
|-activate|p2a: Gardevoir|move: Protect
|-damage|p2b: Farigiraf|70/100
|move|p2b: Farigiraf|Twin Beam|p1a: Gengar
|-supereffective|p1a: Gengar|1
|-damage|p1a: Gengar|20/100y
|-supereffective|p1a: Gengar|1
|-damage|p1a: Gengar|0 fnt
|faint|p1a: Gengar
|-hitcount|p1: Gengar|2
|-damage|p2b: Farigiraf|60/100|[from] item: Life Orb
|move|p1b: Kingambit|Kowtow Cleave|p2b: Farigiraf
|-supereffective|p2b: Farigiraf|1
|-damage|p2b: Farigiraf|0 fnt
|faint|p2b: Farigiraf
|
|upkeep
|
|t:|1782505205
|switch|p2b: Typhlosion|Typhlosion-Hisui, L50, F, shiny|68/100
|turn|6
|
|t:|1782505213
|move|p1b: Kingambit|Sucker Punch|p2b: Typhlosion
|-supereffective|p2b: Typhlosion|1
|-damage|p2b: Typhlosion|0 fnt
|faint|p2b: Typhlosion
|move|p2a: Gardevoir|Hyper Beam|p1b: Kingambit
|-damage|p1b: Kingambit|0 fnt
|-mustrecharge|p2a: Gardevoir
|faint|p1b: Kingambit
|
|win|SeymoursLeftToeVGC
