|j|☆ancientson
|j|☆LooDeecolo
|html|ancientsonLooDeecolo    
|uhtml|bestof|Game 1 of a best-of-3
|t:|1756863262
|gametype|doubles
|player|p1|ancientson|n|1052
|player|p2|LooDeecolo|brycenman|1137
|gen|9
|tier|[Gen 9] VGC 2025 Reg H (Bo3)
|rated|
|rule|Species Clause: Limit one of each Pokémon
|rule|Item Clause: Limit 1 of each item
|clearpoke
|poke|p1|Dragapult, L50, F|
|poke|p1|Gholdengo, L50|
|poke|p1|Murkrow, L50, M|
|poke|p1|Sneasler, L50, F|
|poke|p1|Armarouge, L50, F|
|poke|p1|Indeedee-F, L50, F|
|poke|p2|Electabuzz, L50, M|
|poke|p2|Annihilape, L50, F|
|poke|p2|Amoonguss, L50, M|
|poke|p2|Arcanine-Hisui, L50, M|
|poke|p2|Whimsicott, L50, M|
|poke|p2|Gholdengo, L50|
|teampreview|4
|showteam|p1|Dragapult||LifeOrb|ClearBody|DragonDarts,Uturn,PhantomForce,SuckerPunch|||F|||50|,,,,,Dragon]Gholdengo||Leftovers|GoodasGold|Protect,ShadowBall,MakeItRain,NastyPlot||||||50|,,,,,Fighting]Murkrow||Eviolite|Prankster|FoulPlay,Tailwind,Haze,SunnyDay|||M|||50|,,,,,Dark]Sneasler||PsychicSeed|Unburden|DireClaw,CloseCombat,Protect,ThroatChop|||F|||50|,,,,,Dark]Armarouge||CovertCloak|FlashFire|ExpandingForce,HeatWave,Protect,TeraBlast|||F|||50|,,,,,Fighting]Indeedee-F||RockyHelmet|PsychicSurge|FollowMe,HelpingHand,TrickRoom,Psychic|||F|||50|,,,,,Dark
|showteam|p2|Electabuzz||Eviolite|VitalSpirit|Electroweb,Protect,FollowMe,Thunderbolt|||M|||50|,,,,,Dark]Annihilape||RockyHelmet|Defiant|Coaching,Protect,RageFist,CloseCombat|||F|||50|,,,,,Fighting]Amoonguss||SitrusBerry|Regenerator|RagePowder,Protect,SludgeBomb,Spore|||M|||50|,,,,,Fire]Arcanine-Hisui||ClearAmulet|Intimidate|FlareBlitz,RockSlide,WillOWisp,Protect|||M|||50|,,,,,Grass]Whimsicott||CovertCloak|Prankster|Tailwind,Encore,DazzlingGleam,Taunt|||M|||50|,,,,,Fairy]Gholdengo||LifeOrb|GoodasGold|MakeItRain,ShadowBall,Protect,NastyPlot||||||50|,,,,,Water
|inactive|Battle timer is ON: inactive players will automatically lose when time's up. (requested by LooDeecolo)
|inactive|ancientson has 60 seconds left.
|inactive|LooDeecolo has 60 seconds left.
|inactive|ancientson has 30 seconds left.
|inactive|LooDeecolo has 30 seconds left.
|inactive|LooDeecolo has 20 seconds left.
|inactive|LooDeecolo has 15 seconds left.
|inactive|LooDeecolo has 10 seconds left.
|
|t:|1756863345
|teamsize|p1|4
|teamsize|p2|4
|start
|switch|p1a: Indeedee|Indeedee-F, L50, F|100/100
|switch|p1b: Armarouge|Armarouge, L50, F|100/100
|switch|p2a: Arcanine|Arcanine-Hisui, L50, M|100/100
|switch|p2b: Electabuzz|Electabuzz, L50, M|100/100
|-ability|p2a: Arcanine|Intimidate|boost
|-unboost|p1a: Indeedee|atk|1
|-unboost|p1b: Armarouge|atk|1
|-fieldstart|move: Psychic Terrain|[from] ability: Psychic Surge|[of] p1a: Indeedee
|turn|1
|inactive|ancientson has 30 seconds left.
|inactive|LooDeecolo has 30 seconds left.
|inactive|ancientson has 20 seconds left.
|
|t:|1756863384
|-terastallize|p2b: Electabuzz|Dark
|move|p2a: Arcanine|Rock Slide|p1a: Indeedee|[spread] p1a,p1b
|-supereffective|p1b: Armarouge
|-damage|p1a: Indeedee|73/100
|-damage|p1b: Armarouge|54/100
|move|p2b: Electabuzz|Thunderbolt|p1a: Indeedee
|-damage|p1a: Indeedee|43/100
|move|p1a: Indeedee|Psychic|p2b: Electabuzz
|-immune|p2b: Electabuzz
|move|p1b: Armarouge|Expanding Force|p2b: Electabuzz|[spread] p2a
|-immune|p2b: Electabuzz
|-damage|p2a: Arcanine|30/100
|
|upkeep
|turn|2
|inactive|LooDeecolo has 30 seconds left.
|inactive|ancientson has 30 seconds left.
|inactive|LooDeecolo has 20 seconds left.
|inactive|ancientson has 20 seconds left.
|inactive|LooDeecolo has 15 seconds left.
|
|t:|1756863425
|-terastallize|p1b: Armarouge|Fighting
|move|p1a: Indeedee|Follow Me|p1a: Indeedee
|-singleturn|p1a: Indeedee|move: Follow Me
|move|p2a: Arcanine|Rock Slide|p1b: Armarouge|[spread] p1a,p1b
|-resisted|p1b: Armarouge
|-damage|p1a: Indeedee|19/100
|-damage|p1b: Armarouge|42/100
|move|p2b: Electabuzz|Thunderbolt|p1a: Indeedee
|-damage|p1a: Indeedee|0 fnt
|faint|p1a: Indeedee
|move|p1b: Armarouge|Tera Blast|p2a: Arcanine|[anim] Tera Blast Fighting
|-supereffective|p2a: Arcanine
|-damage|p2a: Arcanine|0 fnt
|faint|p2a: Arcanine
|
|upkeep
|
|t:|1756863447
|switch|p2a: Annihilape|Annihilape, L50, F|100/100
|switch|p1a: Murkrow|Murkrow, L50, M|100/100
|turn|3
|inactive|ancientson has 30 seconds left.
|inactive|LooDeecolo has 30 seconds left.
|
|t:|1756863485
|move|p2a: Annihilape|Protect|p2a: Annihilape
|-singleturn|p2a: Annihilape|Protect
|move|p1a: Murkrow|Tailwind|p1a: Murkrow
|-sidestart|p1: ancientson|move: Tailwind
|move|p1b: Armarouge|Tera Blast|p2b: Electabuzz|[anim] Tera Blast Fighting
|-supereffective|p2b: Electabuzz
|-damage|p2b: Electabuzz|37/100
|move|p2b: Electabuzz|Electroweb|p1a: Murkrow|[spread] p1b
|-miss|p2b: Electabuzz|p1a: Murkrow
|-damage|p1b: Armarouge|29/100
|
|upkeep
|turn|4
|inactive|ancientson has 30 seconds left.
|inactive|LooDeecolo has 30 seconds left.
|inactive|LooDeecolo has 20 seconds left.
|inactive|LooDeecolo has 15 seconds left.
|inactive|LooDeecolo has 10 seconds left.
|inactive|LooDeecolo has 5 seconds left.
|
|t:|1756863536
|move|p2b: Electabuzz|Follow Me|p2b: Electabuzz
|-singleturn|p2b: Electabuzz|move: Follow Me
|move|p1a: Murkrow|Foul Play|p2b: Electabuzz
|-resisted|p2b: Electabuzz
|-damage|p2b: Electabuzz|28/100
|move|p1b: Armarouge|Heat Wave|p2b: Electabuzz|[spread] p2a
|-miss|p1b: Armarouge|p2b: Electabuzz
|-damage|p2a: Annihilape|68/100
|move|p2a: Annihilape|Rage Fist|p1b: Armarouge
|-damage|p1b: Armarouge|0 fnt
|faint|p1b: Armarouge
|
|upkeep
|
|t:|1756863548
|switch|p1b: Aurelios|Gholdengo, L50|100/100
|turn|5
|inactive|LooDeecolo has 30 seconds left.
|
|t:|1756863576
|move|p2b: Electabuzz|Follow Me|p2b: Electabuzz
|-singleturn|p2b: Electabuzz|move: Follow Me
|move|p1b: Aurelios|Make It Rain|p2a: Annihilape|[spread] p2a,p2b
|-damage|p2a: Annihilape|30/100
|-damage|p2b: Electabuzz|0 fnt
|-unboost|p1b: Aurelios|spa|1
|faint|p2b: Electabuzz
|move|p1a: Murkrow|Foul Play|p2a: Annihilape
|-damage|p2a: Annihilape|0 fnt
|-damage|p1a: Murkrow|84/100|[from] item: Rocky Helmet|[of] p2a: Annihilape
|faint|p2a: Annihilape
|
|-fieldend|move: Psychic Terrain
|upkeep
|
|t:|1756863588
|switch|p2b: Gholdengo|Gholdengo, L50|100/100
|turn|6
|inactive|ancientson has 30 seconds left.
|inactive|LooDeecolo has 30 seconds left.
|inactive|LooDeecolo has 20 seconds left.
|
|t:|1756863626
|move|p1b: Aurelios|Protect|p1b: Aurelios
|-singleturn|p1b: Aurelios|Protect
|move|p1a: Murkrow|Foul Play|p2b: Gholdengo
|-supereffective|p2b: Gholdengo
|-damage|p2b: Gholdengo|60/100
|move|p2b: Gholdengo|Shadow Ball|p1b: Aurelios
|-activate|p1b: Aurelios|move: Protect
|
|-sideend|p1: ancientson|move: Tailwind
|upkeep
|turn|7
|
|t:|1756863647
|move|p1a: Murkrow|Tailwind|p1a: Murkrow
|-sidestart|p1: ancientson|move: Tailwind
|move|p1b: Aurelios|Shadow Ball|p2b: Gholdengo
|-supereffective|p2b: Gholdengo
|-damage|p2b: Gholdengo|0 fnt
|faint|p2b: Gholdengo
|
|win|ancientson
||ancientson is ready for game 2.
|inactive|LooDeecolo has 30 seconds to confirm battle start!
|inactive|LooDeecolo has 20 seconds to confirm battle start!
||LooDeecolo is ready for game 2.
|uhtml|next|Next: Game 2 of 3
|l|☆LooDeecolo
|player|p2|
