|j|☆Mclovingods
|j|☆Thorton506
|html|MclovingodsThorton506    
|uhtml|bestof|Game 1 of a best-of-3
|t:|1783468594
|gametype|doubles
|player|p1|Mclovingods|1|1187
|player|p2|Thorton506|brycen|1055
|gen|9
|tier|[Gen 9 Champions] VGC 2026 Reg M-B (Bo3)
|rated|
|rule|Species Clause: Limit one of each Pokémon
|rule|Item Clause: Limit 1 of each item
|clearpoke
|poke|p1|Delphox, L50, M|
|poke|p1|Sinistcha, L50|
|poke|p1|Incineroar, L50, F|
|poke|p1|Sneasler, L50, M|
|poke|p1|Garchomp, L50, M|
|poke|p1|Blastoise, L50, F|
|poke|p2|Gholdengo, L50|
|poke|p2|Raichu, L50, F|
|poke|p2|Floette-Eternal, L50, F|
|poke|p2|Basculegion, L50, M|
|poke|p2|Garchomp, L50, M|
|poke|p2|Whimsicott, L50, M|
|teampreview|4
|showteam|p1|Delphox||Delphoxite|Blaze|NastyPlot,HeatWave,Psychic,Protect|Timid||M|||50|]Sinistcha||CobaBerry|Hospitality|MatchaGotcha,RagePowder,LifeDew,TrickRoom|Calm|||||50|]Incineroar||SitrusBerry|Intimidate|FakeOut,PartingShot,FlareBlitz,DarkestLariat|Adamant||F|||50|]Sneasler||WhiteHerb|Unburden|FakeOut,CloseCombat,DireClaw,Protect|Jolly||M|||50|]Garchomp||LifeOrb|RoughSkin|Earthquake,DragonClaw,RockSlide,Protect|Jolly||M|||50|]Blastoise||Blastoisinite|RainDish|WaterSpout,AuraSphere,DarkPulse,ShellSmash|Modest||F|||50|
|showteam|p2|Gholdengo||LifeOrb|GoodasGold|MakeItRain,NastyPlot,ShadowBall,Protect|Modest|||||50|]Raichu||RaichuniteY|LightningRod|Protect,ZapCannon,FocusBlast,GrassKnot|Modest||F|||50|]Floette-Eternal||Floettite|FlowerVeil|Moonblast,DazzlingGleam,LightofRuin,Protect|Modest||F|||50|]Basculegion||MysticWater|Adaptability|AquaJet,WaveCrash,LastRespects,Protect|Adamant||M|||50|]Garchomp||SitrusBerry|RoughSkin|RockSlide,StompingTantrum,DragonClaw,Protect|Adamant||M|||50|]Whimsicott||FocusSash|Prankster|Moonblast,Tailwind,Encore,Protect|Timid||M|||50|
|inactive|Battle timer is ON: inactive players will automatically lose when time's up. (requested by Mclovingods)
|inactive|Thorton506 has 60 seconds left.
|
|t:|1783468632
|teamsize|p1|4
|teamsize|p2|4
|start
|switch|p1a: Delphox|Delphox, L50, M|100/100
|switch|p1b: Sneasler|Sneasler, L50, M|100/100
|switch|p2a: Gholdengo|Gholdengo, L50|100/100
|switch|p2b: Raichu|Raichu, L50, F|100/100
|turn|1
|inactive|Thorton506 has 30 seconds left.
|inactive|Thorton506 has 20 seconds left.
|inactive|Thorton506 has 15 seconds left.
|
|t:|1783468673
|switch|p1b: Garchomp|Garchomp, L50, M|100/100
|detailschange|p1a: Delphox|Delphox-Mega, L50, M
|-mega|p1a: Delphox|Delphox|Delphoxite
|move|p1a: Delphox|Protect|p1a: Delphox
|-singleturn|p1a: Delphox|Protect
|move|p2b: Raichu|Protect|p2b: Raichu
|-singleturn|p2b: Raichu|Protect
|move|p2a: Gholdengo|Protect||[still]
|-fail|p2a: Gholdengo
|
|upkeep
|turn|2
|inactive|Thorton506 has 30 seconds left.
|inactive|Thorton506 has 20 seconds left.
|inactive|Thorton506 has 15 seconds left.
|
|t:|1783468718
|switch|p2b: Basculegion|Basculegion, L50, M|100/100
|switch|p2a: Floette|Floette-Eternal, L50, F|100/100
|move|p1a: Delphox|Heat Wave|p2a: Floette|[spread] p2a,p2b
|-resisted|p2b: Basculegion|1
|-damage|p2a: Floette|57/100
|-damage|p2b: Basculegion|78/100
|move|p1b: Garchomp|Earthquake|p2b: Basculegion|[spread] p2a,p2b
|-immune|p1a: Delphox|[from] ability: Levitate
|-damage|p2a: Floette|0 fnt
|-damage|p2b: Basculegion|20/100y
|faint|p2a: Floette
|-damage|p1b: Garchomp|90/100|[from] item: Life Orb
|
|upkeep
|
|t:|1783468731
|switch|p2a: Raichu|Raichu, L50, F|100/100
|turn|3
|
|t:|1783468737
|switch|p1a: Sinistcha|Sinistcha, L50|100/100
|-heal|p1b: Garchomp|100/100|[from] ability: Hospitality|[of] p1a: Sinistcha
|detailschange|p2a: Raichu|Raichu-Mega-Y, L50, F
|-mega|p2a: Raichu|Raichu|Raichunite Y
|move|p1b: Garchomp|Protect|p1b: Garchomp
|-singleturn|p1b: Garchomp|Protect
|move|p2a: Raichu|Zap Cannon|p1a: Sinistcha
|-resisted|p1a: Sinistcha|1
|-damage|p1a: Sinistcha|66/100
|-status|p1a: Sinistcha|par
|move|p2b: Basculegion|Wave Crash|p1b: Garchomp
|-activate|p1b: Garchomp|move: Protect
|
|upkeep
|turn|4
|
|t:|1783468755
|move|p2a: Raichu|Focus Blast|p1b: Garchomp
|-damage|p1b: Garchomp|39/100
|move|p1b: Garchomp|Earthquake|p2b: Basculegion|[spread] p1a,p2a,p2b
|-resisted|p1a: Sinistcha|1
|-supereffective|p2a: Raichu|1
|-damage|p1a: Sinistcha|42/100 par
|-damage|p2a: Raichu|0 fnt
|-damage|p2b: Basculegion|0 fnt
|faint|p2a: Raichu
|faint|p2b: Basculegion
|-damage|p1b: Garchomp|29/100|[from] item: Life Orb
|move|p1a: Sinistcha|Matcha Gotcha|p2: Raichu|[notarget]
|-fail|p1a: Sinistcha
|
|upkeep
|-message|Thorton506 forfeited.
|
|win|Mclovingods
||Thorton506 is ready for game 2.
||Mclovingods is ready for game 2.
|uhtml|next|Next: Game 2 of 3
|l|☆Mclovingods
|player|p1|
