|j|☆vilan333
|j|☆oscarmachacador
|html|vilan333oscarmachacador    
|uhtml|bestof|Game 2 of a best-of-3
|t:|1782676439
|gametype|doubles
|player|p1|vilan333|marshal|1184
|player|p2|oscarmachacador|101|1086
|gen|9
|tier|[Gen 9 Champions] VGC 2026 Reg M-B (Bo3)
|rated|
|rule|Species Clause: Limit one of each Pokémon
|rule|Item Clause: Limit 1 of each item
|clearpoke
|poke|p1|Farigiraf, L50, F|
|poke|p1|Torkoal, L50, M|
|poke|p1|Annihilape, L50, F|
|poke|p1|Aerodactyl, L50, F|
|poke|p1|Sylveon, L50, M|
|poke|p1|Metagross, L50, shiny|
|poke|p2|Scovillain, L50, M|
|poke|p2|Aerodactyl, L50, F|
|poke|p2|Rotom-Wash, L50|
|poke|p2|Sneasler, L50, F|
|poke|p2|Ninetales-Alola, L50, F|
|poke|p2|Incineroar, L50, F|
|teampreview|4
|showteam|p1|Farigiraf||SitrusBerry|ArmorTail|TrickRoom,Protect,Psychic,HelpingHand|Bold||F|||50|]Torkoal||Charcoal|Drought|Eruption,WeatherBall,EarthPower,Protect|Quiet||M|||50|]Annihilape||FocusSash|Defiant|ShadowClaw,CloseCombat,Taunt,Protect|Jolly||F|||50|]Aerodactyl||Aerodactylite|Unnerve|Tailwind,RockSlide,IceFang,WideGuard|Jolly||F|||50|]Sylveon||FairyFeather|Pixilate|Detect,HyperVoice,HyperBeam,QuickAttack|Modest||M|||50|]Metagross||Metagrossite|ClearBody|IronHead,PsychicFangs,Protect,StompingTantrum|Jolly|||||50|
|showteam|p2|Scovillain||Scovillainite|Moody|Overheat,LeechSeed,RagePowder,Protect|Calm||M|||50|]Aerodactyl||Aerodactylite|Pressure|RockSlide,DualWingbeat,Protect,IceFang|Jolly||F|||50|]Rotom-Wash||Leftovers|Levitate|HydroPump,Protect,VoltSwitch,Thunderbolt|Calm|||||50|]Sneasler||WhiteHerb|Unburden|PoisonJab,CloseCombat,FakeOut,Protect|Adamant||F|||50|]Ninetales-Alola||LightClay|SnowWarning|Blizzard,AuroraVeil,Encore,Moonblast|Timid||F|||50|]Incineroar||SitrusBerry|Intimidate|FakeOut,FlareBlitz,Snarl,PartingShot|Careful||F|||50|
|
|t:|1782676470
|teamsize|p1|4
|teamsize|p2|4
|start
|switch|p1a: Aerodactyl|Aerodactyl, L50, F|100/100
|switch|p1b: Annihilape|Annihilape, L50, F|100/100
|switch|p2a: Aerodactyl|Aerodactyl, L50, F|100/100
|switch|p2b: Incineroar|Incineroar, L50, F|100/100
|-ability|p1a: Aerodactyl|Unnerve
|-ability|p2a: Aerodactyl|Pressure
|-ability|p2b: Incineroar|Intimidate|boost
|-unboost|p1a: Aerodactyl|atk|1
|-unboost|p1b: Annihilape|atk|1
|-ability|p1b: Annihilape|Defiant|boost
|-boost|p1b: Annihilape|atk|2
|turn|1
|
|t:|1782676507
|detailschange|p2a: Aerodactyl|Aerodactyl-Mega, L50, F
|-mega|p2a: Aerodactyl|Aerodactyl|Aerodactylite
|detailschange|p1a: Aerodactyl|Aerodactyl-Mega, L50, F
|-mega|p1a: Aerodactyl|Aerodactyl|Aerodactylite
|move|p2b: Incineroar|Fake Out|p1a: Aerodactyl
|-resisted|p1a: Aerodactyl|1
|-crit|p1a: Aerodactyl
|-damage|p1a: Aerodactyl|91/100
|move|p2a: Aerodactyl|Rock Slide|p1b: Annihilape|[spread] p1a,p1b
|-supereffective|p1a: Aerodactyl|1
|-crit|p1a: Aerodactyl
|-resisted|p1b: Annihilape|1
|-damage|p1a: Aerodactyl|0 fnt
|-damage|p1b: Annihilape|82/100
|faint|p1a: Aerodactyl
|cant|p1b: Annihilape|flinch
|
|upkeep
|
|t:|1782676521
|switch|p1a: Farigiraf|Farigiraf, L50, F|100/100
|turn|2
|
|t:|1782676548
|move|p2a: Aerodactyl|Rock Slide|p1b: Annihilape|[spread] p1a,p1b
|-resisted|p1b: Annihilape|1
|-damage|p1a: Farigiraf|74/100
|-damage|p1b: Annihilape|65/100
|move|p1b: Annihilape|Close Combat|p2b: Incineroar
|-supereffective|p2b: Incineroar|1
|-damage|p2b: Incineroar|0 fnt
|-unboost|p1b: Annihilape|def|1
|-unboost|p1b: Annihilape|spd|1
|faint|p2b: Incineroar
|cant|p1a: Farigiraf|flinch
|
|upkeep
|
|t:|1782676565
|switch|p2b: Rotom|Rotom-Wash, L50|100/100
|turn|3
|
|t:|1782676582
|move|p2a: Aerodactyl|Rock Slide|p1a: Farigiraf|[spread] p1a,p1b
|-resisted|p1b: Annihilape|1
|-damage|p1a: Farigiraf|49/100
|-damage|p1b: Annihilape|42/100
|-enditem|p1a: Farigiraf|Sitrus Berry|[eat]
|-heal|p1a: Farigiraf|74/100|[from] item: Sitrus Berry
|cant|p1b: Annihilape|flinch
|move|p2b: Rotom|Hydro Pump|p1b: Annihilape
|-crit|p1b: Annihilape
|-damage|p1b: Annihilape|0 fnt
|faint|p1b: Annihilape
|cant|p1a: Farigiraf|flinch
|
|upkeep
|
|t:|1782676596
|switch|p1b: Torkoal|Torkoal, L50, M|100/100
|-weather|SunnyDay|[from] ability: Drought|[of] p1b: Torkoal
|turn|4
|-message|vilan333 forfeited.
|
|win|oscarmachacador
|l|☆vilan333
|player|p1|
||vilan333 is ready for game 3.
||oscarmachacador is ready for game 3.
|uhtml|next|Next: Game 3 of 3
|j|☆vilan333
|player|p1|vilan333|marshal|
