|j|☆jgtwdk
|j|☆raksbach123
|html|jgtwdkraksbach123    
|uhtml|bestof|Game 2 of a best-of-3
|t:|1784716127
|gametype|doubles
|player|p1|jgtwdk|2|1000
|player|p2|raksbach123|102|1215
|gen|9
|tier|[Gen 9 Champions] VGC 2026 Reg M-B (Bo3)
|rated|
|rule|Species Clause: Limit one of each Pokémon
|rule|Item Clause: Limit 1 of each item
|clearpoke
|poke|p1|Ninetales-Alola, L50, M|
|poke|p1|Aerodactyl, L50, F|
|poke|p1|Sneasler, L50, M|
|poke|p1|Basculegion, L50, M|
|poke|p1|Raichu, L50, F|
|poke|p1|Kingambit, L50, F|
|poke|p2|Incineroar, L50, M|
|poke|p2|Kingambit, L50, M|
|poke|p2|Sinistcha, L50|
|poke|p2|Sneasler, L50, F|
|poke|p2|Blastoise, L50, M|
|poke|p2|Delphox, L50, M|
|teampreview|4
|showteam|p1|Ninetales-Alola||ChoiceScarf|SnowWarning|Blizzard,IcyWind,FreezeDry,Moonblast|Timid||M|||50|]Aerodactyl||Aerodactylite|Unnerve|RockSlide,DualWingbeat,WideGuard,Tailwind|Jolly||F|||50|]Sneasler||WhiteHerb|Unburden|CloseCombat,DireClaw,FakeOut,Protect|Adamant||M|||50|]Basculegion||FocusSash|Adaptability|AquaJet,Liquidation,LastRespects,Protect|Adamant||M|||50|]Raichu||RaichuniteY|LightningRod|FakeOut,ZapCannon,FocusBlast,Protect|Timid||F|||50|]Kingambit||LifeOrb|Defiant|KowtowCleave,SuckerPunch,LowKick,Protect|Adamant||F|||50|
|showteam|p2|Incineroar||SitrusBerry|Intimidate|FakeOut,FlareBlitz,ThroatChop,PartingShot|Impish||M|||50|]Kingambit||BlackGlasses|Defiant|KowtowCleave,SuckerPunch,SwordsDance,Protect|Adamant||M|||50|]Sinistcha||OccaBerry|Hospitality|MatchaGotcha,RagePowder,TrickRoom,Protect|Relaxed|||||50|]Sneasler||FocusSash|PoisonTouch|FakeOut,CloseCombat,PoisonJab,QuickGuard|Jolly||F|||50|]Blastoise||Blastoisinite|RainDish|WaterSpout,DarkPulse,ShellSmash,Protect|Modest||M|||50|]Delphox||Delphoxite|Blaze|HeatWave,Psychic,NastyPlot,Protect|Timid||M|||50|
|inactive|Battle timer is ON: inactive players will automatically lose when time's up. (requested by raksbach123)
|inactive|raksbach123 has 60 seconds left.
|
|t:|1784716158
|teamsize|p1|4
|teamsize|p2|4
|start
|switch|p1a: Kingambit|Kingambit, L50, F|100/100
|switch|p1b: Raichu|Raichu, L50, F|100/100
|switch|p2a: Sneasler|Sneasler, L50, F|100/100
|switch|p2b: Blastoise|Blastoise, L50, M|100/100
|turn|1
|inactive|jgtwdk has 30 seconds left.
|inactive|raksbach123 has 30 seconds left.
|inactive|jgtwdk has 20 seconds left.
|inactive|jgtwdk has 15 seconds left.
|inactive|raksbach123 has 20 seconds left.
|inactive|jgtwdk has 10 seconds left.
|inactive|jgtwdk has 5 seconds left.
|
|t:|1784716208
|detailschange|p1b: Raichu|Raichu-Mega-Y, L50, F
|-mega|p1b: Raichu|Raichu|Raichunite Y
|detailschange|p2b: Blastoise|Blastoise-Mega, L50, M
|-mega|p2b: Blastoise|Blastoise|Blastoisinite
|move|p1b: Raichu|Fake Out|p2a: Sneasler
|-damage|p2a: Sneasler|84/100
|cant|p2a: Sneasler|flinch
|move|p2b: Blastoise|Shell Smash|p2b: Blastoise
|-unboost|p2b: Blastoise|def|1
|-unboost|p2b: Blastoise|spd|1
|-boost|p2b: Blastoise|atk|2
|-boost|p2b: Blastoise|spa|2
|-boost|p2b: Blastoise|spe|2
|move|p1a: Kingambit|Kowtow Cleave|p2a: Sneasler
|-resisted|p2a: Sneasler|1
|-damage|p2a: Sneasler|36/100
|-damage|p1a: Kingambit|90/100|[from] item: Life Orb
|
|upkeep
|turn|2
|inactive|raksbach123 has 30 seconds left.
|inactive|raksbach123 has 20 seconds left.
|
|t:|1784716247
|move|p2b: Blastoise|Protect|p2b: Blastoise
|-singleturn|p2b: Blastoise|Protect
|move|p1b: Raichu|Protect|p1b: Raichu
|-singleturn|p1b: Raichu|Protect
|move|p1a: Kingambit|Sucker Punch||[still]
|-fail|p1a: Kingambit
|move|p2a: Sneasler|Close Combat|p1b: Raichu
|-activate|p1b: Raichu|move: Protect
|
|upkeep
|turn|3
|
|t:|1784716271
|move|p2a: Sneasler|Quick Guard|p2a: Sneasler
|-singleturn|p2a: Sneasler|Quick Guard
|move|p1a: Kingambit|Sucker Punch||[still]
|-fail|p1a: Kingambit
|move|p2b: Blastoise|Water Spout|p1a: Kingambit|[spread] p1a,p1b
|-damage|p1a: Kingambit|0 fnt
|-damage|p1b: Raichu|0 fnt
|faint|p1a: Kingambit
|faint|p1b: Raichu
|
|upkeep
|
|t:|1784716276
|switch|p1b: Basculegion|Basculegion, L50, M|100/100
|switch|p1a: Sneasler|Sneasler, L50, M|100/100
|turn|4
|
|t:|1784716288
|move|p2b: Blastoise|Protect|p2b: Blastoise
|-singleturn|p2b: Blastoise|Protect
|move|p1a: Sneasler|Protect|p1a: Sneasler
|-singleturn|p1a: Sneasler|Protect
|move|p2a: Sneasler|Poison Jab|p1b: Basculegion
|-resisted|p1b: Basculegion|1
|-damage|p1b: Basculegion|74/100
|-status|p1b: Basculegion|psn
|move|p1b: Basculegion|Last Respects|p2b: Blastoise
|-activate|p2b: Blastoise|move: Protect
|
|-damage|p1b: Basculegion|62/100 psn|[from] psn
|upkeep
|turn|5
|inactive|raksbach123 has 30 seconds left.
|inactive|raksbach123 has 20 seconds left.
|inactive|raksbach123 has 15 seconds left.
|
|t:|1784716332
|move|p2b: Blastoise|Water Spout|p1b: Basculegion|[spread] p1a,p1b
|-resisted|p1b: Basculegion|1
|-damage|p1a: Sneasler|0 fnt
|-damage|p1b: Basculegion|0 fnt
|faint|p1a: Sneasler
|faint|p1b: Basculegion
|
|win|raksbach123
