|j|☆Uncreative7452
|j|☆fayzginger
|html|Uncreative7452fayzginger    
|uhtml|bestof|Game 1 of a best-of-3
|t:|1756763104
|gametype|doubles
|player|p1|Uncreative7452|tuber|1073
|player|p2|fayzginger|benga|1184
|gen|9
|tier|[Gen 9] VGC 2025 Reg H (Bo3)
|rated|
|rule|Species Clause: Limit one of each Pokémon
|rule|Item Clause: Limit 1 of each item
|clearpoke
|poke|p1|Rillaboom, L50, M|
|poke|p1|Gallade, L50, M|
|poke|p1|Magmar, L50, F|
|poke|p1|Bronzong, L50|
|poke|p1|Primarina, L50, F|
|poke|p1|Alcremie, L50, F|
|poke|p2|Tyranitar, L50, M|
|poke|p2|Ursaluna-Bloodmoon, L50, M|
|poke|p2|Sneasler, L50, F|
|poke|p2|Indeedee, L50, M|
|poke|p2|Volcarona, L50, M|
|poke|p2|Annihilape, L50, M|
|teampreview|4
|showteam|p1|Rillaboom||AssaultVest|GrassySurge|GrassyGlide,WoodHammer,Uturn,FakeOut|||M|||50|,,,,,Fire]Gallade||ClearAmulet|Sharpness|PsychoCut,SacredSword,WideGuard,TrickRoom|||M|||50|,,,,,Fire]Magmar||Eviolite|VitalSpirit|FollowMe,HeatWave,WillOWisp,Protect|||F|||50|,,,,,Ghost]Bronzong||SafetyGoggles|HeavyMetal|HeavySlam,TrickRoom,BodyPress,GyroBall||||||50|,,,,,Water]Primarina||ThroatSpray|LiquidVoice|HyperVoice,Moonblast,Protect,Encore|||F|||50|,,,,,Water]Alcremie||CovertCloak|AromaVeil|AlluringVoice,Decorate,Protect,HelpingHand|||F|||50|,,,,,Steel
|showteam|p2|Tyranitar||AssaultVest|SandStream|TeraBlast,KnockOff,RockSlide,LowKick|||M|||50|,,,,,Flying]Ursaluna-Bloodmoon||LifeOrb|MindsEye|Protect,BloodMoon,HyperVoice,EarthPower|||M|||50|,,,,,Normal]Sneasler||PsychicSeed|Unburden|Protect,CloseCombat,DireClaw,ThroatChop|||F|||50|,,,,,Dark]Indeedee||ChoiceScarf|PsychicSurge|ExpandingForce,TeraBlast,Trick,Protect|||M|||50|,,,,,Psychic]Volcarona||SitrusBerry|FlameBody|Overheat,RagePowder,StruggleBug,Tailwind|||M|||50|,,,,,Grass]Annihilape||SafetyGoggles|Defiant|CloseCombat,RageFist,FinalGambit,Taunt|||M|||50|,,,,,Fairy
|
|t:|1756763165
|teamsize|p1|4
|teamsize|p2|4
|start
|switch|p1a: Bronzong|Bronzong, L50|100/100
|switch|p1b: Magmar|Magmar, L50, F|100/100
|switch|p2a: Tyranitar|Tyranitar, L50, M, shiny|100/100
|switch|p2b: Ursaluna|Ursaluna-Bloodmoon, L50, M|100/100
|-weather|Sandstorm|[from] ability: Sand Stream|[of] p2a: Tyranitar
|turn|1
|
|t:|1756763194
|-terastallize|p2b: Ursaluna|Normal
|move|p1b: Magmar|Follow Me|p1b: Magmar
|-singleturn|p1b: Magmar|move: Follow Me
|move|p2b: Ursaluna|Hyper Voice|p1b: Magmar|[spread] p1a,p1b
|-resisted|p1a: Bronzong
|-damage|p1a: Bronzong|71/100
|-damage|p1b: Magmar|55/100
|-damage|p2b: Ursaluna|91/100|[from] item: Life Orb
|move|p2a: Tyranitar|Rock Slide|p1a: Bronzong|[spread] p1a,p1b
|-resisted|p1a: Bronzong
|-supereffective|p1b: Magmar
|-damage|p1a: Bronzong|61/100
|-damage|p1b: Magmar|6/100
|move|p1a: Bronzong|Trick Room|p1a: Bronzong
|-fieldstart|move: Trick Room|[of] p1a: Bronzong
|
|-weather|Sandstorm|[upkeep]
|-damage|p1b: Magmar|0 fnt|[from] Sandstorm
|-damage|p2b: Ursaluna|85/100|[from] Sandstorm
|faint|p1b: Magmar
|upkeep
|
|t:|1756763207
|switch|p1b: Primarina|Primarina, L50, F|100/100
|turn|2
|
|t:|1756763219
|move|p1a: Bronzong|Body Press|p2b: Ursaluna
|-supereffective|p2b: Ursaluna
|-damage|p2b: Ursaluna|42/100
|move|p1b: Primarina|Hyper Voice|p2b: Ursaluna|[spread] p2a,p2b
|-supereffective|p2a: Tyranitar
|-damage|p2a: Tyranitar|72/100
|-damage|p2b: Ursaluna|0 fnt
|faint|p2b: Ursaluna
|-enditem|p1b: Primarina|Throat Spray
|-boost|p1b: Primarina|spa|1|[from] item: Throat Spray
|move|p2a: Tyranitar|Knock Off|p1a: Bronzong
|-supereffective|p1a: Bronzong
|-damage|p1a: Bronzong|0 fnt
|-enditem|p1a: Bronzong|Safety Goggles|[from] move: Knock Off|[of] p2a: Tyranitar
|faint|p1a: Bronzong
|
|-weather|Sandstorm|[upkeep]
|-damage|p1b: Primarina|95/100|[from] Sandstorm
|upkeep
|
|t:|1756763234
|switch|p1a: Gallade|Gallade, L50, M|100/100
|switch|p2b: Sneasler|Sneasler, L50, F, shiny|100/100
|turn|3
|
|t:|1756763241
|switch|p2a: Indeedee|Indeedee, L50, M, shiny|100/100
|-fieldstart|move: Psychic Terrain|[from] ability: Psychic Surge|[of] p2a: Indeedee
|-enditem|p2b: Sneasler|Psychic Seed
|-boost|p2b: Sneasler|spd|1|[from] item: Psychic Seed
|move|p1b: Primarina|Moonblast|p2a: Indeedee
|-damage|p2a: Indeedee|1/100
|-unboost|p2a: Indeedee|spa|1
|move|p1a: Gallade|Psycho Cut|p2b: Sneasler
|-supereffective|p2b: Sneasler
|-damage|p2b: Sneasler|0 fnt
|faint|p2b: Sneasler
|
|-weather|Sandstorm|[upkeep]
|-damage|p1b: Primarina|89/100|[from] Sandstorm
|-damage|p1a: Gallade|94/100|[from] Sandstorm
|-damage|p2a: Indeedee|0 fnt|[from] Sandstorm
|faint|p2a: Indeedee
|upkeep
|
|t:|1756763248
|switch|p2a: Tyranitar|Tyranitar, L50, M, shiny|72/100
|turn|4
|
|t:|1756763254
|move|p1b: Primarina|Moonblast|p2a: Tyranitar
|-supereffective|p2a: Tyranitar
|-damage|p2a: Tyranitar|2/100
|move|p1a: Gallade|Sacred Sword|p2a: Tyranitar
|-supereffective|p2a: Tyranitar
|-damage|p2a: Tyranitar|0 fnt
|faint|p2a: Tyranitar
|
|win|Uncreative7452
||fayzginger is ready for game 2.
||Uncreative7452 is ready for game 2.
|uhtml|next|Next: Game 2 of 3
|l|☆fayzginger
|player|p2|
