|j|☆reghgenius
|j|☆DominicVGC07
|html|reghgeniusDominicVGC07    
|uhtml|bestof|Game 1 of a best-of-3
|t:|1756825527
|gametype|doubles
|player|p1|reghgenius|266|1415
|player|p2|DominicVGC07|ghetsis|1485
|gen|9
|tier|[Gen 9] VGC 2025 Reg H (Bo3)
|rated|
|rule|Species Clause: Limit one of each Pokémon
|rule|Item Clause: Limit 1 of each item
|clearpoke
|poke|p1|Gholdengo, L50|
|poke|p1|Sneasler, L50, M|
|poke|p1|Rillaboom, L50, M|
|poke|p1|Dragonite, L50, M|
|poke|p1|Ninetales-Alola, L50, F|
|poke|p1|Arcanine-Hisui, L50, M|
|poke|p2|Kingambit, L50, M|
|poke|p2|Sneasler, L50, F|
|poke|p2|Rillaboom, L50, M|
|poke|p2|Dragonite, L50, M|
|poke|p2|Volcarona, L50, F|
|poke|p2|Electabuzz, L50, F|
|teampreview|4
|showteam|p1|Gholdengo||GrassySeed|GoodasGold|MakeItRain,NastyPlot,ShadowBall,Protect||||||50|,,,,,Water]Sneasler||WhiteHerb|Unburden|CloseCombat,DireClaw,Coaching,Protect|||M|||50|,,,,,Ghost]Rillaboom||AssaultVest|GrassySurge|FakeOut,GrassyGlide,DrumBeating,HighHorsepower|||M|||50|,,,,,Fire]Dragonite||LoadedDice|Multiscale|ScaleShot,StompingTantrum,Tailwind,Protect|||M|||50|,,,,,Ground]Ninetales-Alola||FocusSash|SnowWarning|Blizzard,IcyWind,Encore,AuroraVeil|||F|||50|,,,,,Ghost]Arcanine-Hisui||ClearAmulet|Intimidate|RockSlide,FlareBlitz,ExtremeSpeed,Protect|||M|||50|,,,,,Water
|showteam|p2|Kingambit||BlackGlasses|Defiant|KowtowCleave,SuckerPunch,SwordsDance,Protect|||M|||50|,,,,,Dark]Sneasler||FocusSash|Unburden|FakeOut,CloseCombat,DireClaw,Coaching|||F|||50|,,,,,Stellar]Rillaboom||AssaultVest|GrassySurge|FakeOut,WoodHammer,GrassyGlide,HighHorsepower|||M|||50|,,,,,Fire]Dragonite||LoadedDice|Multiscale|ScaleShot,ExtremeSpeed,Haze,Protect|||M|||50|,,,,,Steel]Volcarona||Leftovers|FlameBody|HeatWave,TeraBlast,QuiverDance,Protect|||F|||50|,,,,,Fairy]Electabuzz||Eviolite|VitalSpirit|Electroweb,FollowMe,Taunt,Protect|||F|||50|,,,,,Dragon
|inactive|Battle timer is ON: inactive players will automatically lose when time's up. (requested by reghgenius)
|inactive|reghgenius has 60 seconds left.
|inactive|DominicVGC07 has 60 seconds left.
|
|t:|1756825566
|teamsize|p1|4
|teamsize|p2|4
|start
|switch|p1a: Sneasler|Sneasler, L50, M|100/100
|switch|p1b: Dragonite|Dragonite, L50, M|100/100
|switch|p2a: Shōgun|Kingambit, L50, M, shiny|100/100
|switch|p2b: Nightmare|Sneasler, L50, F|100/100
|turn|1
|inactive|DominicVGC07 has 30 seconds left.
|inactive|DominicVGC07 has 20 seconds left.
|inactive|DominicVGC07 has 15 seconds left.
|inactive|DominicVGC07 has 10 seconds left.
|
|t:|1756825615
|-terastallize|p2a: Shōgun|Dark
|move|p2b: Nightmare|Fake Out|p1b: Dragonite
|-damage|p1b: Dragonite|93/100
|move|p1a: Sneasler|Close Combat|p2a: Shōgun
|-supereffective|p2a: Shōgun
|-damage|p2a: Shōgun|12/100
|-unboost|p1a: Sneasler|def|1
|-unboost|p1a: Sneasler|spd|1
|-enditem|p1a: Sneasler|White Herb
|-clearnegativeboost|p1a: Sneasler|[silent]
|cant|p1b: Dragonite|flinch
|move|p2a: Shōgun|Swords Dance|p2a: Shōgun
|-boost|p2a: Shōgun|atk|2
|
|upkeep
|turn|2
|
|t:|1756825635
|switch|p2b: 1000volt|Electabuzz, L50, F|100/100
|move|p2a: Shōgun|Protect|p2a: Shōgun
|-singleturn|p2a: Shōgun|Protect
|move|p1a: Sneasler|Dire Claw|p2a: Shōgun
|-activate|p2a: Shōgun|move: Protect
|move|p1b: Dragonite|Scale Shot|p2b: 1000volt
|-damage|p2b: 1000volt|88/100
|-damage|p2b: 1000volt|76/100
|-damage|p2b: 1000volt|64/100
|-damage|p2b: 1000volt|53/100
|-hitcount|p2b: 1000volt|4
|-unboost|p1b: Dragonite|def|1
|-boost|p1b: Dragonite|spe|1
|
|upkeep
|turn|3
|inactive|reghgenius has 30 seconds left.
|inactive|DominicVGC07 has 30 seconds left.
|inactive|DominicVGC07 has 20 seconds left.
|
|t:|1756825673
|move|p2b: 1000volt|Protect|p2b: 1000volt
|-singleturn|p2b: 1000volt|Protect
|move|p2a: Shōgun|Protect||[still]
|-fail|p2a: Shōgun
|move|p1a: Sneasler|Close Combat|p2b: 1000volt
|-activate|p2b: 1000volt|move: Protect
|move|p1b: Dragonite|Tailwind|p1b: Dragonite
|-sidestart|p1: reghgenius|move: Tailwind
|
|upkeep
|turn|4
|inactive|DominicVGC07 has 30 seconds left.
|inactive|reghgenius has 30 seconds left.
|
|t:|1756825710
|switch|p1b: Ninetales|Ninetales-Alola, L50, F|100/100
|-weather|Snowscape|[from] ability: Snow Warning|[of] p1b: Ninetales
|move|p2b: 1000volt|Follow Me|p2b: 1000volt
|-singleturn|p2b: 1000volt|move: Follow Me
|move|p2a: Shōgun|Sucker Punch||[still]
|-fail|p2a: Shōgun
|move|p1a: Sneasler|Close Combat|p2b: 1000volt
|-damage|p2b: 1000volt|6/100
|-unboost|p1a: Sneasler|def|1
|-unboost|p1a: Sneasler|spd|1
|
|-weather|Snowscape|[upkeep]
|upkeep
|turn|5
|inactive|DominicVGC07 has 30 seconds left.
|inactive|reghgenius has 30 seconds left.
|inactive|DominicVGC07 has 20 seconds left.
|inactive|DominicVGC07 has 15 seconds left.
|inactive|DominicVGC07 has 10 seconds left.
|inactive|reghgenius has 20 seconds left.
|
|t:|1756825761
|move|p2a: Shōgun|Sucker Punch||[still]
|-fail|p2a: Shōgun
|move|p1a: Sneasler|Coaching|p1b: Ninetales
|-boost|p1b: Ninetales|atk|1
|-boost|p1b: Ninetales|def|1
|move|p1b: Ninetales|Blizzard|p2a: Shōgun|[spread] p2a,p2b
|-damage|p2a: Shōgun|0 fnt
|-damage|p2b: 1000volt|0 fnt
|faint|p2a: Shōgun
|faint|p2b: 1000volt
|
|-weather|Snowscape|[upkeep]
|upkeep
|
|t:|1756825765
|switch|p2b: Nightmare|Sneasler, L50, F|100/100
|switch|p2a: Kong|Rillaboom, L50, M|100/100
|-fieldstart|move: Grassy Terrain|[from] ability: Grassy Surge|[of] p2a: Kong
|turn|6
|-message|DominicVGC07 forfeited.
|
|win|reghgenius
||reghgenius is ready for game 2.
||DominicVGC07 is ready for game 2.
|uhtml|next|Next: Game 2 of 3
|l|☆DominicVGC07
|player|p2|
