|j|☆dj0099
|j|☆freyartchan
|html|dj0099freyartchan    
|uhtml|bestof|Game 1 of a best-of-3
|t:|1756474301
|gametype|doubles
|player|p1|dj0099|cynthia|1037
|player|p2|freyartchan|kieran-champion|1106
|gen|9
|tier|[Gen 9] VGC 2025 Reg H (Bo3)
|rated|
|rule|Species Clause: Limit one of each Pokémon
|rule|Item Clause: Limit 1 of each item
|clearpoke
|poke|p1|Dondozo, L50, M|
|poke|p1|Tatsugiri, L50, M|
|poke|p1|Glimmora, L50, F|
|poke|p1|Talonflame, L50, F|
|poke|p1|Gholdengo, L50|
|poke|p1|Pawmot, L50, M|
|poke|p2|Porygon2, L50|
|poke|p2|Primarina, L50, F|
|poke|p2|Archaludon, L50, F|
|poke|p2|Ursaluna, L50, F|
|poke|p2|Vivillon, L50, F|
|poke|p2|Incineroar, L50, F|
|teampreview|4
|showteam|p1|Dondozo||Leftovers|Unaware|OrderUp,WaveCrash,Earthquake,Protect|||M|||50|,,,,,Grass]Tatsugiri||ChoiceScarf|Commander|DracoMeteor,MuddyWater,IcyWind,SleepTalk|||M|||50|,,,,,Water]Glimmora||PowerHerb|ToxicDebris|SludgeBomb,MeteorBeam,EarthPower,SpikyShield|||F|||50|,,,,,Grass]Talonflame||CovertCloak|GaleWings|Tailwind,FlareBlitz,BraveBird,WillOWisp|||F|||50|,,,,,Flying]Gholdengo||LifeOrb|GoodasGold|MakeItRain,ShadowBall,NastyPlot,Protect||||||50|,,,,,Dragon]Pawmot||FocusSash|NaturalCure|FakeOut,DoubleShock,CloseCombat,RevivalBlessing|||M|||50|,,,,,Electric
|showteam|p2|Porygon2||Eviolite|Download|TeraBlast,IceBeam,Recover,TrickRoom||||||50|,,,,,Ground]Primarina||LifeOrb|LiquidVoice|HyperVoice,Moonblast,Haze,Protect|||F|||50|,,,,,Bug]Archaludon||PowerHerb|Sturdy|FlashCannon,DracoMeteor,ElectroShot,Protect|||F|||50|,,,,,Electric]Ursaluna||FlameOrb|Guts|Facade,HeadlongRush,Earthquake,Protect|||F|||50|,,,,,Poison]Vivillon||FocusSash|CompoundEyes|Hurricane,SleepPowder,Tailwind,Protect|||F|||50|,,,,,Ghost]Incineroar||AssaultVest|Intimidate|FlareBlitz,KnockOff,Uturn,FakeOut|||F|||50|,,,,,Grass
|inactive|Battle timer is ON: inactive players will automatically lose when time's up. (requested by dj0099)
|inactive|freyartchan has 60 seconds left.
|inactive|freyartchan has 30 seconds left.
|inactive|freyartchan has 20 seconds left.
|inactive|freyartchan has 15 seconds left.
|inactive|freyartchan has 10 seconds left.
|
|t:|1756474398
|teamsize|p1|4
|teamsize|p2|4
|start
|switch|p1a: Gholdengo|Gholdengo, L50|100/100
|switch|p1b: Glimmora|Glimmora, L50, F|100/100
|switch|p2a: Incineroar|Incineroar, L50, F|100/100
|switch|p2b: Porygon2|Porygon2, L50|100/100
|-ability|p2a: Incineroar|Intimidate|boost
|-unboost|p1a: Gholdengo|atk|1
|-unboost|p1b: Glimmora|atk|1
|-ability|p2b: Porygon2|Download|boost
|-boost|p2b: Porygon2|spa|1
|turn|1
|inactive|dj0099 has 30 seconds left.
|inactive|freyartchan has 30 seconds left.
|inactive|freyartchan has 20 seconds left.
|inactive|freyartchan has 15 seconds left.
|inactive|freyartchan has 10 seconds left.
|inactive|freyartchan has 5 seconds left.
|
|t:|1756474451
|move|p1b: Glimmora|Meteor Beam||[still]
|-prepare|p1b: Glimmora|Meteor Beam
|-boost|p1b: Glimmora|spa|1
|-enditem|p1b: Glimmora|Power Herb
|-anim|p1b: Glimmora|Meteor Beam|p2a: Incineroar
|-supereffective|p2a: Incineroar
|-damage|p2a: Incineroar|0 fnt
|faint|p2a: Incineroar
|move|p1a: Gholdengo|Make It Rain|p2b: Porygon2
|-damage|p2b: Porygon2|50/100
|-unboost|p1a: Gholdengo|spa|1
|-damage|p1a: Gholdengo|91/100|[from] item: Life Orb
|move|p2b: Porygon2|Trick Room|p2b: Porygon2
|-fieldstart|move: Trick Room|[of] p2b: Porygon2
|
|upkeep
|
|t:|1756474467
|switch|p2a: Ursaluna|Ursaluna, L50, F|100/100
|turn|2
|inactive|dj0099 has 30 seconds left.
|inactive|freyartchan has 30 seconds left.
|
|t:|1756474502
|move|p2b: Porygon2|Recover|p2b: Porygon2
|-heal|p2b: Porygon2|99/100
|move|p2a: Ursaluna|Headlong Rush|p1a: Gholdengo
|-supereffective|p1a: Gholdengo
|-damage|p1a: Gholdengo|0 fnt
|-unboost|p2a: Ursaluna|def|1
|-unboost|p2a: Ursaluna|spd|1
|faint|p1a: Gholdengo
|move|p1b: Glimmora|Earth Power|p2b: Porygon2
|-damage|p2b: Porygon2|69/100
|
|-status|p2a: Ursaluna|brn|[from] item: Flame Orb
|upkeep
|
|t:|1756474509
|switch|p1a: Dondozo|Dondozo, L50, M|100/100
|turn|3
|inactive|dj0099 has 30 seconds left.
|
|t:|1756474542
|switch|p2a: Primarina|Primarina, L50, F|100/100
|move|p2b: Porygon2|Recover|p2b: Porygon2
|-heal|p2b: Porygon2|100/100
|move|p1a: Dondozo|Wave Crash|p2a: Primarina
|-resisted|p2a: Primarina
|-damage|p2a: Primarina|63/100
|-damage|p1a: Dondozo|92/100|[from] Recoil
|move|p1b: Glimmora|Earth Power|p2b: Porygon2
|-damage|p2b: Porygon2|73/100
|-unboost|p2b: Porygon2|spd|1
|
|-heal|p1a: Dondozo|98/100|[from] item: Leftovers
|upkeep
|turn|4
|
|t:|1756474564
|-terastallize|p2b: Porygon2|Ground
|move|p2a: Primarina|Protect|p2a: Primarina
|-singleturn|p2a: Primarina|Protect
|move|p2b: Porygon2|Tera Blast|p1b: Glimmora|[anim] Tera Blast Ground
|-supereffective|p1b: Glimmora
|-damage|p1b: Glimmora|0 fnt
|faint|p1b: Glimmora
|move|p1a: Dondozo|Order Up|p2b: Porygon2
|-damage|p2b: Porygon2|56/100
|
|-heal|p1a: Dondozo|100/100|[from] item: Leftovers
|upkeep
|
|t:|1756474575
|switch|p1b: Tatsugiri|Tatsugiri, L50, M|100/100
|-activate|p1b: Tatsugiri|ability: Commander|[of] p1a: Dondozo
|-boost|p1a: Dondozo|atk|2
|-boost|p1a: Dondozo|spa|2
|-boost|p1a: Dondozo|spe|2
|-boost|p1a: Dondozo|def|2
|-boost|p1a: Dondozo|spd|2
|turn|5
|
|t:|1756474584
|move|p1a: Dondozo|Protect|p1a: Dondozo
|-singleturn|p1a: Dondozo|Protect
|move|p2b: Porygon2|Recover|p2b: Porygon2
|-heal|p2b: Porygon2|100/100
|move|p2a: Primarina|Haze|p2a: Primarina
|-clearallboost
|
|-fieldend|move: Trick Room
|upkeep
|turn|6
|-message|dj0099 forfeited.
|
|win|freyartchan
|l|☆dj0099
|player|p1|
||freyartchan is ready for game 2.
|inactive|dj0099 has 30 seconds to confirm battle start!
|inactive|dj0099 has 20 seconds to confirm battle start!
|inactive|dj0099 has 10 seconds to confirm battle start!
|uhtml|next|Next: Game 2 of 3
