|j|☆Basura2U
|j|☆SelvesterTheYAK
|html|Basura2USelvesterTheYAK    
|uhtml|bestof|Game 1 of a best-of-3
|t:|1757639884
|gametype|doubles
|player|p1|Basura2U|lucas|1044
|player|p2|SelvesterTheYAK|2|1128
|gen|9
|tier|[Gen 9] VGC 2025 Reg H (Bo3)
|rated|
|rule|Species Clause: Limit one of each Pokémon
|rule|Item Clause: Limit 1 of each item
|clearpoke
|poke|p1|Talonflame, L50, F|
|poke|p1|Araquanid, L50, F|
|poke|p1|Toxicroak, L50, M|
|poke|p1|Gholdengo, L50|
|poke|p1|Electabuzz, L50, F|
|poke|p1|Rillaboom, L50, M|
|poke|p2|Tyranitar, L50, M|
|poke|p2|Gholdengo, L50|
|poke|p2|Corviknight, L50, F|
|poke|p2|Amoonguss, L50, F|
|poke|p2|Garchomp, L50, M|
|poke|p2|Incineroar, L50, F|
|teampreview|4
|showteam|p1|Talonflame|||GaleWings|Acrobatics,FlareBlitz,Tailwind,Protect|||F|||50|,,,,,Ghost]Araquanid||LumBerry|WaterBubble|PoisonJab,Liquidation,Lunge,Protect|||F|||50|,,,,,Steel]Toxicroak||AssaultVest|DrySkin|FakeOut,SuckerPunch,GunkShot,CloseCombat|||M|||50|,,,,,Poison]Gholdengo||MetalCoat|GoodasGold|MakeItRain,NastyPlot,ShadowBall,Protect||||||50|,,,,,Water]Electabuzz||Eviolite|VitalSpirit|FollowMe,Electroweb,Taunt,HelpingHand|||F|||50|,,,,,Dragon]Rillaboom||MiracleSeed|GrassySurge|GrassyGlide,Uturn,FakeOut,WoodHammer|||M|||50|,,,,,Fire
|showteam|p2|Tyranitar||AssaultVest|SandStream|RockSlide,KnockOff,TeraBlast,LowKick|||M|||50|,,,,,Flying]Gholdengo||MetalCoat|GoodasGold|MakeItRain,ShadowBall,NastyPlot,Protect||||||50|,,,,,Flying]Corviknight||Leftovers|MirrorArmor|BraveBird,Tailwind,Roost,BulkUp|||F|||50|,,,,,Dragon]Amoonguss||SitrusBerry|Regenerator|Spore,RagePowder,ClearSmog,Protect|||F|||50|,,,,,Water]Garchomp||LifeOrb|RoughSkin|Earthquake,DragonClaw,StompingTantrum,Protect|||M|||50|,,,,,Steel]Incineroar||SafetyGoggles|Intimidate|FakeOut,KnockOff,PartingShot,Taunt|||F|||50|,,,,,Grass
|inactive|Battle timer is ON: inactive players will automatically lose when time's up. (requested by SelvesterTheYAK)
|c|☆SelvesterTheYAK|you don't hbe an item on talon
|inactive|Basura2U has 60 seconds left.
|
|t:|1757639957
|teamsize|p1|4
|teamsize|p2|4
|start
|switch|p1a: Gholdengo|Gholdengo, L50|100/100
|switch|p1b: Electabuzz|Electabuzz, L50, F|100/100
|switch|p2a: Incineroar|Incineroar, L50, F|100/100
|switch|p2b: Corviknight|Corviknight, L50, F|100/100
|-ability|p2a: Incineroar|Intimidate|boost
|-unboost|p1a: Gholdengo|atk|1
|-unboost|p1b: Electabuzz|atk|1
|turn|1
|inactive|SelvesterTheYAK has 30 seconds left.
|inactive|SelvesterTheYAK has 20 seconds left.
|inactive|SelvesterTheYAK has 15 seconds left.
|
|t:|1757640002
|-terastallize|p1a: Gholdengo|Water
|move|p2a: Incineroar|Fake Out|p1b: Electabuzz
|-damage|p1b: Electabuzz|92/100
|cant|p1b: Electabuzz|flinch
|move|p1a: Gholdengo|Nasty Plot|p1a: Gholdengo
|-boost|p1a: Gholdengo|spa|2
|move|p2b: Corviknight|Tailwind|p2b: Corviknight
|-sidestart|p2: SelvesterTheYAK|move: Tailwind
|
|upkeep
|turn|2
|inactive|Basura2U has 30 seconds left.
|
|t:|1757640030
|move|p1b: Electabuzz|Follow Me|p1b: Electabuzz
|-singleturn|p1b: Electabuzz|move: Follow Me
|move|p2b: Corviknight|Brave Bird|p1b: Electabuzz
|-resisted|p1b: Electabuzz
|-damage|p1b: Electabuzz|78/100
|-damage|p2b: Corviknight|97/100|[from] Recoil
|move|p2a: Incineroar|Knock Off|p1b: Electabuzz
|-damage|p1b: Electabuzz|50/100
|-enditem|p1b: Electabuzz|Eviolite|[from] move: Knock Off|[of] p2a: Incineroar
|move|p1a: Gholdengo|Nasty Plot|p1a: Gholdengo
|-boost|p1a: Gholdengo|spa|2
|
|-heal|p2b: Corviknight|100/100|[from] item: Leftovers
|upkeep
|turn|3
|c|☆Basura2U|Yeah that way i can keep priority for acrobatics
|inactive|Basura2U has 30 seconds left.
|inactive|SelvesterTheYAK has 30 seconds left.
|
|t:|1757640057
|move|p1b: Electabuzz|Follow Me|p1b: Electabuzz
|-singleturn|p1b: Electabuzz|move: Follow Me
|move|p2b: Corviknight|Brave Bird|p1b: Electabuzz
|-resisted|p1b: Electabuzz
|-damage|p1b: Electabuzz|29/100
|-damage|p2b: Corviknight|95/100|[from] Recoil
|move|p2a: Incineroar|Knock Off|p1b: Electabuzz
|-damage|p1b: Electabuzz|0 fnt
|faint|p1b: Electabuzz
|move|p1a: Gholdengo|Shadow Ball|p2b: Corviknight
|-damage|p2b: Corviknight|0 fnt
|faint|p2b: Corviknight
|
|upkeep
|inactive|Basura2U has 30 seconds left.
|inactive|SelvesterTheYAK has 30 seconds left.
|
|t:|1757640087
|switch|p1b: Talonflame|Talonflame, L50, F|100/100
|switch|p2b: Gholdengo|Gholdengo, L50|100/100
|turn|4
|
|t:|1757640105
|move|p1b: Talonflame|Tailwind|p1b: Talonflame
|-sidestart|p1: Basura2U|move: Tailwind
|move|p2b: Gholdengo|Shadow Ball|p1a: Gholdengo
|-damage|p1a: Gholdengo|60/100
|-unboost|p1a: Gholdengo|spd|1
|move|p1a: Gholdengo|Make It Rain|p2b: Gholdengo|[spread] p2a,p2b
|-resisted|p2a: Incineroar
|-resisted|p2b: Gholdengo
|-damage|p2a: Incineroar|12/100
|-damage|p2b: Gholdengo|0 fnt
|-unboost|p1a: Gholdengo|spa|1
|faint|p2b: Gholdengo
|move|p2a: Incineroar|Knock Off|p1a: Gholdengo
|-damage|p1a: Gholdengo|19/100
|-enditem|p1a: Gholdengo|Metal Coat|[from] move: Knock Off|[of] p2a: Incineroar
|
|-sideend|p2: SelvesterTheYAK|move: Tailwind
|upkeep
|-message|SelvesterTheYAK forfeited.
|
|win|Basura2U
|l|☆SelvesterTheYAK
|player|p2|
||SelvesterTheYAK is ready for game 2.
||Basura2U is ready for game 2.
|uhtml|next|Next: Game 2 of 3
