|j|☆Beanybag
|j|☆meikh_neiht
|html|Beanybagmeikh_neiht    
|uhtml|bestof|Game 1 of a best-of-3
|t:|1783147741
|gametype|doubles
|player|p1|Beanybag|2|1278
|player|p2|meikh_neiht|lucas|1314
|gen|9
|tier|[Gen 9 Champions] VGC 2026 Reg M-B (Bo3)
|rated|
|rule|Species Clause: Limit one of each Pokémon
|rule|Item Clause: Limit 1 of each item
|clearpoke
|poke|p1|Ampharos, L50, F|
|poke|p1|Kangaskhan, L50, F|
|poke|p1|Grimmsnarl, L50, M|
|poke|p1|Bellibolt, L50, F|
|poke|p1|Sinistcha, L50|
|poke|p1|Tinkaton, L50, F|
|poke|p2|Staraptor, L50, F|
|poke|p2|Sinistcha, L50|
|poke|p2|Maushold, L50|
|poke|p2|Kingambit, L50, F|
|poke|p2|Sneasler, L50, M|
|poke|p2|Delphox, L50, M|
|teampreview|4
|showteam|p1|Ampharos||Ampharosite|Static|CottonGuard,ParabolicCharge,DragonPulse,Protect|Quiet||F|||50|]Kangaskhan||ChopleBerry|Scrappy|FakeOut,DoubleEdge,DrainPunch,Protect|Brave||F|||50|]Grimmsnarl||SitrusBerry|Prankster|FakeOut,PartingShot,SpiritBreak,Protect|Brave||M|||50|]Bellibolt||ShucaBerry|Electromorphosis|Soak,AcidSpray,VoltSwitch,SlackOff|Relaxed||F|||50|]Sinistcha||FocusSash|Hospitality|MatchaGotcha,ShadowBall,Protect,TrickRoom|Quiet|||||50|]Tinkaton||LightClay|MoldBreaker|FakeOut,GigatonHammer,Reflect,LightScreen|Brave||F|||50|
|showteam|p2|Staraptor||Staraptite|Intimidate|CloseCombat,BraveBird,Roost,Protect|Adamant||F|||50|]Sinistcha||SitrusBerry|Hospitality|RagePowder,MatchaGotcha,StrengthSap,LifeDew|Calm|||||50|]Maushold||ChopleBerry|FriendGuard|Encore,Charm,FollowMe,Protect|Timid|||||50|]Kingambit||OccaBerry|Defiant|KowtowCleave,SuckerPunch,SwordsDance,Protect|Adamant||F|||50|]Sneasler||WhiteHerb|Unburden|DireClaw,Protect,FakeOut,CloseCombat|Jolly||M|||50|]Delphox||Delphoxite|Blaze|HeatWave,Psyshock,NastyPlot,Protect|Timid||M|||50|
|inactive|Battle timer is ON: inactive players will automatically lose when time's up. (requested by meikh_neiht)
|
|t:|1783147854
|teamsize|p1|4
|teamsize|p2|4
|start
|switch|p1a: Grimmsnarl|Grimmsnarl, L50, M|100/100
|switch|p1b: Sinistcha|Sinistcha, L50|100/100
|switch|p2a: Delphox|Delphox, L50, M|100/100
|switch|p2b: Sneasler|Sneasler, L50, M|100/100
|turn|1
|
|t:|1783147872
|detailschange|p2a: Delphox|Delphox-Mega, L50, M
|-mega|p2a: Delphox|Delphox|Delphoxite
|move|p1a: Grimmsnarl|Fake Out|p2a: Delphox
|-damage|p2a: Delphox|83/100
|cant|p2a: Delphox|flinch
|move|p2b: Sneasler|Dire Claw|p1b: Sinistcha
|-damage|p1b: Sinistcha|57/100
|-status|p1b: Sinistcha|slp
|cant|p1b: Sinistcha|slp
|
|upkeep
|turn|2
|c|☆meikh_neiht|sorry
|
|t:|1783147887
|move|p2a: Delphox|Protect|p2a: Delphox
|-singleturn|p2a: Delphox|Protect
|move|p1a: Grimmsnarl|Parting Shot|p2a: Delphox
|-activate|p2a: Delphox|move: Protect
|move|p2b: Sneasler|Dire Claw|p1a: Grimmsnarl
|-supereffective|p1a: Grimmsnarl|1
|-damage|p1a: Grimmsnarl|0 fnt
|faint|p1a: Grimmsnarl
|cant|p1b: Sinistcha|slp
|
|upkeep
|
|t:|1783147904
|switch|p1a: Ampharos|Ampharos, L50, F|100/100
|turn|3
|
|t:|1783147920
|switch|p2b: Maushold|Maushold, L50|100/100
|detailschange|p1a: Ampharos|Ampharos-Mega, L50, F
|-mega|p1a: Ampharos|Ampharos|Ampharosite
|-ability|p1a: Ampharos|Mold Breaker
|move|p2a: Delphox|Heat Wave|p1b: Sinistcha|[spread] p1a,p1b
|-resisted|p1a: Ampharos|1
|-supereffective|p1b: Sinistcha|1
|-damage|p1a: Ampharos|84/100
|-damage|p1b: Sinistcha|0 fnt
|faint|p1b: Sinistcha
|move|p1a: Ampharos|Cotton Guard|p1a: Ampharos
|-boost|p1a: Ampharos|def|3
|
|upkeep
|
|t:|1783147925
|switch|p1b: Bellibolt|Bellibolt, L50, F|100/100
|turn|4
|inactive|Beanybag has 30 seconds left.
|inactive|Beanybag has 20 seconds left.
|
|t:|1783147963
|move|p2a: Delphox|Nasty Plot|p2a: Delphox
|-boost|p2a: Delphox|spa|2
|move|p2b: Maushold|Encore|p1a: Ampharos
|-start|p1a: Ampharos|Encore
|move|p1a: Ampharos|Cotton Guard|p1a: Ampharos
|-boost|p1a: Ampharos|def|3
|move|p1b: Bellibolt|Volt Switch|p2b: Maushold
|-damage|p2b: Maushold|70/100
|
|upkeep
|turn|5
|-message|Beanybag forfeited.
|
|win|meikh_neiht
|l|☆Beanybag
|player|p1|
||meikh_neiht is ready for game 2.
||Beanybag is ready for game 2.
|uhtml|next|Next: Game 2 of 3
