|j|☆Pepitolopalote
|j|☆Huasometa
|html|PepitolopaloteHuasometa    
|uhtml|bestof|Game 1 of a best-of-3
|t:|1783700612
|gametype|doubles
|player|p1|Pepitolopalote|hiker-gen4|1169
|player|p2|Huasometa|elesa|1274
|gen|9
|tier|[Gen 9 Champions] VGC 2026 Reg M-B (Bo3)
|rated|
|rule|Species Clause: Limit one of each Pokémon
|rule|Item Clause: Limit 1 of each item
|clearpoke
|poke|p1|Charizard, L50, F|
|poke|p1|Sylveon, L50, F|
|poke|p1|Farigiraf, L50, M|
|poke|p1|Aerodactyl, L50, F|
|poke|p1|Garchomp, L50, M|
|poke|p1|Kingambit, L50, F|
|poke|p2|Chandelure, L50, F|
|poke|p2|Kangaskhan, L50, F|
|poke|p2|Sylveon, L50, M|
|poke|p2|Kingambit, L50, M|
|poke|p2|Rotom-Wash, L50|
|poke|p2|Venusaur, L50, M|
|teampreview|4
|showteam|p1|Charizard||CharizarditeY|SolarPower|Protect,WeatherBall,SolarBeam,HeatWave|Modest||F|||50|]Sylveon||FairyFeather|Pixilate|Protect,HyperVoice,QuickAttack,HyperBeam|Modest||F|||50|]Farigiraf||SitrusBerry|ArmorTail|Psychic,Roar,TrickRoom,Thunderbolt|Bold||M|||50|]Aerodactyl||Aerodactylite|Unnerve|RockSlide,DualWingbeat,Tailwind,IceFang|Jolly||F|||50|]Garchomp||LifeOrb|RoughSkin|Earthquake,StompingTantrum,DragonClaw,Protect|Jolly||M|||50|]Kingambit||FocusSash|Defiant|KowtowCleave,IronHead,SuckerPunch,LowKick|Adamant||F|||50|
|showteam|p2|Chandelure||FocusSash|FlashFire|HeatWave,ShadowBall,TrickRoom,Taunt|Quiet||F|||50|]Kangaskhan||Kangaskhanite|InnerFocus|FakeOut,DoubleEdge,SuckerPunch,HammerArm|Brave||F|||50|]Sylveon||FairyFeather|Pixilate|HyperVoice,Protect,HyperBeam,QuickAttack|Quiet||M|||50|]Kingambit||BlackGlasses|Defiant|KowtowCleave,SuckerPunch,IronHead,Protect|Brave||M|||50|]Rotom-Wash||SitrusBerry|Levitate|ThunderWave,VoltSwitch,HydroPump,Protect|Calm|||||50|]Venusaur||Venusaurite|Chlorophyll|EarthPower,SleepPowder,GigaDrain,Protect|Modest||M|||50|
|j| Tyho45
|
|t:|1783700638
|teamsize|p1|4
|teamsize|p2|4
|start
|switch|p1a: Aerodactyl|Aerodactyl, L50, F|100/100
|switch|p1b: Kingambit|Kingambit, L50, F|100/100
|switch|p2a: Chandelure|Chandelure, L50, F|100/100
|switch|p2b: Kangaskhan|Kangaskhan, L50, F|100/100
|-ability|p1a: Aerodactyl|Unnerve
|turn|1
|inactive|Battle timer is ON: inactive players will automatically lose when time's up. (requested by Pepitolopalote)
|
|t:|1783700668
|switch|p1b: Charizard|Charizard, L50, F|100/100
|detailschange|p2b: Kangaskhan|Kangaskhan-Mega, L50, F
|-mega|p2b: Kangaskhan|Kangaskhan|Kangaskhanite
|move|p1a: Aerodactyl|Rock Slide|p2b: Kangaskhan|[spread] p2a,p2b
|-supereffective|p2a: Chandelure|1
|-damage|p2a: Chandelure|44/100
|-damage|p2b: Kangaskhan|81/100
|move|p2b: Kangaskhan|Hammer Arm|p1b: Charizard
|-resisted|p1b: Charizard|1
|-damage|p1b: Charizard|84/100
|-unboost|p2b: Kangaskhan|spe|1
|-resisted|p1b: Charizard|1
|-damage|p1b: Charizard|80/100
|-unboost|p2b: Kangaskhan|spe|1
|-hitcount|p1b: Charizard|2
|cant|p2a: Chandelure|flinch
|
|upkeep
|turn|2
|
|t:|1783700691
|detailschange|p1b: Charizard|Charizard-Mega-Y, L50, F
|-mega|p1b: Charizard|Charizard|Charizardite Y
|-weather|SunnyDay|[from] ability: Drought|[of] p1b: Charizard
|move|p1a: Aerodactyl|Rock Slide|p2a: Chandelure|[spread] p2a,p2b
|-supereffective|p2a: Chandelure|1
|-damage|p2a: Chandelure|0 fnt
|-damage|p2b: Kangaskhan|65/100
|faint|p2a: Chandelure
|move|p1b: Charizard|Weather Ball|p2b: Kangaskhan
|-damage|p2b: Kangaskhan|0 fnt
|faint|p2b: Kangaskhan
|
|-weather|SunnyDay|[upkeep]
|upkeep
|
|t:|1783700698
|switch|p2b: Kingambit|Kingambit, L50, M|100/100
|switch|p2a: Sylveon|Sylveon, L50, M|100/100
|turn|3
|
|t:|1783700705
|move|p1a: Aerodactyl|Dual Wingbeat|p2a: Sylveon
|-damage|p2a: Sylveon|81/100
|-damage|p2a: Sylveon|65/100
|-hitcount|p2a: Sylveon|2
|move|p1b: Charizard|Heat Wave|p2b: Kingambit|[spread] p2a
|-miss|p1b: Charizard|p2b: Kingambit
|-damage|p2a: Sylveon|24/100
|move|p2a: Sylveon|Hyper Voice|p1a: Aerodactyl|[spread] p1a,p1b
|-resisted|p1b: Charizard|1
|-damage|p1a: Aerodactyl|45/100
|-damage|p1b: Charizard|59/100
|move|p2b: Kingambit|Kowtow Cleave|p1a: Aerodactyl
|-damage|p1a: Aerodactyl|0 fnt
|faint|p1a: Aerodactyl
|
|-weather|SunnyDay|[upkeep]
|upkeep
|
|t:|1783700713
|switch|p1a: Kingambit|Kingambit, L50, F|100/100
|turn|4
|
|t:|1783700720
|move|p2b: Kingambit|Sucker Punch|p1b: Charizard
|-damage|p1b: Charizard|12/100
|move|p1b: Charizard|Heat Wave|p2b: Kingambit|[spread] p2a,p2b
|-supereffective|p2b: Kingambit|1
|-damage|p2a: Sylveon|0 fnt
|-damage|p2b: Kingambit|0 fnt
|faint|p2a: Sylveon
|faint|p2b: Kingambit
|
|win|Pepitolopalote
||Huasometa is ready for game 2.
|inactive|Pepitolopalote has 30 seconds to confirm battle start!
||Pepitolopalote is ready for game 2.
|uhtml|next|Next: Game 2 of 3
|l|☆Pepitolopalote
|player|p1|
