|j|☆benny smalls
|j|☆Pumpkinman
|html|benny smallsPumpkinman    
|uhtml|bestof|Game 3 of a best-of-3
|t:|1757168121
|gametype|doubles
|player|p1|benny smalls|byron|1179
|player|p2|Pumpkinman|cyclist-gen4|1184
|gen|9
|tier|[Gen 9] VGC 2025 Reg H (Bo3)
|rated|
|rule|Species Clause: Limit one of each Pokémon
|rule|Item Clause: Limit 1 of each item
|clearpoke
|poke|p1|Blaziken, L50, M|
|poke|p1|Maushold, L50|
|poke|p1|Rillaboom, L50, M|
|poke|p1|Electabuzz, L50, F|
|poke|p1|Kingambit, L50, F|
|poke|p1|Gholdengo, L50|
|poke|p2|Charizard, L50, M|
|poke|p2|Torkoal, L50, F|
|poke|p2|Porygon2, L50|
|poke|p2|Incineroar, L50, M|
|poke|p2|Jumpluff, L50, M|
|poke|p2|Ursaluna, L50, M|
|teampreview|4
|showteam|p1|Blaziken||CovertCloak|SpeedBoost|Detect,FlareBlitz,Coaching,CloseCombat|||M|||50|,,,,,Stellar]Maushold||WideLens|Technician|Protect,Encore,PopulationBomb,Feint||||||50|,,,,,Ghost]Rillaboom||AssaultVest|GrassySurge|FakeOut,WoodHammer,Uturn,GrassyGlide|||M|||50|,,,,,Fire]Electabuzz||Eviolite|VitalSpirit|Protect,FollowMe,Taunt,VoltSwitch|||F|||50|,,,,,Ghost]Kingambit||BlackGlasses|Defiant|Protect,SwordsDance,KowtowCleave,SuckerPunch|||F|||50|,,,,,Dark]Gholdengo||LifeOrb|GoodasGold|Protect,NastyPlot,ShadowBall,MakeItRain||||||50|,,,,,Dragon
|showteam|p2|Charizard||ChoiceSpecs|SolarPower|HeatWave,Overheat,WeatherBall,AirSlash|||M|||50|,,,,,Ghost]Torkoal||EjectPack|Drought|Eruption,Overheat,HelpingHand,Protect|||F|||50|,,,,,Fire]Porygon2||Eviolite|Download|TeraBlast,IceBeam,Recover,TrickRoom||||||50|,,,,,Fighting]Incineroar||SitrusBerry|Intimidate|FlareBlitz,KnockOff,FakeOut,PartingShot|||M|||50|,,,,,Ghost]Jumpluff||CovertCloak|Chlorophyll|SleepPowder,SunnyDay,RagePowder,Tailwind|||M|||50|,,,,,Water]Ursaluna||FlameOrb|Guts|HeadlongRush,Facade,Earthquake,Protect|||M|||50|,,,,,Ghost
|inactive|Battle timer is ON: inactive players will automatically lose when time's up. (requested by Pumpkinman)
|inactive|benny smalls also wants the timer to be on.
|inactive|benny smalls has 60 seconds left.
|
|t:|1757168156
|teamsize|p1|4
|teamsize|p2|4
|start
|switch|p1a: Soldier Boy|Maushold, L50|100/100
|switch|p1b: Scrooge|Gholdengo, L50|100/100
|switch|p2a: Jumpluff|Jumpluff, L50, M|100/100
|switch|p2b: Charizard|Charizard, L50, M|100/100
|turn|1
|inactive|Pumpkinman has 30 seconds left.
|
|t:|1757168186
|-terastallize|p2b: Charizard|Ghost
|-terastallize|p1b: Scrooge|Dragon
|move|p1a: Soldier Boy|Population Bomb|p2a: Jumpluff
|-damage|p2a: Jumpluff|87/100
|-damage|p2a: Jumpluff|73/100
|-damage|p2a: Jumpluff|59/100
|-crit|p2a: Jumpluff
|-damage|p2a: Jumpluff|36/100
|-crit|p2a: Jumpluff
|-damage|p2a: Jumpluff|16/100
|-crit|p2a: Jumpluff
|-damage|p2a: Jumpluff|0 fnt
|faint|p2a: Jumpluff
|-hitcount|p2: Jumpluff|6
|move|p2b: Charizard|Heat Wave|p1b: Scrooge|[spread] p1a,p1b
|-resisted|p1b: Scrooge
|-damage|p1a: Soldier Boy|24/100
|-damage|p1b: Scrooge|74/100
|move|p1b: Scrooge|Shadow Ball|p2b: Charizard
|-supereffective|p2b: Charizard
|-damage|p2b: Charizard|0 fnt
|faint|p2b: Charizard
|-damage|p1b: Scrooge|64/100|[from] item: Life Orb
|
|upkeep
|
|t:|1757168194
|switch|p2a: Porygon2|Porygon2, L50|100/100
|switch|p2b: Ursaluna|Ursaluna, L50, M|100/100
|-ability|p2a: Porygon2|Download|boost
|-boost|p2a: Porygon2|spa|1
|turn|2
|inactive|Pumpkinman has 30 seconds left.
|inactive|Pumpkinman has 20 seconds left.
|inactive|Pumpkinman has 15 seconds left.
|
|t:|1757168238
|move|p2b: Ursaluna|Protect|p2b: Ursaluna
|-singleturn|p2b: Ursaluna|Protect
|move|p1a: Soldier Boy|Population Bomb|p2a: Porygon2
|-damage|p2a: Porygon2|94/100
|-damage|p2a: Porygon2|86/100
|-damage|p2a: Porygon2|78/100
|-damage|p2a: Porygon2|70/100
|-damage|p2a: Porygon2|63/100
|-damage|p2a: Porygon2|56/100
|-damage|p2a: Porygon2|49/100
|-damage|p2a: Porygon2|41/100
|-damage|p2a: Porygon2|34/100
|-damage|p2a: Porygon2|28/100
|-hitcount|p2a: Porygon2|10
|move|p1b: Scrooge|Make It Rain|p2b: Ursaluna|[spread] p2a
|-activate|p2b: Ursaluna|move: Protect
|-damage|p2a: Porygon2|0 fnt
|-unboost|p1b: Scrooge|spa|1
|faint|p2a: Porygon2
|-damage|p1b: Scrooge|55/100|[from] item: Life Orb
|
|-status|p2b: Ursaluna|brn|[from] item: Flame Orb
|upkeep
|turn|3
|-message|Pumpkinman forfeited.
|
|win|benny smalls
|raw|benny smalls's rating: 1179 → 1204(+25 for winning)
|raw|Pumpkinman's rating: 1184 → 1159(-25 for losing)
|l|☆benny smalls
|player|p1|
