|j|☆V0R1nKl3x
|j|☆Wanouvgc
|html|V0R1nKl3xWanouvgc    
|uhtml|bestof|Game 2 of a best-of-3
|t:|1756927945
|gametype|doubles
|player|p1|V0R1nKl3x|1|1000
|player|p2|Wanouvgc|riley|1000
|gen|9
|tier|[Gen 9] VGC 2025 Reg H (Bo3)
|rated|
|rule|Species Clause: Limit one of each Pokémon
|rule|Item Clause: Limit 1 of each item
|clearpoke
|poke|p1|Archaludon, L50, M|
|poke|p1|Dragonite, L50, F|
|poke|p1|Pelipper, L50, M|
|poke|p1|Ursaluna, L50, M|
|poke|p1|Sinistcha, L50|
|poke|p1|Gholdengo, L50|
|poke|p2|Incineroar, L50, M|
|poke|p2|Gholdengo, L50|
|poke|p2|Amoonguss, L50, F|
|poke|p2|Hydreigon, L50, F|
|poke|p2|Porygon2, L50|
|poke|p2|Ursaluna, L50, M|
|teampreview|4
|showteam|p1|Archaludon||AssaultVest|Stamina|FlashCannon,BodyPress,ElectroShot,Snarl|||M|||50|,,,,,Fighting]Dragonite||LoadedDice|Multiscale|ScaleShot,Tailwind,Haze,Protect|||F|||50|,,,,,Fairy]Pelipper||FocusSash|Drizzle|MuddyWater,Hurricane,Tailwind,Protect|||M|||50|,,,,,Ghost]Ursaluna||FlameOrb|Guts|Facade,HeadlongRush,Earthquake,Protect|||M|||50|,,,,,Ghost]Sinistcha||SitrusBerry|Hospitality|MatchaGotcha,LifeDew,RagePowder,TrickRoom||||||50|,,,,,Dark]Gholdengo||ChoiceScarf|GoodasGold|MakeItRain,ShadowBall,Trick,Protect||||||50|,,,,,Flying
|showteam|p2|Incineroar||SitrusBerry|Intimidate|KnockOff,FakeOut,FlareBlitz,PartingShot|||M|||50|,,,,,Ghost]Gholdengo||MetalCoat|GoodasGold|Protect,NastyPlot,MakeItRain,ShadowBall||||||50|,,,,,Water]Amoonguss||RockyHelmet|Regenerator|Spore,RagePowder,PollenPuff,Protect|||F|||50|,,,,,Fairy]Hydreigon||SafetyGoggles|Levitate|DracoMeteor,Snarl,Tailwind,Protect|||F|||50|,,,,,Ghost]Porygon2||Eviolite|Download|Recover,IceBeam,TeraBlast,TrickRoom||||||50|,,,,,Fighting]Ursaluna||FlameOrb|Guts|Earthquake,Facade,HeadlongRush,Protect|||M|||50|,,,,,Ghost
|inactive|Battle timer is ON: inactive players will automatically lose when time's up. (requested by Wanouvgc)
|inactive|V0R1nKl3x has 60 seconds left.
|inactive|V0R1nKl3x has 30 seconds left.
|inactive|V0R1nKl3x has 20 seconds left.
|inactive|V0R1nKl3x has 15 seconds left.
|inactive|V0R1nKl3x has 10 seconds left.
|inactive|V0R1nKl3x has 5 seconds left.
|
|t:|1756928041
|teamsize|p1|4
|teamsize|p2|4
|start
|switch|p1a: Archaludon|Archaludon, L50, M|100/100
|switch|p1b: Dragonite|Dragonite, L50, F|100/100
|switch|p2a: Incineroar|Incineroar, L50, M|100/100
|switch|p2b: Porygon2|Porygon2, L50|100/100
|-ability|p2a: Incineroar|Intimidate|boost
|-unboost|p1a: Archaludon|atk|1
|-unboost|p1b: Dragonite|atk|1
|-ability|p2b: Porygon2|Download|boost
|-boost|p2b: Porygon2|spa|1
|turn|1
|inactive|V0R1nKl3x has 30 seconds left.
|inactive|V0R1nKl3x has 20 seconds left.
|inactive|V0R1nKl3x has 15 seconds left.
|inactive|V0R1nKl3x has 10 seconds left.
|inactive|V0R1nKl3x has 5 seconds left.
|
|t:|1756928096
|-terastallize|p2b: Porygon2|Fighting
|move|p2a: Incineroar|Fake Out|p1b: Dragonite
|-damage|p1b: Dragonite|94/100
|cant|p1b: Dragonite|flinch
|move|p1a: Archaludon|Flash Cannon|p2b: Porygon2
|-damage|p2b: Porygon2|79/100
|-unboost|p2b: Porygon2|spd|1
|move|p2b: Porygon2|Ice Beam|p1b: Dragonite
|-supereffective|p1b: Dragonite
|-damage|p1b: Dragonite|0 fnt
|faint|p1b: Dragonite
|
|upkeep
|inactive|V0R1nKl3x has 30 seconds left.
|inactive|V0R1nKl3x has 20 seconds left.
|inactive|V0R1nKl3x has 15 seconds left.
|inactive|V0R1nKl3x has 10 seconds left.
|inactive|V0R1nKl3x has 5 seconds left.
|
|t:|1756928151
|switch|p1b: Pelipper|Pelipper, L50, M|100/100
|-weather|RainDance|[from] ability: Drizzle|[of] p1b: Pelipper
|turn|2
|inactive|V0R1nKl3x has 30 seconds left.
|inactive|V0R1nKl3x has 20 seconds left.
|inactive|V0R1nKl3x has 15 seconds left.
|inactive|V0R1nKl3x has 10 seconds left.
|inactive|V0R1nKl3x has 5 seconds left.
|
|t:|1756928206
|move|p1b: Pelipper|Muddy Water|p2b: Porygon2|[spread] p2a,p2b
|-supereffective|p2a: Incineroar
|-damage|p2a: Incineroar|6/100
|-damage|p2b: Porygon2|33/100
|-unboost|p2a: Incineroar|accuracy|1
|-unboost|p2b: Porygon2|accuracy|1
|-enditem|p2a: Incineroar|Sitrus Berry|[eat]
|-heal|p2a: Incineroar|31/100|[from] item: Sitrus Berry
|move|p2a: Incineroar|Parting Shot|p1b: Pelipper
|-unboost|p1b: Pelipper|atk|1
|-unboost|p1b: Pelipper|spa|1
|
|t:|1756928218
|switch|p2a: Ursaluna|Ursaluna, L50, M|100/100|[from] Parting Shot
|move|p1a: Archaludon|Flash Cannon|p2b: Porygon2
|-damage|p2b: Porygon2|2/100
|move|p2b: Porygon2|Trick Room|p2b: Porygon2
|-fieldstart|move: Trick Room|[of] p2b: Porygon2
|
|-weather|RainDance|[upkeep]
|-status|p2a: Ursaluna|brn|[from] item: Flame Orb
|upkeep
|turn|3
|inactive|V0R1nKl3x has 30 seconds left.
|inactive|Wanouvgc has 30 seconds left.
|inactive|V0R1nKl3x has 20 seconds left.
|inactive|V0R1nKl3x has 15 seconds left.
|inactive|V0R1nKl3x has 10 seconds left.
|inactive|V0R1nKl3x has 5 seconds left.
|
|t:|1756928273
|move|p2b: Porygon2|Recover|p2b: Porygon2
|-heal|p2b: Porygon2|52/100
|move|p2a: Ursaluna|Facade|p1b: Pelipper
|-enditem|p1b: Pelipper|Focus Sash
|-damage|p1b: Pelipper|1/100
|move|p1a: Archaludon|Flash Cannon|p2b: Porygon2
|-damage|p2b: Porygon2|22/100
|move|p1b: Pelipper|Muddy Water|p2a: Ursaluna|[spread] p2b
|-miss|p1b: Pelipper|p2a: Ursaluna
|-damage|p2b: Porygon2|0 fnt
|faint|p2b: Porygon2
|
|-weather|RainDance|[upkeep]
|-damage|p2a: Ursaluna|95/100 brn|[from] brn
|upkeep
|
|t:|1756928289
|switch|p2b: Hydreigon|Hydreigon, L50, F|100/100
|turn|4
|inactive|V0R1nKl3x has 30 seconds left.
|inactive|V0R1nKl3x has 20 seconds left.
|inactive|V0R1nKl3x has 15 seconds left.
|inactive|V0R1nKl3x has 10 seconds left.
|inactive|V0R1nKl3x has 5 seconds left.
|
|t:|1756928344
|move|p2a: Ursaluna|Earthquake|p1b: Pelipper|[spread] p1a
|-immune|p2b: Hydreigon|[from] ability: Levitate
|-immune|p1b: Pelipper
|-supereffective|p1a: Archaludon
|-damage|p1a: Archaludon|24/100
|-ability|p1a: Archaludon|Stamina|boost
|-boost|p1a: Archaludon|def|1
|move|p1a: Archaludon|Flash Cannon|p2a: Ursaluna
|-damage|p2a: Ursaluna|65/100 brn
|-unboost|p2a: Ursaluna|spd|1
|move|p1b: Pelipper|Muddy Water|p2a: Ursaluna|[spread] p2a,p2b
|-supereffective|p2a: Ursaluna
|-resisted|p2b: Hydreigon
|-damage|p2a: Ursaluna|0 fnt
|-damage|p2b: Hydreigon|83/100
|faint|p2a: Ursaluna
|move|p2b: Hydreigon|Snarl|p1b: Pelipper|[spread] p1a,p1b
|-damage|p1a: Archaludon|11/100
|-damage|p1b: Pelipper|0 fnt
|-unboost|p1a: Archaludon|spa|1
|-ability|p1a: Archaludon|Stamina|boost
|-boost|p1a: Archaludon|def|1
|faint|p1b: Pelipper
|
|-weather|RainDance|[upkeep]
|upkeep
|inactive|V0R1nKl3x has 30 seconds left.
|inactive|V0R1nKl3x has 20 seconds left.
|inactive|V0R1nKl3x has 15 seconds left.
|inactive|V0R1nKl3x has 10 seconds left.
|inactive|V0R1nKl3x has 5 seconds left.
|
|t:|1756928399
|switch|p2a: Incineroar|Incineroar, L50, M|31/100
|switch|p1b: Ursaluna|Ursaluna, L50, M|100/100
|-ability|p2a: Incineroar|Intimidate|boost
|-unboost|p1a: Archaludon|atk|1
|-unboost|p1b: Ursaluna|atk|1
|turn|5
|inactive|V0R1nKl3x has 30 seconds left.
|inactive|V0R1nKl3x has 20 seconds left.
|inactive|V0R1nKl3x has 15 seconds left.
|inactive|V0R1nKl3x has 10 seconds left.
|inactive|V0R1nKl3x has 5 seconds left.
|
|t:|1756928454
|move|p2a: Incineroar|Fake Out|p1b: Ursaluna
|-damage|p1b: Ursaluna|90/100
|cant|p1b: Ursaluna|flinch
|move|p1a: Archaludon|Flash Cannon|p2b: Hydreigon
|-damage|p2b: Hydreigon|59/100
|move|p2b: Hydreigon|Draco Meteor|p1a: Archaludon
|-damage|p1a: Archaludon|0 fnt
|-unboost|p2b: Hydreigon|spa|2
|faint|p1a: Archaludon
|
|-weather|RainDance|[upkeep]
|-status|p1b: Ursaluna|brn|[from] item: Flame Orb
|upkeep
|turn|6
|inactive|V0R1nKl3x has 30 seconds left.
|inactive|V0R1nKl3x has 20 seconds left.
|inactive|V0R1nKl3x has 15 seconds left.
|inactive|V0R1nKl3x has 10 seconds left.
|inactive|Wanouvgc has 30 seconds left.
|inactive|V0R1nKl3x has 5 seconds left.
|-message|V0R1nKl3x lost due to inactivity.
|
|win|Wanouvgc
|raw|V0R1nKl3x's rating: 1000 → 1000(+0 for losing)
|raw|Wanouvgc's rating: 1000 → 1040(+40 for winning)
