|j|☆BaronAaronVGC
|j|☆MrTedno
|html|BaronAaronVGCMrTedno    
|uhtml|bestof|Game 1 of a best-of-3
|t:|1756160254
|gametype|doubles
|player|p1|BaronAaronVGC|ghetsis|1168
|player|p2|MrTedno|barry|1212
|gen|9
|tier|[Gen 9] VGC 2025 Reg H (Bo3)
|rated|
|rule|Species Clause: Limit one of each Pokémon
|rule|Item Clause: Limit 1 of each item
|clearpoke
|poke|p1|Garchomp, L50, F|
|poke|p1|Typhlosion-Hisui, L50, M|
|poke|p1|Torkoal, L50, M|
|poke|p1|Jumpluff, L50, M|
|poke|p1|Kingambit, L50, F|
|poke|p1|Dragonite, L50, M|
|poke|p2|Dondozo, L50, F|
|poke|p2|Tatsugiri, L50, M|
|poke|p2|Politoed, L50, F|
|poke|p2|Archaludon, L50, M|
|poke|p2|Amoonguss, L50, F|
|poke|p2|Overqwil, L50, F|
|teampreview|4
|showteam|p1|Garchomp||LifeOrb|RoughSkin|StompingTantrum,Earthquake,DragonClaw,Protect|||F|||50|,,,,,Fire]Typhlosion-Hisui||ChoiceSpecs|Blaze|Eruption,HeatWave,Overheat,ShadowBall|||M|||50|,,,,,Fire]Torkoal||EjectPack|Drought|Overheat,HelpingHand,BurningJealousy,Protect|||M|||50|,,,,,Flying]Jumpluff||CovertCloak|Chlorophyll|SleepPowder,Tailwind,Encore,LeafStorm|||M|||50|,,,,,Poison]Kingambit||AssaultVest|Defiant|KowtowCleave,IronHead,SuckerPunch,LowKick|||F|||50|,,,,,Flying]Dragonite||LoadedDice|Multiscale|ScaleShot,ExtremeSpeed,IceSpinner,Protect|||M|||50|,,,,,Fairy
|showteam|p2|Dondozo||LifeOrb|Unaware|Surf,Protect,SleepTalk|||F|||50|,,,,,Water]Tatsugiri||FocusSash|Commander|DracoMeteor,Protect,MuddyWater,Taunt|||M|||50|,,,,,Stellar]Politoed||SitrusBerry|Drizzle|WeatherBall,IceBeam,Haze,Protect|||F|||50|,,,,,Ghost]Archaludon||AssaultVest|Stamina|BodyPress,ElectroShot,DragonPulse,FlashCannon|||M|||50|,,,,,Grass]Amoonguss||RockyHelmet|Regenerator|Spore,RagePowder,PollenPuff,Protect|||F|||50|,,,,,Fairy]Overqwil||ChoiceBand|SwiftSwim|PoisonJab,ThroatChop,Liquidation,PinMissile|||F|||50|,,,,,Ghost
|
|t:|1756160287
|teamsize|p1|4
|teamsize|p2|4
|start
|switch|p1a: Typhlosion|Typhlosion-Hisui, L50, M|100/100
|switch|p1b: Jumpluff|Jumpluff, L50, M|100/100
|switch|p2a: Shellington|Overqwil, L50, F|100/100
|switch|p2b: Barnacles|Archaludon, L50, M|100/100
|turn|1
|
|t:|1756160317
|switch|p2b: Tweak|Politoed, L50, F|100/100
|-weather|RainDance|[from] ability: Drizzle|[of] p2b: Tweak
|-terastallize|p1a: Typhlosion|Fire
|move|p2a: Shellington|Poison Jab|p1b: Jumpluff
|-supereffective|p1b: Jumpluff
|-damage|p1b: Jumpluff|0 fnt
|faint|p1b: Jumpluff
|move|p1a: Typhlosion|Eruption|p2a: Shellington|[spread] p2a,p2b
|-resisted|p2b: Tweak
|-damage|p2a: Shellington|17/100
|-damage|p2b: Tweak|81/100
|
|-weather|RainDance|[upkeep]
|upkeep
|
|t:|1756160329
|switch|p1b: Torkoal|Torkoal, L50, M|100/100
|-weather|SunnyDay|[from] ability: Drought|[of] p1b: Torkoal
|turn|2
|inactive|Battle timer is ON: inactive players will automatically lose when time's up. (requested by BaronAaronVGC)
|
|t:|1756160366
|switch|p2b: Barnacles|Archaludon, L50, M|100/100
|move|p1b: Torkoal|Helping Hand|p1a: Typhlosion
|-singleturn|p1a: Typhlosion|Helping Hand|[of] p1b: Torkoal
|move|p1a: Typhlosion|Eruption|p2b: Barnacles|[spread] p2a,p2b
|-damage|p2a: Shellington|0 fnt
|-damage|p2b: Barnacles|0 fnt
|faint|p2a: Shellington
|faint|p2b: Barnacles
|
|-weather|SunnyDay|[upkeep]
|upkeep
|
|t:|1756160371
|switch|p2a: Tweak|Politoed, L50, F|81/100
|switch|p2b: Peso|Tatsugiri, L50, M|100/100
|-weather|RainDance|[from] ability: Drizzle|[of] p2a: Tweak
|turn|3
|
|t:|1756160392
|-terastallize|p2b: Peso|Stellar
|move|p1b: Torkoal|Helping Hand|p1a: Typhlosion
|-singleturn|p1a: Typhlosion|Helping Hand|[of] p1b: Torkoal
|move|p1a: Typhlosion|Eruption|p2a: Tweak|[spread] p2a,p2b
|-resisted|p2a: Tweak
|-resisted|p2b: Peso
|-damage|p2a: Tweak|49/100
|-damage|p2b: Peso|75/100
|-enditem|p2a: Tweak|Sitrus Berry|[eat]
|-heal|p2a: Tweak|74/100|[from] item: Sitrus Berry
|move|p2b: Peso|Muddy Water|p1a: Typhlosion|[spread] p1a,p1b
|-supereffective|p1a: Typhlosion
|-supereffective|p1b: Torkoal
|-damage|p1a: Typhlosion|0 fnt
|-damage|p1b: Torkoal|0 fnt
|faint|p1a: Typhlosion
|faint|p1b: Torkoal
|move|p2a: Tweak|Ice Beam|p1: Typhlosion|[notarget]
|-fail|p2a: Tweak
|
|-weather|RainDance|[upkeep]
|upkeep
|
|t:|1756160411
|switch|p1b: Dragonite|Dragonite, L50, M|100/100
|turn|4
|inactive|BaronAaronVGC has 30 seconds left.
|c|☆BaronAaronVGC|How is peso so strong
|c|☆MrTedno|Pesos the goat
|
|t:|1756160445
|move|p2b: Peso|Draco Meteor|p1b: Dragonite
|-supereffective|p1b: Dragonite
|-damage|p1b: Dragonite|10/100
|-unboost|p2b: Peso|spa|2
|move|p1b: Dragonite|Scale Shot|p2b: Peso
|-supereffective|p2b: Peso
|-crit|p2b: Peso
|-damage|p2b: Peso|0 fnt
|faint|p2b: Peso
|-hitcount|p2: Peso|1
|-unboost|p1b: Dragonite|def|1
|-boost|p1b: Dragonite|spe|1
|move|p2a: Tweak|Ice Beam|p1b: Dragonite
|-supereffective|p1b: Dragonite
|-damage|p1b: Dragonite|0 fnt
|faint|p1b: Dragonite
|
|win|MrTedno
|c|☆MrTedno|90% is crazy
|inactive|BaronAaronVGC has 30 seconds to confirm battle start!
|inactive|MrTedno has 30 seconds to confirm battle start!
||BaronAaronVGC is ready for game 2.
||MrTedno is ready for game 2.
|uhtml|next|Next: Game 2 of 3
|l|☆BaronAaronVGC
|player|p1|
