|j|☆myshirtisdirty
|j|☆snailboss
|html|myshirtisdirtysnailboss    
|uhtml|bestof|Game 2 of a best-of-3
|t:|1756609979
|gametype|doubles
|player|p1|myshirtisdirty|170|1078
|player|p2|snailboss|hilda-wonderlauncher|1161
|gen|9
|tier|[Gen 9] VGC 2025 Reg H (Bo3)
|rated|
|rule|Species Clause: Limit one of each Pokémon
|rule|Item Clause: Limit 1 of each item
|clearpoke
|poke|p1|Ceruledge, L50, F|
|poke|p1|Whimsicott, L50, M|
|poke|p1|Sneasler, L50, F|
|poke|p1|Ninetales-Alola, L50, M|
|poke|p1|Rillaboom, L50, M|
|poke|p1|Ursaluna-Bloodmoon, L50, M|
|poke|p2|Zoroark-Hisui, L50, M|
|poke|p2|Tyranitar, L50, F|
|poke|p2|Excadrill, L50, M|
|poke|p2|Indeedee-F, L50, F|
|poke|p2|Gallade, L50, M|
|poke|p2|Talonflame, L50, M|
|teampreview|4
|showteam|p1|Ceruledge||ClearAmulet|FlashFire|BitterBlade,Poltergeist,BulkUp,Protect|||F|||50|,,,,,Bug]Whimsicott||FocusSash|Prankster|Moonblast,WorrySeed,Tailwind,Protect|||M|||50|,,,,,Ghost]Sneasler||GrassySeed|Unburden|CloseCombat,DireClaw,Coaching,Protect|||F|||50|,,,,,Ghost]Ninetales-Alola||CovertCloak|SnowWarning|Howl,Moonblast,Blizzard,AuroraVeil|||M|||50|,,,,,Water]Rillaboom||AssaultVest|GrassySurge|WoodHammer,GrassyGlide,HighHorsepower,FakeOut|||M|||50|,,,,,Fire]Ursaluna-Bloodmoon||LifeOrb|MindsEye|HyperVoice,BloodMoon,EarthPower,Protect|||M|||50|,,,,,Normal
|showteam|p2|Zoroark-Hisui||ChoiceSpecs|Illusion|HyperVoice,Flamethrower,ShadowBall,HyperBeam|||M|||50|,,,,,Normal]Tyranitar||AssaultVest|SandStream|RockSlide,KnockOff,LowKick,TeraBlast|||F|||50|,,,,,Flying]Excadrill||FocusSash|SandRush|IronHead,Protect,SwordsDance,Earthquake|||M|||50|,,,,,Ground]Indeedee-F||SafetyGoggles|PsychicSurge|TrickRoom,FollowMe,Psychic,HelpingHand|||F|||50|,,,,,Fairy]Gallade||ClearAmulet|Sharpness|PsychoCut,TrickRoom,WideGuard,SacredSword|||M|||50|,,,,,Grass]Talonflame||CovertCloak|GaleWings|Tailwind,BraveBird,FlareBlitz,Taunt|||M|||50|,,,,,Grass
|
|t:|1756610016
|teamsize|p1|4
|teamsize|p2|4
|start
|switch|p1a: Rillaboom|Rillaboom, L50, M|100/100
|switch|p1b: Sneasler|Sneasler, L50, F|100/100
|switch|p2a: Butter|Indeedee-F, L50, F|100/100
|switch|p2b: Alice|Tyranitar, L50, F|100/100
|-fieldstart|move: Grassy Terrain|[from] ability: Grassy Surge|[of] p1a: Rillaboom
|-enditem|p1b: Sneasler|Grassy Seed
|-boost|p1b: Sneasler|def|1|[from] item: Grassy Seed
|-weather|Sandstorm|[from] ability: Sand Stream|[of] p2b: Alice
|-fieldstart|move: Psychic Terrain|[from] ability: Psychic Surge|[of] p2a: Butter
|turn|1
|
|t:|1756610060
|-terastallize|p2b: Alice|Flying
|move|p1b: Sneasler|Dire Claw|p2a: Butter
|-damage|p2a: Butter|56/100
|-status|p2a: Butter|par
|move|p1a: Rillaboom|Wood Hammer|p2a: Butter
|-crit|p2a: Butter
|-damage|p2a: Butter|0 fnt
|faint|p2a: Butter
|-damage|p1a: Rillaboom|84/100|[from] Recoil
|move|p2b: Alice|Tera Blast|p1a: Rillaboom|[anim] Tera Blast Flying
|-supereffective|p1a: Rillaboom
|-damage|p1a: Rillaboom|0 fnt
|faint|p1a: Rillaboom
|
|-weather|Sandstorm|[upkeep]
|-damage|p1b: Sneasler|95/100|[from] Sandstorm
|-damage|p2b: Alice|95/100|[from] Sandstorm
|upkeep
|inactive|Battle timer is ON: inactive players will automatically lose when time's up. (requested by myshirtisdirty)
|
|t:|1756610113
|switch|p1a: Ceruledge|Ceruledge, L50, F|100/100
|switch|p2a: Dr. Drills|Excadrill, L50, M|100/100
|turn|2
|inactive|myshirtisdirty has 30 seconds left.
|inactive|myshirtisdirty has 20 seconds left.
|inactive|myshirtisdirty has 15 seconds left.
|inactive|myshirtisdirty has 10 seconds left.
|inactive|myshirtisdirty has 5 seconds left.
|
|t:|1756610164
|move|p2a: Dr. Drills|Protect|p2a: Dr. Drills
|-singleturn|p2a: Dr. Drills|Protect
|move|p1b: Sneasler|Close Combat|p2a: Dr. Drills
|-activate|p2a: Dr. Drills|move: Protect
|move|p2b: Alice|Tera Blast|p1b: Sneasler|[anim] Tera Blast Flying
|-supereffective|p1b: Sneasler
|-damage|p1b: Sneasler|0 fnt
|faint|p1b: Sneasler
|move|p1a: Ceruledge|Bulk Up|p1a: Ceruledge
|-boost|p1a: Ceruledge|atk|1
|-boost|p1a: Ceruledge|def|1
|
|-weather|Sandstorm|[upkeep]
|-damage|p2b: Alice|89/100|[from] Sandstorm
|-damage|p1a: Ceruledge|94/100|[from] Sandstorm
|upkeep
|
|t:|1756610167
|switch|p1b: Whimsicott|Whimsicott, L50, M|100/100
|turn|3
|inactive|myshirtisdirty has 30 seconds left.
|inactive|snailboss has 30 seconds left.
|inactive|myshirtisdirty has 20 seconds left.
|inactive|myshirtisdirty has 15 seconds left.
|
|t:|1756610208
|-terastallize|p1a: Ceruledge|Bug
|move|p1b: Whimsicott|Tailwind|p1b: Whimsicott
|-sidestart|p1: myshirtisdirty|move: Tailwind
|move|p2a: Dr. Drills|Earthquake|p1a: Ceruledge|[spread] p1a,p1b
|-immune|p2b: Alice
|-resisted|p1a: Ceruledge
|-resisted|p1b: Whimsicott
|-damage|p1a: Ceruledge|80/100
|-damage|p1b: Whimsicott|75/100
|move|p1a: Ceruledge|Bitter Blade|p2a: Dr. Drills
|-supereffective|p2a: Dr. Drills
|-enditem|p2a: Dr. Drills|Focus Sash
|-damage|p2a: Dr. Drills|1/100
|-heal|p1a: Ceruledge|100/100|[from] drain|[of] p2a: Dr. Drills
|move|p2b: Alice|Rock Slide|p1b: Whimsicott|[spread] p1a,p1b
|-supereffective|p1a: Ceruledge
|-damage|p1a: Ceruledge|51/100
|-damage|p1b: Whimsicott|41/100
|
|-weather|Sandstorm|[upkeep]
|-damage|p1b: Whimsicott|35/100|[from] Sandstorm
|-damage|p1a: Ceruledge|45/100|[from] Sandstorm
|-damage|p2b: Alice|83/100|[from] Sandstorm
|upkeep
|turn|4
|inactive|myshirtisdirty has 30 seconds left.
|
|t:|1756610239
|move|p2a: Dr. Drills|Iron Head|p1b: Whimsicott
|-supereffective|p1b: Whimsicott
|-damage|p1b: Whimsicott|0 fnt
|faint|p1b: Whimsicott
|move|p1a: Ceruledge|Bitter Blade|p2b: Alice
|-damage|p2b: Alice|28/100
|-heal|p1a: Ceruledge|72/100|[from] drain|[of] p2b: Alice
|move|p2b: Alice|Tera Blast|p1a: Ceruledge|[anim] Tera Blast Flying
|-supereffective|p1a: Ceruledge
|-damage|p1a: Ceruledge|6/100
|
|-weather|Sandstorm|[upkeep]
|-damage|p1a: Ceruledge|0 fnt|[from] Sandstorm
|-damage|p2b: Alice|22/100|[from] Sandstorm
|faint|p1a: Ceruledge
|
|win|snailboss
|raw|myshirtisdirty's rating: 1078 → 1061(-17 for losing)
|raw|snailboss's rating: 1161 → 1180(+19 for winning)
|c|☆snailboss|you could have used worry seed on exca
|c|☆snailboss|would've taken away my speed
|c|☆snailboss|oh wait no
|c|☆snailboss|psy terrain
|c|☆snailboss|sorry mb
