|j|☆FunkleVGC
|html|reeijiFunkleVGC    
|uhtml|bestof|Game 2 of a best-of-3
|t:|1782241779
|gametype|doubles
|player|p1|reeiji|steven|1037
|player|p2|FunkleVGC|fisherman-gen4|1125
|gen|9
|tier|[Gen 9 Champions] VGC 2026 Reg M-B (Bo3)
|rated|
|rule|Species Clause: Limit one of each Pokémon
|rule|Item Clause: Limit 1 of each item
|clearpoke
|poke|p1|Charizard, L50, F|
|poke|p1|Typhlosion-Hisui, L50, M|
|poke|p1|Arcanine-Hisui, L50, F|
|poke|p1|Venusaur, L50, M|
|poke|p1|Talonflame, L50, M|
|poke|p1|Eelektross, L50, M|
|poke|p2|Metagross, L50, shiny|
|poke|p2|Incineroar, L50, F, shiny|
|poke|p2|Hydreigon, L50, F|
|poke|p2|Ninetales-Alola, L50, F|
|poke|p2|Sneasler, L50, M|
|poke|p2|Lycanroc-Dusk, L50, M|
|teampreview|4
|showteam|p1|Charizard||CharizarditeY|SolarPower|HeatWave,SolarBeam,AncientPower,Protect|Timid||F|||50|]Typhlosion-Hisui||FocusSash|Frisk|Eruption,InfernalParade,WillOWisp,Protect|Calm||M|||50|]Arcanine-Hisui||ChoiceScarf|Intimidate|RockSlide,FlareBlitz,CloseCombat,WildCharge|Jolly||F|||50|]Venusaur||SitrusBerry|Chlorophyll|GigaDrain,SludgeBomb,SleepPowder,SunnyDay|Timid||M|||50|]Talonflame||LifeOrb|GaleWings|Tailwind,SwordsDance,BraveBird,BlazeKick|Jolly||M|||50|]Eelektross||Eelektrossite|Levitate|Thunderbolt,GigaDrain,Flamethrower,Protect|Timid||M|||50|
|showteam|p2|Metagross||Metagrossite|ClearBody|BulletPunch,IronHead,PsychicFangs,Protect|Adamant|||||50|]Incineroar||SitrusBerry|Intimidate|FakeOut,ThroatChop,PartingShot,FlareBlitz|Careful||F|||50|]Hydreigon||ChoiceScarf|Levitate|DarkPulse,DracoMeteor,EarthPower,Snarl|Modest||F|||50|]Ninetales-Alola||NeverMeltIce|SnowWarning|Blizzard,FreezeDry,AuroraVeil,Protect|Timid||F|||50|]Sneasler||WhiteHerb|Unburden|DireClaw,CloseCombat,FakeOut,Coaching|Jolly||M|||50|]Lycanroc-Dusk||FocusSash|ToughClaws|RockSlide,Accelerock,CloseCombat,Protect|Jolly||M|||50|
|j|☆reeiji
|player|p1|reeiji|steven|
|
|t:|1782241846
|teamsize|p1|4
|teamsize|p2|4
|start
|switch|p1a: Charizard|Charizard, L50, F|100/100
|switch|p1b: Venusaur|Venusaur, L50, M|100/100
|switch|p2a: Sneasler|Sneasler, L50, M|100/100
|switch|p2b: Hydreigon|Hydreigon, L50, F|100/100
|turn|1
|
|t:|1782241864
|detailschange|p1a: Charizard|Charizard-Mega-Y, L50, F
|-mega|p1a: Charizard|Charizard|Charizardite Y
|-weather|SunnyDay|[from] ability: Drought|[of] p1a: Charizard
|move|p1a: Charizard|Protect|p1a: Charizard
|-singleturn|p1a: Charizard|Protect
|move|p2a: Sneasler|Fake Out|p1b: Venusaur
|-damage|p1b: Venusaur|80/100
|cant|p1b: Venusaur|flinch
|move|p2b: Hydreigon|Draco Meteor|p1b: Venusaur
|-damage|p1b: Venusaur|0 fnt
|-unboost|p2b: Hydreigon|spa|2
|faint|p1b: Venusaur
|
|-weather|SunnyDay|[upkeep]
|upkeep
|
|t:|1782241877
|switch|p1b: Arcanine|Arcanine-Hisui, L50, F|100/100
|-ability|p1b: Arcanine|Intimidate|boost
|-unboost|p2a: Sneasler|atk|1
|-unboost|p2b: Hydreigon|atk|1
|-enditem|p2a: Sneasler|White Herb
|-clearnegativeboost|p2a: Sneasler|[silent]
|turn|2
|
|t:|1782241889
|switch|p2b: Incineroar|Incineroar, L50, F, shiny|100/100
|-ability|p2b: Incineroar|Intimidate|boost
|-unboost|p1a: Charizard|atk|1
|-unboost|p1b: Arcanine|atk|1
|move|p2a: Sneasler|Close Combat|p1b: Arcanine
|-supereffective|p1b: Arcanine|1
|-damage|p1b: Arcanine|0 fnt
|-unboost|p2a: Sneasler|def|1
|-unboost|p2a: Sneasler|spd|1
|faint|p1b: Arcanine
|move|p1a: Charizard|Heat Wave|p2b: Incineroar|[spread] p2a,p2b
|-resisted|p2b: Incineroar|1
|-damage|p2a: Sneasler|0 fnt
|-damage|p2b: Incineroar|76/100
|faint|p2a: Sneasler
|
|-weather|SunnyDay|[upkeep]
|upkeep
|inactive|Battle timer is ON: inactive players will automatically lose when time's up. (requested by FunkleVGC)
|
|t:|1782241906
|switch|p2a: Lycanroc|Lycanroc-Dusk, L50, M|100/100
|switch|p1b: Talonflame|Talonflame, L50, M|100/100
|turn|3
|
|t:|1782241920
|move|p2b: Incineroar|Fake Out|p1b: Talonflame
|-damage|p1b: Talonflame|84/100
|cant|p1b: Talonflame|flinch
|move|p2a: Lycanroc|Rock Slide|p1a: Charizard|[spread] p1a,p1b
|-supereffective|p1a: Charizard|2
|-supereffective|p1b: Talonflame|2
|-damage|p1a: Charizard|0 fnt
|-damage|p1b: Talonflame|0 fnt
|faint|p1a: Charizard
|faint|p1b: Talonflame
|
|win|FunkleVGC
|raw|reeiji's rating: 1020 → 1011(-9 for losing)
|raw|FunkleVGC's rating: 1125 → 1143(+18 for winning)
