|j|☆Chandeliere
|j|☆Tsbaaasdf
|html|ChandeliereTsbaaasdf    
|uhtml|bestof|Game 3 of a best-of-3
|t:|1756715071
|gametype|doubles
|player|p1|Chandeliere|ethan|1238
|player|p2|Tsbaaasdf|101|1064
|gen|9
|tier|[Gen 9] VGC 2025 Reg H (Bo3)
|rated|
|rule|Species Clause: Limit one of each Pokémon
|rule|Item Clause: Limit 1 of each item
|clearpoke
|poke|p1|Ninetales-Alola, L50, F|
|poke|p1|Gholdengo, L50|
|poke|p1|Garchomp, L50, F|
|poke|p1|Incineroar, L50, M|
|poke|p1|Sneasler, L50, F|
|poke|p1|Vivillon-Pokeball, L50, M|
|poke|p2|Shiftry, L50, M|
|poke|p2|Ursaluna-Bloodmoon, L50, M|
|poke|p2|Skeledirge, L50, M|
|poke|p2|Gastrodon, L50, M|
|poke|p2|Sneasler, L50, M|
|poke|p2|Sinistcha, L50|
|teampreview|4
|showteam|p1|Ninetales-Alola||LightClay|SnowWarning|AuroraVeil,Blizzard,FreezeDry,Protect|||F|||50|,,,,,Ghost]Gholdengo||LifeOrb|GoodasGold|MakeItRain,ShadowBall,NastyPlot,Protect||||||50|,,,,,Water]Garchomp||ClearAmulet|RoughSkin|Earthquake,StompingTantrum,DragonClaw,Protect|||F|||50|,,,,,Ground]Incineroar||AssaultVest|Intimidate|FakeOut,KnockOff,FlareBlitz,Uturn|||M|||50|,,,,,Grass]Sneasler||WhiteHerb|Unburden|Coaching,CloseCombat,DireClaw,Protect|||F|||50|,,,,,Ghost]Vivillon-Pokeball||FocusSash|CompoundEyes|SleepPowder,Hurricane,Tailwind,Protect|||M|||50|,,,,,Ghost
|showteam|p2|Shiftry||FocusSash|WindRider|KnockOff,LeafBlade,SuckerPunch,Protect|||M|||50|,,,,,Ghost]Ursaluna-Bloodmoon||LifeOrb|MindsEye|BloodMoon,EarthPower,HyperVoice,Protect|||M|||50|,,,,,Ghost]Skeledirge||Leftovers|Unaware|AlluringVoice,TorchSong,ShadowBall,Protect|||M|||50|,,,,,Water]Gastrodon||SitrusBerry|StormDrain|IcyWind,EarthPower,Yawn,MuddyWater|||M|||50|,,,,,Fire]Sneasler||WhiteHerb|Unburden|FakeOut,CloseCombat,DireClaw,Protect|||M|||50|,,,,,Ghost]Sinistcha||RockyHelmet|Hospitality|RagePowder,MatchaGotcha,ShadowBall,LifeDew||||||50|,,,,,Grass
|
|t:|1756715114
|teamsize|p1|4
|teamsize|p2|4
|start
|switch|p1a: Ninetales|Ninetales-Alola, L50, F|100/100
|switch|p1b: Gholdengo|Gholdengo, L50|100/100
|switch|p2a: Sneasler|Sneasler, L50, M|100/100
|switch|p2b: Gastrodon|Gastrodon, L50, M|100/100
|-weather|Snowscape|[from] ability: Snow Warning|[of] p1a: Ninetales
|turn|1
|
|t:|1756715131
|-terastallize|p1a: Ninetales|Ghost
|move|p1b: Gholdengo|Protect|p1b: Gholdengo
|-singleturn|p1b: Gholdengo|Protect
|move|p2a: Sneasler|Dire Claw|p1a: Ninetales
|-resisted|p1a: Ninetales
|-damage|p1a: Ninetales|75/100
|move|p1a: Ninetales|Freeze-Dry|p2b: Gastrodon
|-supereffective|p2b: Gastrodon
|-damage|p2b: Gastrodon|18/100
|-enditem|p2b: Gastrodon|Sitrus Berry|[eat]
|-heal|p2b: Gastrodon|43/100|[from] item: Sitrus Berry
|move|p2b: Gastrodon|Earth Power|p1b: Gholdengo
|-activate|p1b: Gholdengo|move: Protect
|
|-weather|Snowscape|[upkeep]
|upkeep
|turn|2
|
|t:|1756715165
|switch|p2b: Skeledirge|Skeledirge, L50, M|100/100
|move|p2a: Sneasler|Dire Claw|p1a: Ninetales
|-resisted|p1a: Ninetales
|-damage|p1a: Ninetales|49/100
|move|p1a: Ninetales|Freeze-Dry|p2b: Skeledirge
|-resisted|p2b: Skeledirge
|-damage|p2b: Skeledirge|89/100
|move|p1b: Gholdengo|Shadow Ball|p2b: Skeledirge
|-supereffective|p2b: Skeledirge
|-damage|p2b: Skeledirge|0 fnt
|faint|p2b: Skeledirge
|-damage|p1b: Gholdengo|91/100|[from] item: Life Orb
|
|-weather|Snowscape|[upkeep]
|upkeep
|
|t:|1756715183
|switch|p2b: Gastrodon|Gastrodon, L50, M|43/100
|turn|3
|
|t:|1756715196
|switch|p2a: Sinistcha|Sinistcha, L50|100/100
|-heal|p2b: Gastrodon|67/100|[from] ability: Hospitality|[of] p2a: Sinistcha
|-terastallize|p2b: Gastrodon|Fire
|move|p1a: Ninetales|Protect|p1a: Ninetales
|-singleturn|p1a: Ninetales|Protect
|move|p1b: Gholdengo|Shadow Ball|p2b: Gastrodon
|-damage|p2b: Gastrodon|17/100
|-damage|p1b: Gholdengo|81/100|[from] item: Life Orb
|move|p2b: Gastrodon|Earth Power|p1b: Gholdengo
|-supereffective|p1b: Gholdengo
|-damage|p1b: Gholdengo|3/100
|
|-weather|Snowscape|[upkeep]
|upkeep
|turn|4
|
|t:|1756715219
|switch|p2b: Sneasler|Sneasler, L50, M|100/100
|move|p1a: Ninetales|Aurora Veil|p1a: Ninetales
|-sidestart|p1: Chandeliere|move: Aurora Veil
|move|p1b: Gholdengo|Shadow Ball|p2a: Sinistcha
|-supereffective|p2a: Sinistcha
|-damage|p2a: Sinistcha|0 fnt
|faint|p2a: Sinistcha
|-damage|p1b: Gholdengo|0 fnt|[from] item: Life Orb
|faint|p1b: Gholdengo
|
|-weather|Snowscape|[upkeep]
|upkeep
|-message|Tsbaaasdf forfeited.
|
|win|Chandeliere
|raw|Chandeliere's rating: 1238 → 1251(+13 for winning)
|raw|Tsbaaasdf's rating: 1064 → 1053(-11 for losing)
|l|☆Tsbaaasdf
|player|p2|
|c|☆Chandeliere|gg
