|j|☆evilmayheem
|j|☆Mr Umbreons
|html|evilmayheemMr Umbreons    
|uhtml|bestof|Game 3 of a best-of-3
|t:|1782276767
|gametype|doubles
|player|p1|evilmayheem|crasherwake|1139
|player|p2|Mr Umbreons|wallace|1137
|gen|9
|tier|[Gen 9 Champions] VGC 2026 Reg M-B (Bo3)
|rated|
|rule|Species Clause: Limit one of each Pokémon
|rule|Item Clause: Limit 1 of each item
|clearpoke
|poke|p1|Pyroar, L50, F|
|poke|p1|Sableye, L50, M|
|poke|p1|Farigiraf, L50, F|
|poke|p1|Kingambit, L50, M|
|poke|p1|Sylveon, L50, F|
|poke|p1|Scrafty, L50, M|
|poke|p2|Swampert, L50, F|
|poke|p2|Pelipper, L50, M|
|poke|p2|Politoed, L50, M|
|poke|p2|Archaludon, L50, F|
|poke|p2|Farigiraf, L50, M|
|poke|p2|Mawile, L50, F|
|teampreview|4
|showteam|p1|Pyroar||Pyroarite|Rivalry|HeatWave,Overheat,SolarBeam,Protect|Timid||F|||50|]Sableye||RoseliBerry|Prankster|SunnyDay,LightScreen,Reflect,WillOWisp|Calm||M|||50|]Farigiraf||SitrusBerry|ArmorTail|Protect,HelpingHand,Psychic,TrickRoom|Calm||F|||50|]Kingambit||ChopleBerry|Defiant|KowtowCleave,IronHead,SuckerPunch,Protect|Adamant||M|||50|]Sylveon||FairyFeather|Pixilate|Detect,HyperVoice,QuickAttack,HyperBeam|Quiet||F|||50|]Scrafty||Scraftinite|Intimidate|FakeOut,Detect,CloseCombat,KnockOff|Brave||M|||50|
|showteam|p2|Swampert||Swampertite|Torrent|WaveCrash,HighHorsepower,IcePunch,Protect|Adamant||F|||50|]Pelipper||ChoiceScarf|Drizzle|WeatherBall,Hurricane,Uturn,Tailwind|Timid||M|||50|]Politoed||MysticWater|Drizzle|WeatherBall,IceBeam,RainDance,Protect|Quiet||M|||50|]Archaludon||Leftovers|Stamina|DragonPulse,FlashCannon,ElectroShot,Protect|Calm||F|||50|]Farigiraf||SitrusBerry|ArmorTail|Psychic,Thunder,RainDance,TrickRoom|Relaxed||M|||50|]Mawile||Mawilite|Intimidate|IronHead,PlayRough,SuckerPunch,Protect|Brave||F|||50|
|inactive|Battle timer is ON: inactive players will automatically lose when time's up. (requested by Mr Umbreons)
|
|t:|1782276785
|teamsize|p1|4
|teamsize|p2|4
|start
|switch|p1a: Pyroar|Pyroar, L50, F|100/100
|switch|p1b: Sableye|Sableye, L50, M|100/100
|switch|p2a: Swampert|Swampert, L50, F|100/100
|switch|p2b: Pelipper|Pelipper, L50, M|100/100
|-weather|RainDance|[from] ability: Drizzle|[of] p2b: Pelipper
|turn|1
|
|t:|1782276804
|switch|p1a: Scrafty|Scrafty, L50, M|100/100
|-ability|p1a: Scrafty|Intimidate|boost
|-unboost|p2a: Swampert|atk|1
|-unboost|p2b: Pelipper|atk|1
|detailschange|p2a: Swampert|Swampert-Mega, L50, F
|-mega|p2a: Swampert|Swampert|Swampertite
|move|p1b: Sableye|Will-O-Wisp|p2a: Swampert
|-status|p2a: Swampert|brn
|move|p2a: Swampert|Wave Crash|p1a: Scrafty
|-damage|p1a: Scrafty|66/100
|-damage|p2a: Swampert|89/100 brn|[from] Recoil
|move|p2b: Pelipper|U-turn|p1b: Sableye
|-damage|p1b: Sableye|91/100
|
|t:|1782276817
|switch|p2b: Farigiraf|Farigiraf, L50, M|100/100|[from] U-turn
|
|-weather|RainDance|[upkeep]
|-damage|p2a: Swampert|83/100 brn|[from] brn
|upkeep
|turn|2
|
|t:|1782276836
|switch|p2b: Politoed|Politoed, L50, M|100/100
|move|p1b: Sableye|Reflect|p1b: Sableye
|-sidestart|p1: evilmayheem|Reflect
|move|p2a: Swampert|Wave Crash|p1b: Sableye
|-damage|p1b: Sableye|55/100
|-damage|p2a: Swampert|72/100 brn|[from] Recoil
|move|p1a: Scrafty|Knock Off|p2b: Politoed
|-damage|p2b: Politoed|61/100
|-enditem|p2b: Politoed|Mystic Water|[from] move: Knock Off|[of] p1a: Scrafty
|
|-weather|RainDance|[upkeep]
|-damage|p2a: Swampert|66/100 brn|[from] brn
|upkeep
|turn|3
|inactive|evilmayheem has 30 seconds left.
|l|☆Mr Umbreons
|inactive|Mr Umbreons disconnected and has a minute to reconnect!
|player|p2|
|
|t:|1782276868
|switch|p1b: Sylveon|Sylveon, L50, F|100/100
|detailschange|p1a: Scrafty|Scrafty-Mega, L50, M
|-mega|p1a: Scrafty|Scrafty|Scraftinite
|-ability|p1a: Scrafty|Intimidate|boost
|-unboost|p2a: Swampert|atk|1
|-unboost|p2b: Politoed|atk|1
|move|p2a: Swampert|Wave Crash|p1b: Sylveon
|-damage|p1b: Sylveon|76/100
|-damage|p2a: Swampert|57/100 brn|[from] Recoil
|move|p2b: Politoed|Weather Ball|p1a: Scrafty
|-damage|p1a: Scrafty|16/100
|move|p1a: Scrafty|Close Combat|p2b: Politoed
|-damage|p2b: Politoed|2/100
|-unboost|p1a: Scrafty|def|1
|-unboost|p1a: Scrafty|spd|1
|
|-weather|RainDance|[upkeep]
|-damage|p2a: Swampert|52/100 brn|[from] brn
|upkeep
|turn|4
|inactive|evilmayheem has 30 seconds left.
|inactive|Mr Umbreons has 30 seconds left.
|inactive|Mr Umbreons has 20 seconds left.
|inactive|Mr Umbreons has 15 seconds left.
|inactive|Mr Umbreons has 10 seconds left.
|inactive|Mr Umbreons has 5 seconds left.
|-message|Mr Umbreons lost due to inactivity.
|
|win|evilmayheem
|raw|evilmayheem's rating: 1139 → 1164(+25 for winning)
|raw|Mr Umbreons's rating: 1137 → 1112(-25 for losing)
