|j|☆sopa de moscas
|j|☆Zvhxii
|html|sopa de moscasZvhxii    
|uhtml|bestof|Game 2 of a best-of-3
|t:|1783521784
|gametype|doubles
|player|p1|sopa de moscas|miku-ghost|1382
|player|p2|Zvhxii|ghetsis-gen5bw|1291
|gen|9
|tier|[Gen 9 Champions] VGC 2026 Reg M-B (Bo3)
|rated|
|rule|Species Clause: Limit one of each Pokémon
|rule|Item Clause: Limit 1 of each item
|clearpoke
|poke|p1|Incineroar, L50, F|
|poke|p1|Farigiraf, L50, F|
|poke|p1|Torkoal, L50, M|
|poke|p1|Floette-Eternal, L50, F|
|poke|p1|Maushold-Four, L50|
|poke|p1|Golurk, L50|
|poke|p2|Whimsicott, L50, M|
|poke|p2|Skarmory, L50, M|
|poke|p2|Sneasler, L50, F|
|poke|p2|Kingambit, L50, M|
|poke|p2|Charizard, L50, M|
|poke|p2|Milotic, L50, M|
|teampreview|4
|showteam|p1|Incineroar||ChopleBerry|Intimidate|ThroatChop,FakeOut,FlareBlitz,PartingShot|Careful||F|||50|]Farigiraf||SitrusBerry|ArmorTail|Thunderbolt,Psychic,TrickRoom,Protect|Sassy||F|||50|]Torkoal||Charcoal|Drought|Eruption,HeatWave,WeatherBall,Protect|Quiet||M|||50|]Floette-Eternal||Floettite|FlowerVeil|Moonblast,DazzlingGleam,LightofRuin,Protect|Modest||F|||50|]Maushold-Four||WideLens|Technician|PopulationBomb,FollowMe,HelpingHand,Protect|Jolly|||||50|]Golurk||LifeOrb|NoGuard|HeadlongRush,Poltergeist,Protect,StoneEdge|Brave|||||50|
|showteam|p2|Whimsicott||FocusSash|Prankster|Moonblast,Tailwind,Encore,Protect|Timid||M|||50|]Skarmory||Skarmorite|Sturdy|BraveBird,IronHead,SwordsDance,Protect|Jolly||M|||50|]Sneasler||WhiteHerb|Unburden|DireClaw,CloseCombat,FakeOut,Protect|Jolly||F|||50|]Kingambit||BlackGlasses|Defiant|KowtowCleave,SuckerPunch,LowKick,Protect|Adamant||M|||50|]Charizard||CharizarditeY|Blaze|HeatWave,WeatherBall,SolarBeam,Protect|Modest||M|||50|]Milotic||Leftovers|Competitive|MuddyWater,Coil,Hypnosis,Protect|Calm||M|||50|
|inactive|Battle timer is ON: inactive players will automatically lose when time's up. (requested by sopa de moscas)
|inactive|Zvhxii has 60 seconds left.
|
|t:|1783521820
|teamsize|p1|4
|teamsize|p2|4
|start
|switch|p1a: Maushold|Maushold-Four, L50|100/100
|switch|p1b: Floette|Floette-Eternal, L50, F|100/100
|switch|p2a: Sneasler|Sneasler, L50, F|100/100
|switch|p2b: Milotic|Milotic, L50, M|100/100
|turn|1
|
|t:|1783521844
|switch|p1a: Farigiraf|Farigiraf, L50, F|100/100
|switch|p2b: Kingambit|Kingambit, L50, M|100/100
|detailschange|p1b: Floette|Floette-Mega, L50, F
|-mega|p1b: Floette|Floette|Floettite
|-ability|p1b: Floette|Fairy Aura
|move|p2a: Sneasler|Dire Claw|p1b: Floette
|-supereffective|p1b: Floette|1
|-damage|p1b: Floette|9/100
|move|p1b: Floette|Moonblast|p2a: Sneasler
|-damage|p2a: Sneasler|0 fnt
|faint|p2a: Sneasler
|
|upkeep
|
|t:|1783521862
|switch|p2a: Charizard|Charizard, L50, M|100/100
|turn|2
|inactive|Zvhxii has 30 seconds left.
|inactive|sopa de moscas has 30 seconds left.
|inactive|Zvhxii has 20 seconds left.
|inactive|sopa de moscas has 20 seconds left.
|
|t:|1783521903
|detailschange|p2a: Charizard|Charizard-Mega-Y, L50, M
|-mega|p2a: Charizard|Charizard|Charizardite Y
|-weather|SunnyDay|[from] ability: Drought|[of] p2a: Charizard
|move|p1b: Floette|Protect|p1b: Floette
|-singleturn|p1b: Floette|Protect
|move|p2a: Charizard|Heat Wave|p1a: Farigiraf|[spread] p1a
|-activate|p1b: Floette|move: Protect
|-damage|p1a: Farigiraf|42/100
|-enditem|p1a: Farigiraf|Sitrus Berry|[eat]
|-heal|p1a: Farigiraf|67/100|[from] item: Sitrus Berry
|move|p2b: Kingambit|Kowtow Cleave|p1a: Farigiraf
|-supereffective|p1a: Farigiraf|1
|-damage|p1a: Farigiraf|0 fnt
|faint|p1a: Farigiraf
|
|-weather|SunnyDay|[upkeep]
|upkeep
|
|t:|1783521915
|switch|p1a: Maushold|Maushold-Four, L50|100/100
|turn|3
|inactive|Zvhxii has 30 seconds left.
|inactive|Zvhxii has 20 seconds left.
|inactive|Zvhxii has 15 seconds left.
|inactive|Zvhxii has 10 seconds left.
|
|t:|1783521965
|move|p1b: Floette|Protect|p1b: Floette
|-singleturn|p1b: Floette|Protect
|move|p2b: Kingambit|Sucker Punch|p1a: Maushold
|-damage|p1a: Maushold|17/100
|move|p1a: Maushold|Population Bomb|p2a: Charizard
|-damage|p2a: Charizard|85/100
|-damage|p2a: Charizard|71/100
|-hitcount|p2a: Charizard|2
|move|p2a: Charizard|Heat Wave|p1a: Maushold|[spread] p1a
|-activate|p1b: Floette|move: Protect
|-damage|p1a: Maushold|0 fnt
|faint|p1a: Maushold
|
|-weather|SunnyDay|[upkeep]
|upkeep
|-message|sopa de moscas forfeited.
|
|win|Zvhxii
|l|☆sopa de moscas
|player|p1|
||sopa de moscas is ready for game 3.
|l|☆Zvhxii
|player|p2|
||Zvhxii is ready for game 3.
|uhtml|next|Next: Game 3 of 3
|j|☆sopa de moscas
|player|p1|sopa de moscas|miku-ghost|
