|j|☆HikariVT
|j|☆f81malla
|html|HikariVTf81malla    
|uhtml|bestof|Game 1 of a best-of-3
|t:|1783562006
|gametype|doubles
|player|p1|HikariVT|lillie-masters2|1153
|player|p2|f81malla|grimsley|1273
|gen|9
|tier|[Gen 9 Champions] VGC 2026 Reg M-B (Bo3)
|rated|
|rule|Species Clause: Limit one of each Pokémon
|rule|Item Clause: Limit 1 of each item
|clearpoke
|poke|p1|Charizard, L50, F|
|poke|p1|Excadrill, L50, M|
|poke|p1|Whimsicott, L50, F|
|poke|p1|Lycanroc-Dusk, L50, M|
|poke|p1|Toxapex, L50, F|
|poke|p1|Hydreigon, L50, F|
|poke|p2|Mawile, L50, M|
|poke|p2|Ceruledge, L50, F|
|poke|p2|Incineroar, L50, M|
|poke|p2|Raichu, L50, F|
|poke|p2|Milotic, L50, F|
|poke|p2|Sinistcha, L50, shiny|
|teampreview|4
|showteam|p1|Charizard||CharizarditeY|Blaze|Protect,HeatWave,SolarBeam,WeatherBall|Timid||F|||50|]Excadrill||Excadrite|SandRush|Protect,Earthquake,StompingTantrum,IronHead|Jolly||M|||50|]Whimsicott||FocusSash|Prankster|Protect,Tailwind,Moonblast,Encore|Timid||F|||50|]Lycanroc-Dusk||ExpertBelt|ToughClaws|Protect,CloseCombat,Accelerock,Taunt|Jolly||M|||50|]Toxapex||Leftovers|Regenerator|BanefulBunker,Infestation,Toxic,WideGuard|Sassy||F|||50|]Hydreigon||ChoiceScarf|Levitate|DracoMeteor,DarkPulse,Snarl,EarthPower|Modest||F|||50|
|showteam|p2|Mawile||Mawilite|HyperCutter|PlayRough,SuckerPunch,SwordsDance,Protect|Adamant||M|||50|]Ceruledge||ColburBerry|FlashFire|BitterBlade,BulkUp,ShadowSneak,Protect|Adamant||F|||50|]Incineroar||SitrusBerry|Intimidate|FlareBlitz,ThroatChop,PartingShot,FakeOut|Impish||M|||50|]Raichu||RaichuniteY|LightningRod|ZapCannon,FocusBlast,FakeOut,Protect|Timid||F|||50|]Milotic||Leftovers|Competitive|MuddyWater,Hypnosis,Coil,Protect|Calm||F|||50|]Sinistcha||KasibBerry|Hospitality|MatchaGotcha,LifeDew,RagePowder,Protect|Bold|||||50|
|inactive|Battle timer is ON: inactive players will automatically lose when time's up. (requested by f81malla)
|inactive|HikariVT also wants the timer to be on.
|inactive|HikariVT has 60 seconds left.
|c|☆f81malla|Where's tytar?
|inactive|HikariVT has 30 seconds left.
|c|☆HikariVT|At home
|inactive|HikariVT has 20 seconds left.
|c|☆f81malla|Poor XD
|inactive|HikariVT has 15 seconds left.
|
|t:|1783562085
|teamsize|p1|4
|teamsize|p2|4
|start
|switch|p1a: Hydreigon|Hydreigon, L50, F|100/100
|switch|p1b: Lycanroc|Lycanroc-Dusk, L50, M|100/100
|switch|p2a: Ceruledge|Ceruledge, L50, F|100/100
|switch|p2b: Incineroar|Incineroar, L50, M|100/100
|-ability|p2b: Incineroar|Intimidate|boost
|-unboost|p1a: Hydreigon|atk|1
|-unboost|p1b: Lycanroc|atk|1
|turn|1
|inactive|HikariVT has 30 seconds left.
|
|t:|1783562117
|switch|p2a: Milotic|Milotic, L50, F|100/100
|move|p1a: Hydreigon|Dark Pulse|p2a: Milotic
|-damage|p2a: Milotic|72/100
|move|p1b: Lycanroc|Taunt|p2a: Milotic
|-start|p2a: Milotic|move: Taunt
|move|p2b: Incineroar|Parting Shot|p1b: Lycanroc
|-unboost|p1b: Lycanroc|atk|1
|-unboost|p1b: Lycanroc|spa|1
|
|t:|1783562127
|switch|p2b: Raichu|Raichu, L50, F|100/100|[from] Parting Shot
|
|-heal|p2a: Milotic|78/100|[from] item: Leftovers
|upkeep
|turn|2
|
|t:|1783562145
|detailschange|p2b: Raichu|Raichu-Mega-Y, L50, F
|-mega|p2b: Raichu|Raichu|Raichunite Y
|move|p2b: Raichu|Fake Out|p1b: Lycanroc
|-resisted|p1b: Lycanroc|1
|-damage|p1b: Lycanroc|93/100
|cant|p1b: Lycanroc|flinch
|move|p1a: Hydreigon|Dark Pulse|p2b: Raichu
|-damage|p2b: Raichu|34/100
|move|p2a: Milotic|Muddy Water|p1b: Lycanroc|[spread] p1a
|-miss|p2a: Milotic|p1b: Lycanroc
|-resisted|p1a: Hydreigon|1
|-damage|p1a: Hydreigon|86/100
|
|-heal|p2a: Milotic|84/100|[from] item: Leftovers
|upkeep
|turn|3
|
|t:|1783562160
|switch|p1b: Toxapex|Toxapex, L50, F|100/100
|move|p1a: Hydreigon|Dark Pulse|p2b: Raichu
|-damage|p2b: Raichu|0 fnt
|faint|p2b: Raichu
|move|p2a: Milotic|Muddy Water|p1a: Hydreigon|[spread] p1b
|-miss|p2a: Milotic|p1a: Hydreigon
|-resisted|p1b: Toxapex|1
|-damage|p1b: Toxapex|92/100
|-unboost|p1b: Toxapex|accuracy|1
|
|-heal|p2a: Milotic|90/100|[from] item: Leftovers
|-heal|p1b: Toxapex|98/100|[from] item: Leftovers
|-end|p2a: Milotic|move: Taunt
|upkeep
|
|t:|1783562167
|switch|p2b: Incineroar|Incineroar, L50, M|100/100
|-ability|p2b: Incineroar|Intimidate|boost
|-unboost|p1a: Hydreigon|atk|1
|-unboost|p1b: Toxapex|atk|1
|turn|4
|
|t:|1783562179
|move|p2b: Incineroar|Fake Out|p1b: Toxapex
|-damage|p1b: Toxapex|89/100
|move|p1a: Hydreigon|Dark Pulse|p2a: Milotic
|-damage|p2a: Milotic|60/100
|move|p2a: Milotic|Coil|p2a: Milotic
|-boost|p2a: Milotic|atk|1
|-boost|p2a: Milotic|def|1
|-boost|p2a: Milotic|accuracy|1
|cant|p1b: Toxapex|flinch
|
|-heal|p2a: Milotic|66/100|[from] item: Leftovers
|-heal|p1b: Toxapex|95/100|[from] item: Leftovers
|upkeep
|turn|5
|
|t:|1783562193
|move|p1a: Hydreigon|Dark Pulse|p2a: Milotic
|-damage|p2a: Milotic|39/100
|move|p2a: Milotic|Hypnosis|p1a: Hydreigon
|-status|p1a: Hydreigon|slp|[from] move: Hypnosis
|move|p2b: Incineroar|Throat Chop|p1b: Toxapex
|-damage|p1b: Toxapex|71/100
|-start|p1b: Toxapex|Throat Chop|[silent]
|move|p1b: Toxapex|Toxic|p2a: Milotic
|-status|p2a: Milotic|tox
|
|-heal|p2a: Milotic|45/100 tox|[from] item: Leftovers
|-heal|p1b: Toxapex|77/100|[from] item: Leftovers
|-damage|p2a: Milotic|39/100 tox|[from] psn
|upkeep
|turn|6
|-message|f81malla forfeited.
|
|win|HikariVT
|l|☆f81malla
|player|p2|
||f81malla is ready for game 2.
||HikariVT is ready for game 2.
|uhtml|next|Next: Game 2 of 3
