|j|☆Bob Ravioli
|j|☆hexagonfoot
|html|Bob Raviolihexagonfoot    
|uhtml|bestof|Game 1 of a best-of-3
|t:|1756603393
|gametype|doubles
|player|p1|Bob Ravioli|steven|1141
|player|p2|hexagonfoot|caitlin|1210
|gen|9
|tier|[Gen 9] VGC 2025 Reg H (Bo3)
|rated|
|rule|Species Clause: Limit one of each Pokémon
|rule|Item Clause: Limit 1 of each item
|clearpoke
|poke|p1|Sneasler, L50, F|
|poke|p1|Indeedee, L50, M|
|poke|p1|Volcarona, L50, F|
|poke|p1|Ursaluna-Bloodmoon, L50, M|
|poke|p1|Annihilape, L50, F|
|poke|p1|Tyranitar, L50, M|
|poke|p2|Kingambit, L50, F|
|poke|p2|Primarina, L50, M|
|poke|p2|Sneasler, L50, M|
|poke|p2|Magmar, L50, F|
|poke|p2|Rillaboom, L50, M|
|poke|p2|Dragapult, L50, M|
|teampreview|4
|showteam|p1|Sneasler||PsychicSeed|Unburden|CloseCombat,DireClaw,ThroatChop,Protect|||F|||50|,,,,,Dark]Indeedee||ChoiceScarf|PsychicSurge|ExpandingForce,TeraBlast,Trick,Protect|||M|||50|,,,,,Psychic]Volcarona||SitrusBerry|FlameBody|Overheat,StruggleBug,RagePowder,Tailwind|||F|||50|,,,,,Grass]Ursaluna-Bloodmoon||LifeOrb|MindsEye|BloodMoon,HyperVoice,EarthPower,Protect|||M|||50|,,,,,Normal]Annihilape||SafetyGoggles|Defiant|CloseCombat,RageFist,Taunt,FinalGambit|||F|||50|,,,,,Fairy]Tyranitar||AssaultVest|SandStream|RockSlide,KnockOff,TeraBlast,LowKick|||M|||50|,,,,,Flying
|showteam|p2|Kingambit||BlackGlasses|Defiant|KowtowCleave,SuckerPunch,SwordsDance,Protect|||F|||50|,,,,,Ghost]Primarina||SitrusBerry|LiquidVoice|HyperVoice,Moonblast,Haze,Protect|||M|||50|,,,,,Water]Sneasler||FocusSash|PoisonTouch|CloseCombat,DireClaw,FakeOut,Protect|||M|||50|,,,,,Stellar]Magmar||Eviolite|VitalSpirit|Overheat,WillOWisp,FollowMe,Protect|||F|||50|,,,,,Ghost]Rillaboom||AssaultVest|GrassySurge|WoodHammer,GrassyGlide,HighHorsepower,FakeOut|||M|||50|,,,,,Fire]Dragapult||ChoiceBand|ClearBody|DragonDarts,PhantomForce,TeraBlast,Uturn|||M|||50|,,,,,Ghost
|inactive|Battle timer is ON: inactive players will automatically lose when time's up. (requested by Bob Ravioli)
|inactive|Bob Ravioli has 60 seconds left.
|inactive|hexagonfoot has 60 seconds left.
|inactive|Bob Ravioli has 30 seconds left.
|inactive|Bob Ravioli has 20 seconds left.
|inactive|Bob Ravioli has 15 seconds left.
|
|t:|1756603471
|teamsize|p1|4
|teamsize|p2|4
|start
|switch|p1a: Ursaluna|Ursaluna-Bloodmoon, L50, M|100/100
|switch|p1b: Annihilape|Annihilape, L50, F|100/100
|switch|p2a: Magmar|Magmar, L50, F|100/100
|switch|p2b: Dragapult|Dragapult, L50, M|100/100
|turn|1
|inactive|Bob Ravioli has 30 seconds left.
|inactive|hexagonfoot has 30 seconds left.
|inactive|Bob Ravioli has 20 seconds left.
|inactive|hexagonfoot has 20 seconds left.
|inactive|hexagonfoot has 15 seconds left.
|inactive|hexagonfoot has 10 seconds left.
|
|t:|1756603517
|move|p2b: Dragapult|Phantom Force||[still]
|-prepare|p2b: Dragapult|Phantom Force
|move|p1b: Annihilape|Rage Fist|p2b: Dragapult|[miss]
|-miss|p1b: Annihilape|p2b: Dragapult
|move|p2a: Magmar|Overheat|p1a: Ursaluna
|-damage|p1a: Ursaluna|39/100
|-unboost|p2a: Magmar|spa|2
|move|p1a: Ursaluna|Earth Power|p2a: Magmar
|-supereffective|p2a: Magmar
|-damage|p2a: Magmar|0 fnt
|faint|p2a: Magmar
|-damage|p1a: Ursaluna|29/100|[from] item: Life Orb
|
|upkeep
|
|t:|1756603539
|switch|p2a: Rillaboom|Rillaboom, L50, M|100/100
|-fieldstart|move: Grassy Terrain|[from] ability: Grassy Surge|[of] p2a: Rillaboom
|turn|2
|
|t:|1756603565
|switch|p1b: Indeedee|Indeedee, L50, M|100/100
|-fieldstart|move: Psychic Terrain|[from] ability: Psychic Surge|[of] p1b: Indeedee
|move|p1a: Ursaluna|Protect|p1a: Ursaluna
|-singleturn|p1a: Ursaluna|Protect
|move|p2b: Dragapult|Phantom Force|p1b: Indeedee|[from] lockedmove
|-immune|p1b: Indeedee
|move|p2a: Rillaboom|Grassy Glide|p1a: Ursaluna
|-activate|p1a: Ursaluna|move: Protect
|
|upkeep
|turn|3
|inactive|Bob Ravioli has 30 seconds left.
|inactive|Bob Ravioli has 20 seconds left.
|inactive|Bob Ravioli has 15 seconds left.
|inactive|Bob Ravioli has 10 seconds left.
|inactive|Bob Ravioli has 5 seconds left.
|
|t:|1756603620
|move|p1b: Indeedee|Expanding Force|p2b: Dragapult|[spread] p2a,p2b
|-damage|p2a: Rillaboom|59/100
|-damage|p2b: Dragapult|17/100
|move|p2b: Dragapult|Phantom Force||[still]
|-prepare|p2b: Dragapult|Phantom Force
|move|p2a: Rillaboom|Wood Hammer|p1a: Ursaluna
|-supereffective|p1a: Ursaluna
|-damage|p1a: Ursaluna|0 fnt
|faint|p1a: Ursaluna
|-damage|p2a: Rillaboom|50/100|[from] Recoil
|
|upkeep
|
|t:|1756603632
|switch|p1a: Sneasler|Sneasler, L50, F|100/100
|-enditem|p1a: Sneasler|Psychic Seed
|-boost|p1a: Sneasler|spd|1|[from] item: Psychic Seed
|turn|4
|inactive|Bob Ravioli has 30 seconds left.
|inactive|Bob Ravioli has 20 seconds left.
|inactive|Bob Ravioli has 15 seconds left.
|inactive|Bob Ravioli has 10 seconds left.
|inactive|hexagonfoot has 30 seconds left.
|inactive|Bob Ravioli has 5 seconds left.
|
|t:|1756603685
|-terastallize|p1a: Sneasler|Dark
|move|p1a: Sneasler|Close Combat|p2a: Rillaboom
|-damage|p2a: Rillaboom|0 fnt
|-unboost|p1a: Sneasler|def|1
|-unboost|p1a: Sneasler|spd|1
|faint|p2a: Rillaboom
|move|p1b: Indeedee|Expanding Force|p2b: Dragapult|[miss]
|-miss|p1b: Indeedee|p2b: Dragapult
|move|p2b: Dragapult|Phantom Force|p1a: Sneasler|[from] lockedmove
|-resisted|p1a: Sneasler
|-damage|p1a: Sneasler|11/100
|
|upkeep
|-message|hexagonfoot forfeited.
|
|win|Bob Ravioli
||Bob Ravioli is ready for game 2.
||hexagonfoot is ready for game 2.
|uhtml|next|Next: Game 2 of 3
