|j|☆HappyRook
|j|☆fergalhopper
|html|HappyRookfergalhopper    
|uhtml|bestof|Game 1 of a best-of-3
|t:|1784756550
|gametype|doubles
|player|p1|HappyRook|pokemonranger-gen4|1027
|player|p2|fergalhopper|1|1000
|gen|9
|tier|[Gen 9 Champions] VGC 2026 Reg M-B (Bo3)
|rated|
|rule|Species Clause: Limit one of each Pokémon
|rule|Item Clause: Limit 1 of each item
|clearpoke
|poke|p1|Gliscor, L50, M, shiny|
|poke|p1|Archaludon, L50, M|
|poke|p1|Sableye, L50, M|
|poke|p1|Whimsicott, L50, M, shiny|
|poke|p1|Swampert, L50, F|
|poke|p1|Grimmsnarl, L50, M, shiny|
|poke|p2|Blaziken, L50, M|
|poke|p2|Whimsicott, L50, F|
|poke|p2|Maushold-Four, L50|
|poke|p2|Gholdengo, L50|
|poke|p2|Tsareena, L50, F|
|poke|p2|Annihilape, L50, M|
|teampreview|4
|showteam|p1|Gliscor||YacheBerry|HyperCutter|KnockOff,Tailwind,HighHorsepower,PoisonJab|Jolly||M|||50|]Archaludon||Leftovers|Stamina|AuraSphere,ElectroShot,FlashCannon,Protect|Modest||M|||50|]Sableye||FocusSash|Prankster|RainDance,FakeOut,SuckerPunch,WillOWisp|Serious||M|||50|]Whimsicott||OccaBerry|Prankster|Protect,Tailwind,DazzlingGleam,Encore|Modest||M|||50|]Swampert||Swampertite|Torrent|Protect,FlipTurn,HighHorsepower,Waterfall|Serious||F|||50|]Grimmsnarl||LightClay|Prankster|FakeOut,PartingShot,SpiritBreak,Reflect|Adamant||M|||50|
|showteam|p2|Blaziken||Blazikenite|SpeedBoost|FlareBlitz,CloseCombat,RockSlide,Protect|Adamant||M|||50|]Whimsicott||FocusSash|Prankster|Moonblast,Tailwind,Charm,Protect|Timid||F|||50|]Maushold-Four||WideLens|Technician|Protect,PopulationBomb,FollowMe,Feint|Adamant|||||50|]Gholdengo||LifeOrb|GoodasGold|MakeItRain,ShadowBall,NastyPlot,Protect|Modest|||||50|]Tsareena||LightClay|QueenlyMajesty|TropKick,LightScreen,Reflect,Taunt|Careful||F|||50|]Annihilape||SitrusBerry|Defiant|PhantomForce,CloseCombat,RockTomb,Protect|Adamant||M|||50|
|
|t:|1784756622
|teamsize|p1|4
|teamsize|p2|4
|start
|switch|p1a: Whimsicott|Whimsicott, L50, M, shiny|100/100
|switch|p1b: Grimmsnarl|Grimmsnarl, L50, M, shiny|100/100
|switch|p2a: Tsareena|Tsareena, L50, F|100/100
|switch|p2b: Gholdengo|Gholdengo, L50|100/100
|turn|1
|
|t:|1784756661
|move|p1a: Whimsicott|Tailwind|p1a: Whimsicott
|-sidestart|p1: HappyRook|move: Tailwind
|move|p1b: Grimmsnarl|Parting Shot||[still]
|cant|p2a: Tsareena|ability: Queenly Majesty|Parting Shot|[of] p1b: Grimmsnarl
|move|p2b: Gholdengo|Make It Rain|p1a: Whimsicott|[spread] p1a,p1b
|-supereffective|p1a: Whimsicott|1
|-supereffective|p1b: Grimmsnarl|1
|-damage|p1a: Whimsicott|0 fnt
|-damage|p1b: Grimmsnarl|0 fnt
|-unboost|p2b: Gholdengo|spa|2
|faint|p1a: Whimsicott
|faint|p1b: Grimmsnarl
|-damage|p2b: Gholdengo|90/100|[from] item: Life Orb
|move|p2a: Tsareena|Light Screen|p2a: Tsareena
|-sidestart|p2: fergalhopper|move: Light Screen
|
|upkeep
|
|t:|1784756676
|switch|p1a: Sableye|Sableye, L50, M|100/100
|switch|p1b: Swampert|Swampert, L50, F|100/100
|turn|2
|
|t:|1784756733
|move|p1b: Swampert|Protect|p1b: Swampert
|-singleturn|p1b: Swampert|Protect
|move|p2b: Gholdengo|Protect|p2b: Gholdengo
|-singleturn|p2b: Gholdengo|Protect
|move|p1a: Sableye|Sucker Punch||[still]
|cant|p2a: Tsareena|ability: Queenly Majesty|Sucker Punch|[of] p1a: Sableye
|move|p2a: Tsareena|Trop Kick|p1b: Swampert
|-activate|p1b: Swampert|move: Protect
|
|upkeep
|turn|3
|c|☆HappyRook|Ggs
|
|t:|1784756777
|switch|p2b: Whimsicott|Whimsicott, L50, F|100/100
|detailschange|p1b: Swampert|Swampert-Mega, L50, F
|-mega|p1b: Swampert|Swampert|Swampertite
|move|p1a: Sableye|Will-O-Wisp||[still]
|cant|p2a: Tsareena|ability: Queenly Majesty|Will-O-Wisp|[of] p1a: Sableye
|move|p1b: Swampert|High Horsepower|p2b: Whimsicott
|-resisted|p2b: Whimsicott|1
|-damage|p2b: Whimsicott|63/100
|move|p2a: Tsareena|Trop Kick|p1b: Swampert
|-supereffective|p1b: Swampert|2
|-damage|p1b: Swampert|0 fnt
|faint|p1b: Swampert
|
|upkeep
|turn|4
|
|t:|1784756802
|move|p1a: Sableye|Rain Dance|p1a: Sableye
|-weather|RainDance
|move|p2b: Whimsicott|Moonblast|p1a: Sableye
|-supereffective|p1a: Sableye|1
|-enditem|p1a: Sableye|Focus Sash
|-damage|p1a: Sableye|1/100
|move|p2a: Tsareena|Trop Kick|p1a: Sableye
|-damage|p1a: Sableye|0 fnt
|faint|p1a: Sableye
|
|win|fergalhopper
|inactive|HappyRook has 30 seconds to confirm battle start!
|inactive|fergalhopper has 30 seconds to confirm battle start!
||fergalhopper is ready for game 2.
|inactive|HappyRook has 20 seconds to confirm battle start!
|inactive|HappyRook has 10 seconds to confirm battle start!
|raw|HappyRook's rating: 1027 → 1012(-15 for losing)
|raw|fergalhopper's rating: 1000 → 1043(+43 for winning)
|l|☆HappyRook
|player|p1|
