|j|☆OhNoValentine
|j|☆Drydau
|html|OhNoValentineDrydau    
|uhtml|bestof|Game 2 of a best-of-3
|t:|1756397022
|gametype|doubles
|player|p1|OhNoValentine|101|1000
|player|p2|Drydau|guitarist|1063
|gen|9
|tier|[Gen 9] VGC 2025 Reg H (Bo3)
|rated|
|rule|Species Clause: Limit one of each Pokémon
|rule|Item Clause: Limit 1 of each item
|clearpoke
|poke|p1|Primarina, L50, M|
|poke|p1|Garchomp, L50, M|
|poke|p1|Gholdengo, L50|
|poke|p1|Talonflame, L50, F|
|poke|p1|Tyranitar, L50, F|
|poke|p1|Amoonguss, L50, F|
|poke|p2|Typhlosion-Hisui, L50, F|
|poke|p2|Whimsicott, L50, M|
|poke|p2|Weezing-Galar, L50, F|
|poke|p2|Garchomp, L50, M|
|poke|p2|Indeedee, L50, M|
|poke|p2|Electabuzz, L50, F|
|teampreview|4
|showteam|p1|Primarina||ThroatSpray|LiquidVoice|Haze,Moonblast,Protect,HyperVoice|||M|||50|,,,,,Steel]Garchomp||LifeOrb|SandVeil|Protect,Earthquake,StompingTantrum,DragonClaw|||M|||50|,,,,,Fire]Gholdengo||MetalCoat|GoodasGold|Protect,NastyPlot,ShadowBall,MakeItRain||||||50|,,,,,Flying]Talonflame||CovertCloak|GaleWings|BraveBird,Tailwind,WillOWisp,Taunt|||F|||50|,,,,,Flying]Tyranitar||AssaultVest|SandStream|KnockOff,TeraBlast,LowKick,RockSlide|||F|||50|,,,,,Flying]Amoonguss||SitrusBerry|Regenerator|RagePowder,Spore,PollenPuff,Protect|||F|||50|,,,,,Water
|showteam|p2|Typhlosion-Hisui||ChoiceSpecs|Blaze|Overheat,Eruption,HeatWave,ShadowBall|||F|||50|,,,,,Fire]Whimsicott||CovertCloak|Prankster|SunnyDay,Tailwind,Moonblast,Taunt|||M|||50|,,,,,Fire]Weezing-Galar||MentalHerb|NeutralizingGas|DazzlingGleam,SludgeWave,SludgeBomb,Protect|||F|||50|,,,,,Poison]Garchomp||LifeOrb|RoughSkin|StompingTantrum,RockSlide,DragonClaw,Protect|||M|||50|,,,,,Steel]Indeedee||FocusSash|PsychicSurge|TeraBlast,ExpandingForce,DazzlingGleam,Protect|||M|||50|,,,,,Fighting]Electabuzz||Eviolite|VitalSpirit|FollowMe,Taunt,Electroweb,Protect|||F|||50|,,,,,Electric
|inactive|Battle timer is ON: inactive players will automatically lose when time's up. (requested by OhNoValentine)
|
|t:|1756397066
|teamsize|p1|4
|teamsize|p2|4
|start
|switch|p1a: Garchomp|Garchomp, L50, M|100/100
|switch|p1b: Talonflame|Talonflame, L50, F|100/100
|switch|p2a: Electabuzz|Electabuzz, L50, F|100/100
|switch|p2b: Indeedee|Indeedee, L50, M|100/100
|-fieldstart|move: Psychic Terrain|[from] ability: Psychic Surge|[of] p2b: Indeedee
|turn|1
|inactive|Drydau has 30 seconds left.
|inactive|Drydau has 20 seconds left.
|inactive|Drydau has 15 seconds left.
|inactive|Drydau has 10 seconds left.
|inactive|Drydau has 5 seconds left.
|
|t:|1756397121
|move|p2a: Electabuzz|Follow Me|p2a: Electabuzz
|-singleturn|p2a: Electabuzz|move: Follow Me
|move|p1b: Talonflame|Tailwind|p1b: Talonflame
|-sidestart|p1: OhNoValentine|move: Tailwind
|move|p1a: Garchomp|Earthquake|p2a: Electabuzz|[spread] p2a,p2b
|-immune|p1b: Talonflame
|-supereffective|p2a: Electabuzz
|-damage|p2a: Electabuzz|22/100
|-enditem|p2b: Indeedee|Focus Sash
|-damage|p2b: Indeedee|1/100
|-damage|p1a: Garchomp|91/100|[from] item: Life Orb
|move|p2b: Indeedee|Tera Blast|p1b: Talonflame
|-damage|p1b: Talonflame|48/100
|
|upkeep
|turn|2
|-message|Drydau forfeited.
|
|win|OhNoValentine
|raw|OhNoValentine's rating: 1000 → 1047(+47 for winning)
|raw|Drydau's rating: 1063 → 1040(-23 for losing)
