|j|☆WumblesNSuch
|j|☆nyakugan
|html|WumblesNSuchnyakugan    
|uhtml|bestof|Game 2 of a best-of-3
|t:|1756487297
|gametype|doubles
|player|p1|WumblesNSuch|101|1136
|player|p2|nyakugan|psychic|1179
|gen|9
|tier|[Gen 9] VGC 2025 Reg H (Bo3)
|rated|
|rule|Species Clause: Limit one of each Pokémon
|rule|Item Clause: Limit 1 of each item
|clearpoke
|poke|p1|Charizard, L50, M|
|poke|p1|Torkoal, L50, F|
|poke|p1|Porygon2, L50|
|poke|p1|Incineroar, L50, F|
|poke|p1|Jumpluff, L50, F|
|poke|p1|Ursaluna, L50, F|
|poke|p2|Typhlosion-Hisui, L50, M|
|poke|p2|Whimsicott, L50, M|
|poke|p2|Ursaluna-Bloodmoon, L50, M|
|poke|p2|Annihilape, L50, F|
|poke|p2|Farigiraf, L50, F|
|poke|p2|Electabuzz, L50, M|
|teampreview|4
|showteam|p1|Charizard||ChoiceSpecs|SolarPower|HeatWave,Overheat,WeatherBall,AirSlash|||M|||50|,,,,,Ghost]Torkoal||EjectPack|Drought|Eruption,Overheat,HelpingHand,Protect|||F|||50|,,,,,Fire]Porygon2||Eviolite|Download|TeraBlast,IceBeam,Recover,TrickRoom||||||50|,,,,,Fighting]Incineroar||SitrusBerry|Intimidate|FlareBlitz,KnockOff,FakeOut,PartingShot|||F|||50|,,,,,Ghost]Jumpluff||CovertCloak|Chlorophyll|SleepPowder,SunnyDay,RagePowder,Tailwind|||F|||50|,,,,,Water]Ursaluna||FlameOrb|Guts|HeadlongRush,Facade,Earthquake,Protect|||F|||50|,,,,,Ghost
|showteam|p2|Typhlosion-Hisui||ChoiceSpecs|Blaze|Eruption,HeatWave,ShadowBall,Overheat|||M|||50|,,,,,Fire]Whimsicott||CovertCloak|Prankster|Tailwind,BeatUp,Moonblast,SunnyDay|||M|||50|,,,,,Dark]Ursaluna-Bloodmoon||LifeOrb|MindsEye|Protect,BloodMoon,EarthPower,HyperVoice|||M|||50|,,,,,Normal]Annihilape||AssaultVest|Defiant|RageFist,DrainPunch,FinalGambit,CloseCombat|||F|||50|,,,,,Fire]Farigiraf||RockyHelmet|ArmorTail|Protect,Psychic,HelpingHand,TrickRoom|||F|||50|,,,,,Dragon]Electabuzz||Eviolite|VitalSpirit|FollowMe,Protect,Electroweb,Taunt|||M|||50|,,,,,Ghost
|
|t:|1756487340
|teamsize|p1|4
|teamsize|p2|4
|start
|switch|p1a: Jumpluff|Jumpluff, L50, F|100/100
|switch|p1b: Torkoal|Torkoal, L50, F|100/100
|switch|p2a: Electabuzz|Electabuzz, L50, M, shiny|100/100
|switch|p2b: Ursaluna|Ursaluna-Bloodmoon, L50, M|100/100
|-weather|SunnyDay|[from] ability: Drought|[of] p1b: Torkoal
|turn|1
|
|t:|1756487358
|move|p1b: Torkoal|Protect|p1b: Torkoal
|-singleturn|p1b: Torkoal|Protect
|move|p2a: Electabuzz|Follow Me|p2a: Electabuzz
|-singleturn|p2a: Electabuzz|move: Follow Me
|move|p1a: Jumpluff|Tailwind|p1a: Jumpluff
|-sidestart|p1: WumblesNSuch|move: Tailwind
|move|p2b: Ursaluna|Blood Moon|p1a: Jumpluff
|-damage|p1a: Jumpluff|0 fnt
|faint|p1a: Jumpluff
|-damage|p2b: Ursaluna|91/100|[from] item: Life Orb
|
|-weather|SunnyDay|[upkeep]
|upkeep
|
|t:|1756487368
|switch|p1a: Charizard|Charizard, L50, M|100/100
|turn|2
|
|t:|1756487391
|move|p1b: Torkoal|Helping Hand|p1a: Charizard
|-singleturn|p1a: Charizard|Helping Hand|[of] p1b: Torkoal
|move|p2b: Ursaluna|Protect|p2b: Ursaluna
|-singleturn|p2b: Ursaluna|Protect
|move|p1a: Charizard|Heat Wave|p2a: Electabuzz|[spread] p2a
|-activate|p2b: Ursaluna|move: Protect
|-damage|p2a: Electabuzz|0 fnt
|faint|p2a: Electabuzz
|
|-weather|SunnyDay|[upkeep]
|-damage|p1a: Charizard|88/100|[from] ability: Solar Power|[of] p1a: Charizard
|upkeep
|
|t:|1756487405
|switch|p2a: Whimsicott|Whimsicott, L50, M, shiny|100/100
|turn|3
|l|☆WumblesNSuch
|player|p1|
|j|☆WumblesNSuch
|player|p1|WumblesNSuch|101|
|
|t:|1756487451
|move|p1b: Torkoal|Helping Hand|p1a: Charizard
|-singleturn|p1a: Charizard|Helping Hand|[of] p1b: Torkoal
|move|p2a: Whimsicott|Tailwind|p2a: Whimsicott
|-sidestart|p2: nyakugan|move: Tailwind
|move|p1a: Charizard|Heat Wave|p2b: Ursaluna|[spread] p2a,p2b
|-supereffective|p2a: Whimsicott
|-damage|p2a: Whimsicott|0 fnt
|-damage|p2b: Ursaluna|0 fnt
|faint|p2a: Whimsicott
|faint|p2b: Ursaluna
|
|-weather|SunnyDay|[upkeep]
|-damage|p1a: Charizard|76/100|[from] ability: Solar Power|[of] p1a: Charizard
|upkeep
|
|t:|1756487462
|switch|p2a: Typhlosion|Typhlosion-Hisui, L50, M|100/100
|turn|4
|
|t:|1756487472
|-terastallize|p2a: Typhlosion|Fire
|move|p1a: Charizard|Heat Wave|p2a: Typhlosion
|-resisted|p2a: Typhlosion
|-damage|p2a: Typhlosion|0 fnt
|faint|p2a: Typhlosion
|
|win|WumblesNSuch
|raw|WumblesNSuch's rating: 1136 → 1164(+28 for winning)
|raw|nyakugan's rating: 1179 → 1151(-28 for losing)
