|j|☆JCosio
|j|☆Glimme
|html|JCosioGlimme    
|uhtml|bestof|Game 1 of a best-of-3
|t:|1782459643
|gametype|doubles
|player|p1|JCosio|170|1086
|player|p2|Glimme|102|1133
|gen|9
|tier|[Gen 9 Champions] VGC 2026 Reg M-B (Bo3)
|rated|
|rule|Species Clause: Limit one of each Pokémon
|rule|Item Clause: Limit 1 of each item
|clearpoke
|poke|p1|Charizard, L50, M|
|poke|p1|Farigiraf, L50, F|
|poke|p1|Whimsicott, L50, M|
|poke|p1|Mawile, L50, F|
|poke|p1|Basculegion, L50, M|
|poke|p1|Garchomp, L50, M|
|poke|p2|Garchomp, L50, M, shiny|
|poke|p2|Charizard, L50, M, shiny|
|poke|p2|Whimsicott, L50, M, shiny|
|poke|p2|Farigiraf, L50, M, shiny|
|poke|p2|Basculegion, L50, M, shiny|
|poke|p2|Sylveon, L50, M, shiny|
|teampreview|4
|showteam|p1|Charizard||CharizarditeY|Blaze|Protect,HeatWave,WeatherBall,SolarBeam|Modest||M|||50|]Farigiraf||SitrusBerry|ArmorTail|Roar,PsychicFangs,Thunderbolt,TrickRoom|Bold||F|||50|]Whimsicott||FocusSash|Prankster|SunnyDay,Tailwind,Moonblast,Encore|Timid||M|||50|]Mawile||Mawilite|HyperCutter|Protect,SuckerPunch,PlayRough,RockSlide|Adamant||F|||50|]Basculegion||MysticWater|Adaptability|Protect,AquaJet,LastRespects,WaveCrash|Adamant||M|||50|]Garchomp||LifeOrb|RoughSkin|StompingTantrum,RockSlide,DragonClaw,Protect|Jolly||M|||50|
|showteam|p2|Garchomp||LifeOrb|RoughSkin|Earthquake,DragonClaw,RockSlide,Protect|Jolly||M|||50|]Charizard||CharizarditeY|SolarPower|HeatWave,WeatherBall,SolarBeam,Protect|Modest||M|||50|]Whimsicott||CobaBerry|Prankster|Moonblast,Tailwind,Encore,Protect|Timid||M|||50|]Farigiraf||SitrusBerry|ArmorTail|TwinBeam,FoulPlay,HelpingHand,TrickRoom|Bold||M|||50|]Basculegion||MysticWater|Adaptability|WaveCrash,LastRespects,AquaJet,Protect|Jolly||M|||50|]Sylveon||FairyFeather|Pixilate|HyperVoice,HyperBeam,QuickAttack,Detect|Modest||M|||50|
|inactive|Battle timer is ON: inactive players will automatically lose when time's up. (requested by Glimme)
|inactive|JCosio has 60 seconds left.
|inactive|Glimme has 60 seconds left.
|inactive|Glimme has 30 seconds left.
|inactive|Glimme has 20 seconds left.
|inactive|Glimme has 15 seconds left.
|inactive|Glimme has 10 seconds left.
|
|t:|1782459728
|teamsize|p1|4
|teamsize|p2|4
|start
|switch|p1a: Farigiraf|Farigiraf, L50, F|100/100
|switch|p1b: Basculegion|Basculegion, L50, M|100/100
|switch|p2a: Basculegion|Basculegion, L50, M, shiny|100/100
|switch|p2b: Whimsicott|Whimsicott, L50, M, shiny|100/100
|turn|1
|inactive|JCosio has 30 seconds left.
|inactive|JCosio has 20 seconds left.
|inactive|JCosio has 15 seconds left.
|
|t:|1782459773
|move|p1b: Basculegion|Protect|p1b: Basculegion
|-singleturn|p1b: Basculegion|Protect
|move|p2b: Whimsicott|Moonblast|p1a: Farigiraf
|-damage|p1a: Farigiraf|69/100
|move|p2a: Basculegion|Wave Crash|p1a: Farigiraf
|-damage|p1a: Farigiraf|0 fnt
|faint|p1a: Farigiraf
|-damage|p2a: Basculegion|76/100|[from] Recoil
|
|upkeep
|
|t:|1782459785
|switch|p1a: Mawile|Mawile, L50, F|100/100
|turn|2
|inactive|JCosio has 30 seconds left.
|
|t:|1782459815
|detailschange|p1a: Mawile|Mawile-Mega, L50, F
|-mega|p1a: Mawile|Mawile|Mawilite
|move|p2a: Basculegion|Protect|p2a: Basculegion
|-singleturn|p2a: Basculegion|Protect
|move|p2b: Whimsicott|Encore|p1b: Basculegion
|-start|p1b: Basculegion|Encore
|move|p1b: Basculegion|Protect||[still]
|-fail|p1b: Basculegion
|move|p1a: Mawile|Sucker Punch||[still]
|-fail|p1a: Mawile
|
|upkeep
|turn|3
|
|t:|1782459833
|switch|p2b: Farigiraf|Farigiraf, L50, M, shiny|100/100
|move|p1b: Basculegion|Protect|p1b: Basculegion
|-singleturn|p1b: Basculegion|Protect
|move|p1a: Mawile|Sucker Punch||[still]
|cant|p2b: Farigiraf|ability: Armor Tail|Sucker Punch|[of] p1a: Mawile
|move|p2a: Basculegion|Wave Crash|p1a: Mawile
|-damage|p1a: Mawile|17/100
|-damage|p2a: Basculegion|54/100|[from] Recoil
|
|upkeep
|turn|4
|-message|JCosio forfeited.
|
|win|Glimme
