|j|☆da poyo
|j|☆jiaco5
|html|da poyojiaco5    
|uhtml|bestof|Game 1 of a best-of-3
|t:|1783998586
|gametype|doubles
|player|p1|da poyo|101|1187
|player|p2|jiaco5|102|1263
|gen|9
|tier|[Gen 9 Champions] VGC 2026 Reg M-B (Bo3)
|rated|
|rule|Species Clause: Limit one of each Pokémon
|rule|Item Clause: Limit 1 of each item
|clearpoke
|poke|p1|Aerodactyl, L50, F, shiny|
|poke|p1|Kingambit, L50, F, shiny|
|poke|p1|Charizard, L50, M, shiny|
|poke|p1|Garchomp, L50, F, shiny|
|poke|p1|Farigiraf, L50, F, shiny|
|poke|p1|Sylveon, L50, M, shiny|
|poke|p2|Blastoise, L50, F|
|poke|p2|Sinistcha, L50|
|poke|p2|Delphox, L50, F|
|poke|p2|Sneasler, L50, F|
|poke|p2|Incineroar, L50, M|
|poke|p2|Kingambit, L50, F|
|teampreview|4
|showteam|p1|Aerodactyl||Aerodactylite|Unnerve|Tailwind,DualWingbeat,RockSlide,WideGuard|Jolly||F|||50|]Kingambit||FocusSash|Defiant|KowtowCleave,SuckerPunch,IronHead,LowKick|Adamant||F|||50|]Charizard||CharizarditeY|Blaze|HeatWave,Protect,SolarBeam,WeatherBall|Modest||M|||50|]Garchomp||LifeOrb|RoughSkin|Earthquake,Protect,DragonClaw,RockSlide|Jolly||F|||50|]Farigiraf||SitrusBerry|ArmorTail|TrickRoom,Psychic,AllySwitch,HelpingHand|Calm||F|||50|]Sylveon||FairyFeather|Pixilate|HyperBeam,HyperVoice,QuickAttack,Protect|Modest||M|||50|
|showteam|p2|Blastoise||Blastoisinite|RainDish|WaterSpout,DarkPulse,ShellSmash,Protect|Modest||F|||50|]Sinistcha||OccaBerry|Hospitality|MatchaGotcha,TrickRoom,RagePowder,Protect|Relaxed|||||50|]Delphox||Delphoxite|Blaze|HeatWave,Psyshock,NastyPlot,Protect|Timid||F|||50|]Sneasler||FocusSash|PoisonTouch|CloseCombat,DireClaw,FakeOut,QuickGuard|Jolly||F|||50|]Incineroar||SitrusBerry|Intimidate|FlareBlitz,FakeOut,ThroatChop,PartingShot|Impish||M|||50|]Kingambit||BlackGlasses|Defiant|KowtowCleave,SuckerPunch,SwordsDance,Protect|Adamant||F|||50|
|
|t:|1783998625
|teamsize|p1|4
|teamsize|p2|4
|start
|switch|p1a: Aerodactyl|Aerodactyl, L50, F, shiny|100/100
|switch|p1b: Kingambit|Kingambit, L50, F, shiny|100/100
|switch|p2a: Blastoise|Blastoise, L50, F|100/100
|switch|p2b: Sinistcha|Sinistcha, L50|100/100
|-ability|p1a: Aerodactyl|Unnerve
|turn|1
|inactive|Battle timer is ON: inactive players will automatically lose when time's up. (requested by jiaco5)
|
|t:|1783998654
|detailschange|p2a: Blastoise|Blastoise-Mega, L50, F
|-mega|p2a: Blastoise|Blastoise|Blastoisinite
|move|p1a: Aerodactyl|Wide Guard|p1a: Aerodactyl
|-singleturn|p1a: Aerodactyl|Wide Guard
|move|p2b: Sinistcha|Rage Powder|p2b: Sinistcha
|-singleturn|p2b: Sinistcha|move: Rage Powder
|move|p2a: Blastoise|Water Spout|p1a: Aerodactyl|[spread] 
|-activate|p1a: Aerodactyl|move: Wide Guard
|-activate|p1b: Kingambit|move: Wide Guard
|move|p1b: Kingambit|Kowtow Cleave|p2b: Sinistcha
|-supereffective|p2b: Sinistcha|1
|-damage|p2b: Sinistcha|14/100
|
|upkeep
|turn|2
|inactive|da poyo has 30 seconds left.
|
|t:|1783998687
|detailschange|p1a: Aerodactyl|Aerodactyl-Mega, L50, F, shiny
|-mega|p1a: Aerodactyl|Aerodactyl|Aerodactylite
|move|p2b: Sinistcha|Rage Powder|p2b: Sinistcha
|-singleturn|p2b: Sinistcha|move: Rage Powder
|move|p1a: Aerodactyl|Rock Slide|p2a: Blastoise|[spread] p2a,p2b
|-damage|p2a: Blastoise|68/100
|-damage|p2b: Sinistcha|0 fnt
|faint|p2b: Sinistcha
|cant|p2a: Blastoise|flinch
|move|p1b: Kingambit|Kowtow Cleave|p2a: Blastoise
|-damage|p2a: Blastoise|18/100
|
|upkeep
|-message|jiaco5 forfeited.
|
|win|da poyo
||jiaco5 is ready for game 2.
|l|☆da poyo
|player|p1|
||da poyo is ready for game 2.
|uhtml|next|Next: Game 2 of 3
