|j|☆lordtentacle69
|j|☆torchflamebot
|html|lordtentacle69torchflamebot    
|uhtml|bestof|Game 1 of a best-of-3
|t:|1782966936
|gametype|doubles
|player|p1|lordtentacle69|corbeau|1040
|player|p2|torchflamebot|gardenia-masters|1017
|gen|9
|tier|[Gen 9 Champions] VGC 2026 Reg M-B (Bo3)
|rated|
|rule|Species Clause: Limit one of each Pokémon
|rule|Item Clause: Limit 1 of each item
|clearpoke
|poke|p1|Aerodactyl, L50, F|
|poke|p1|Charizard, L50, F|
|poke|p1|Kingambit, L50, M|
|poke|p1|Sylveon, L50, M|
|poke|p1|Farigiraf, L50, M|
|poke|p1|Garchomp, L50, F|
|poke|p2|Maushold, L50|
|poke|p2|Sableye, L50, M|
|poke|p2|Gengar, L50, F|
|poke|p2|Greninja, L50, F|
|poke|p2|Flapple, L50, F|
|poke|p2|Lycanroc-Dusk, L50, M|
|teampreview|4
|showteam|p1|Aerodactyl||Aerodactylite|Unnerve|RockSlide,DualWingbeat,IceFang,Tailwind|Jolly||F|||50|]Charizard||CharizarditeY|Blaze|HeatWave,Protect,SolarBeam,WeatherBall|Modest||F|||50|]Kingambit||FocusSash|Defiant|KowtowCleave,SuckerPunch,LowKick,IronHead|Adamant||M|||50|]Sylveon||FairyFeather|Pixilate|HyperVoice,HyperBeam,QuickAttack,Protect|Modest||M|||50|]Farigiraf||SitrusBerry|ArmorTail|Psychic,Protect,TrickRoom,Thunderbolt|Bold||M|||50|]Garchomp||LifeOrb|RoughSkin|Earthquake,StompingTantrum,DragonClaw,Protect|Jolly||F|||50|
|showteam|p2|Maushold||SilkScarf|Technician|PopulationBomb,Encore,Protect,FollowMe|Jolly|||||50|]Sableye||RoseliBerry|Prankster|Encore,Quash,Gravity,KnockOff|Impish||M|||50|]Gengar||Gengarite|CursedBody|Hypnosis,FocusBlast,PerishSong,Protect|Timid||F|||50|]Greninja||Greninjite|Protean|HydroPump,Blizzard,Protect,SludgeWave|Timid||F|||50|]Flapple||ChoiceScarf|Hustle|DragonRush,GravApple,Uturn,DualWingbeat|Serious||F|||50|]Lycanroc-Dusk||FocusSash|ToughClaws|RockSlide,QuickGuard,Accelerock,CloseCombat|Jolly||M|||50|
|inactive|Battle timer is ON: inactive players will automatically lose when time's up. (requested by torchflamebot)
|inactive|lordtentacle69 has 60 seconds left.
|inactive|torchflamebot has 60 seconds left.
|inactive|lordtentacle69 has 30 seconds left.
|
|t:|1782967000
|teamsize|p1|4
|teamsize|p2|4
|start
|switch|p1a: Charizard|Charizard, L50, F|100/100
|switch|p1b: Kingambit|Kingambit, L50, M|100/100
|switch|p2a: Sableye|Sableye, L50, M|100/100
|switch|p2b: Gengar|Gengar, L50, F|100/100
|turn|1
|inactive|torchflamebot has 30 seconds left.
|inactive|torchflamebot has 20 seconds left.
|inactive|torchflamebot has 15 seconds left.
|inactive|torchflamebot has 10 seconds left.
|inactive|torchflamebot has 5 seconds left.
|
|t:|1782967056
|detailschange|p1a: Charizard|Charizard-Mega-Y, L50, F
|-mega|p1a: Charizard|Charizard|Charizardite Y
|-weather|SunnyDay|[from] ability: Drought|[of] p1a: Charizard
|move|p1b: Kingambit|Sucker Punch||[still]
|-fail|p1b: Kingambit
|move|p2a: Sableye|Encore|p1b: Kingambit
|-hint|Since gen 7, Dark is immune to Prankster moves.
|-immune|p1b: Kingambit
|move|p2b: Gengar|Hypnosis|p1b: Kingambit|[miss]
|-miss|p2b: Gengar|p1b: Kingambit
|move|p1a: Charizard|Heat Wave|p2a: Sableye|[spread] p2a,p2b
|-crit|p2b: Gengar
|-damage|p2a: Sableye|13/100
|-damage|p2b: Gengar|0 fnt
|faint|p2b: Gengar
|
|-weather|SunnyDay|[upkeep]
|upkeep
|-message|torchflamebot forfeited.
|
|win|lordtentacle69
|l|☆torchflamebot
|player|p2|
|raw|lordtentacle69's rating: 1040 → 1072(+32 for winning)
|raw|torchflamebot's rating: 1017 → 1005(-12 for losing)
