|j|☆klear.mbc
|j|☆KaiserBN1
|html|klear.mbcKaiserBN1    
|uhtml|bestof|Game 2 of a best-of-3
|t:|1756585108
|gametype|doubles
|player|p1|klear.mbc|1|1000
|player|p2|KaiserBN1|n|1107
|gen|9
|tier|[Gen 9] VGC 2025 Reg H (Bo3)
|rated|
|rule|Species Clause: Limit one of each Pokémon
|rule|Item Clause: Limit 1 of each item
|clearpoke
|poke|p1|Ursaluna-Bloodmoon, L50, M|
|poke|p1|Porygon2, L50|
|poke|p1|Amoonguss, L50, F|
|poke|p1|Incineroar, L50, M|
|poke|p1|Dragapult, L50, M|
|poke|p1|Sneasler, L50, M|
|poke|p2|Amoonguss, L50, F|
|poke|p2|Sneasler, L50, F|
|poke|p2|Gholdengo, L50|
|poke|p2|Incineroar, L50, M|
|poke|p2|Ursaluna-Bloodmoon, L50, M|
|poke|p2|Dragonite, L50, M|
|teampreview|4
|showteam|p1|Ursaluna-Bloodmoon||AssaultVest|MindsEye|BloodMoon,HyperVoice,EarthPower,VacuumWave|||M|||50|,,,,,Normal]Porygon2||Eviolite|Trace|IceBeam,Thunderbolt,Recover,TrickRoom||||||50|,,,,,Ghost]Amoonguss||CovertCloak|Regenerator|Spore,RagePowder,PollenPuff,SludgeBomb|||F|||50|,,,,,Water]Incineroar||SafetyGoggles|Intimidate|KnockOff,FakeOut,PartingShot,FlareBlitz|||M|||50|,,,,,Ghost]Dragapult||ChoiceBand|ClearBody|DragonDarts,Outrage,PhantomForce,Uturn|||M|||50|,,,,,Dragon]Sneasler||FocusSash|PoisonTouch|CloseCombat,DireClaw,ThroatChop,FakeOut|||M|||50|,,,,,Dark
|showteam|p2|Amoonguss||SitrusBerry|Regenerator|RagePowder,Spore,PollenPuff,Protect|||F|||50|,,,,,Psychic]Sneasler||FocusSash|Unburden|Protect,DireClaw,CloseCombat,ThroatChop|||F|||50|,,,,,Stellar]Gholdengo||LifeOrb|GoodasGold|Protect,MakeItRain,ShadowBall,NastyPlot||||||50|,,,,,Water]Incineroar||SafetyGoggles|Intimidate|KnockOff,PartingShot,FlareBlitz,FakeOut|||M|||50|,,,,,Ghost]Ursaluna-Bloodmoon||AssaultVest|MindsEye|BloodMoon,EarthPower,VacuumWave,HyperVoice|||M|||50|,,,,,Water]Dragonite||LoadedDice|Multiscale|ScaleShot,Tailwind,Haze,Protect|||M|||50|,,,,,Fairy
|inactive|Battle timer is ON: inactive players will automatically lose when time's up. (requested by KaiserBN1)
|inactive|klear.mbc has 60 seconds left.
|inactive|KaiserBN1 has 60 seconds left.
|inactive|KaiserBN1 has 30 seconds left.
|
|t:|1756585179
|teamsize|p1|4
|teamsize|p2|4
|start
|switch|p1a: Dragapult|Dragapult, L50, M|100/100
|switch|p1b: Incineroar|Incineroar, L50, M|100/100
|switch|p2a: 8|Sneasler, L50, F|100/100
|switch|p2b: Luffy|Incineroar, L50, M|100/100
|-ability|p2b: Luffy|Intimidate|boost
|-fail|p1a: Dragapult|unboost|[from] ability: Clear Body|[of] p1a: Dragapult
|-unboost|p1b: Incineroar|atk|1
|-ability|p1b: Incineroar|Intimidate|boost
|-unboost|p2a: 8|atk|1
|-unboost|p2b: Luffy|atk|1
|turn|1
|inactive|KaiserBN1 has 30 seconds left.
|
|t:|1756585212
|move|p2b: Luffy|Fake Out|p1b: Incineroar
|-damage|p1b: Incineroar|93/100
|move|p1a: Dragapult|U-turn|p2b: Luffy
|-damage|p2b: Luffy|64/100
|
|t:|1756585220
|switch|p1a: Sneasler|Sneasler, L50, M|100/100|[from] U-turn
|move|p2a: 8|Close Combat|p1b: Incineroar
|-supereffective|p1b: Incineroar
|-damage|p1b: Incineroar|22/100
|-unboost|p2a: 8|def|1
|-unboost|p2a: 8|spd|1
|cant|p1b: Incineroar|flinch
|
|upkeep
|turn|2
|
|t:|1756585244
|move|p2a: 8|Protect|p2a: 8
|-singleturn|p2a: 8|Protect
|move|p1a: Sneasler|Fake Out|p2a: 8
|-activate|p2a: 8|move: Protect
|move|p2b: Luffy|Knock Off|p1b: Incineroar
|-resisted|p1b: Incineroar
|-damage|p1b: Incineroar|10/100
|-enditem|p1b: Incineroar|Safety Goggles|[from] move: Knock Off|[of] p2b: Luffy
|move|p1b: Incineroar|Parting Shot|p2a: 8
|-activate|p2a: 8|move: Protect
|
|upkeep
|turn|3
|inactive|KaiserBN1 has 30 seconds left.
|
|t:|1756585272
|switch|p2b: Say Cheese|Gholdengo, L50|100/100
|switch|p1b: Dragapult|Dragapult, L50, M|100/100
|move|p1a: Sneasler|Close Combat|p2b: Say Cheese
|-immune|p2b: Say Cheese
|move|p2a: 8|Dire Claw|p1b: Dragapult
|-resisted|p1b: Dragapult
|-damage|p1b: Dragapult|83/100
|
|upkeep
|turn|4
|inactive|KaiserBN1 has 30 seconds left.
|inactive|KaiserBN1 has 20 seconds left.
|inactive|KaiserBN1 has 15 seconds left.
|
|t:|1756585312
|switch|p1b: Incineroar|Incineroar, L50, M|10/100
|-ability|p1b: Incineroar|Intimidate|boost
|-unboost|p2a: 8|atk|1
|-unboost|p2b: Say Cheese|atk|1
|switch|p2a: Luffy|Incineroar, L50, M|64/100
|-ability|p2a: Luffy|Intimidate|boost
|-unboost|p1a: Sneasler|atk|1
|-unboost|p1b: Incineroar|atk|1
|move|p1a: Sneasler|Throat Chop|p2b: Say Cheese
|-supereffective|p2b: Say Cheese
|-damage|p2b: Say Cheese|64/100
|-start|p2b: Say Cheese|Throat Chop|[silent]
|move|p2b: Say Cheese|Shadow Ball|p1a: Sneasler
|-damage|p1a: Sneasler|34/100
|-unboost|p1a: Sneasler|spd|1
|-damage|p2b: Say Cheese|54/100|[from] item: Life Orb
|
|upkeep
|turn|5
|inactive|klear.mbc has 30 seconds left.
|inactive|KaiserBN1 has 30 seconds left.
|-message|klear.mbc forfeited.
|
|win|KaiserBN1
|l|☆klear.mbc
|player|p1|
||KaiserBN1 is ready for game 3.
|inactive|klear.mbc has 30 seconds to confirm battle start!
|inactive|klear.mbc has 20 seconds to confirm battle start!
|inactive|klear.mbc has 10 seconds to confirm battle start!
|uhtml|next|Next: Game 3 of 3
