|j|☆dialghite
|j|☆Sonja Hilmer
|html|dialghiteSonja Hilmer    
|uhtml|bestof|Game 2 of a best-of-3
|t:|1755716585
|gametype|doubles
|player|p1|dialghite|volkner|1447
|player|p2|Sonja Hilmer|lady|1553
|gen|9
|tier|[Gen 9] VGC 2025 Reg H (Bo3)
|rated|
|rule|Species Clause: Limit one of each Pokémon
|rule|Item Clause: Limit 1 of each item
|clearpoke
|poke|p1|Whimsicott, L50, F|
|poke|p1|Dragonite, L50, M|
|poke|p1|Indeedee, L50, M|
|poke|p1|Sneasler, L50, M|
|poke|p1|Ursaluna-Bloodmoon, L50, M|
|poke|p1|Archaludon, L50, M|
|poke|p2|Dachsbun, L50, M|
|poke|p2|Typhlosion-Hisui, L50, F|
|poke|p2|Kingambit, L50, M|
|poke|p2|Whimsicott, L50, F|
|poke|p2|Rillaboom, L50, M|
|poke|p2|Torkoal, L50, F|
|teampreview|4
|showteam|p1|Whimsicott||CovertCloak|Prankster|Moonblast,Taunt,Tailwind,FakeTears|||F|||50|,,,,,Water]Dragonite||LoadedDice|Multiscale|ScaleShot,StompingTantrum,Haze,Protect|||M|||50|,,,,,Steel]Indeedee||FocusSash|PsychicSurge|ExpandingForce,TeraBlast,Imprison,TrickRoom|||M|||50|,,,,,Psychic]Sneasler||PsychicSeed|Unburden|CloseCombat,DireClaw,ThroatChop,Protect|||M|||50|,,,,,Dark]Ursaluna-Bloodmoon||LifeOrb|MindsEye|HyperVoice,BloodMoon,EarthPower,Protect|||M|||50|,,,,,Normal]Archaludon||PowerHerb|Stalwart|ElectroShot,DragonPulse,Thunderbolt,Protect|||M|||50|,,,,,Electric
|showteam|p2|Dachsbun||Leftovers|WellBakedBody|BodyPress,Snarl,HelpingHand,Protect|||M|||50|,,,,,Steel]Typhlosion-Hisui||ChoiceSpecs|Blaze|Eruption,LavaPlume,WillOWisp,ShadowBall|||F|||50|,,,,,Fire]Kingambit||SafetyGoggles|Defiant|Protect,KowtowCleave,SuckerPunch,SwordsDance|||M|||50|,,,,,Dark]Whimsicott||CovertCloak|Prankster|Moonblast,Tailwind,SunnyDay,Encore|||F|||50|,,,,,Steel]Rillaboom||AssaultVest|GrassySurge|WoodHammer,GrassyGlide,FakeOut,HighHorsepower|||M|||50|,,,,,Water]Torkoal||SitrusBerry|Drought|HeatWave,LavaPlume,ClearSmog,Protect|||F|||50|,,,,,Grass
|inactive|Battle timer is ON: inactive players will automatically lose when time's up. (requested by Sonja Hilmer)
|j| lol lol lol blue
|inactive|Sonja Hilmer has 60 seconds left.
|
|t:|1755716617
|teamsize|p1|4
|teamsize|p2|4
|start
|switch|p1a: Dragonite|Dragonite, L50, M|100/100
|switch|p1b: Sneasler|Sneasler, L50, M|100/100
|switch|p2a: Rillaboom|Rillaboom, L50, M|100/100
|switch|p2b: Whimsicott|Whimsicott, L50, F|100/100
|-fieldstart|move: Grassy Terrain|[from] ability: Grassy Surge|[of] p2a: Rillaboom
|turn|1
|
|t:|1755716641
|move|p1b: Sneasler|Protect|p1b: Sneasler
|-singleturn|p1b: Sneasler|Protect
|move|p2b: Whimsicott|Tailwind|p2b: Whimsicott
|-sidestart|p2: Sonja Hilmer|move: Tailwind
|move|p2a: Rillaboom|High Horsepower|p1b: Sneasler
|-activate|p1b: Sneasler|move: Protect
|move|p1a: Dragonite|Scale Shot|p2a: Rillaboom
|-damage|p2a: Rillaboom|87/100
|-damage|p2a: Rillaboom|73/100
|-damage|p2a: Rillaboom|58/100
|-damage|p2a: Rillaboom|44/100
|-damage|p2a: Rillaboom|30/100
|-hitcount|p2a: Rillaboom|5
|-unboost|p1a: Dragonite|def|1
|-boost|p1a: Dragonite|spe|1
|
|-heal|p2a: Rillaboom|36/100|[from] Grassy Terrain
|upkeep
|turn|2
|
|t:|1755716662
|switch|p2a: Kingambit|Kingambit, L50, M|100/100
|switch|p1a: Indeedee|Indeedee, L50, M|100/100
|-fieldstart|move: Psychic Terrain|[from] ability: Psychic Surge|[of] p1a: Indeedee
|-enditem|p1b: Sneasler|Psychic Seed
|-boost|p1b: Sneasler|spd|1|[from] item: Psychic Seed
|move|p1b: Sneasler|Dire Claw|p2b: Whimsicott
|-supereffective|p2b: Whimsicott
|-damage|p2b: Whimsicott|0 fnt
|faint|p2b: Whimsicott
|
|upkeep
|
|t:|1755716675
|switch|p2b: Typhlosion|Typhlosion-Hisui, L50, F|100/100
|turn|3
|
|t:|1755716697
|-terastallize|p2b: Typhlosion|Fire
|move|p1b: Sneasler|Dire Claw|p2b: Typhlosion
|-damage|p2b: Typhlosion|40/100
|-status|p2b: Typhlosion|slp
|cant|p2b: Typhlosion|slp
|move|p2a: Kingambit|Kowtow Cleave|p1a: Indeedee
|-supereffective|p1a: Indeedee
|-enditem|p1a: Indeedee|Focus Sash
|-damage|p1a: Indeedee|1/100
|move|p1a: Indeedee|Expanding Force|p2a: Kingambit|[spread] p2b
|-immune|p2a: Kingambit
|-damage|p2b: Typhlosion|0 fnt
|faint|p2b: Typhlosion
|
|upkeep
|-message|Sonja Hilmer forfeited.
|
|win|dialghite
|raw|dialghite's rating: 1447 → 1473(+26 for winning)
|raw|Sonja Hilmer's rating: 1553 → 1527(-26 for losing)
