|j|☆frog herbert
|j|☆sorecruiser
|html|frog herbertsorecruiser    
|uhtml|bestof|Game 1 of a best-of-3
|t:|1756923450
|gametype|doubles
|player|p1|frog herbert|juan|1129
|player|p2|sorecruiser|furisodegirl-black|1137
|gen|9
|tier|[Gen 9] VGC 2025 Reg H (Bo3)
|rated|
|rule|Species Clause: Limit one of each Pokémon
|rule|Item Clause: Limit 1 of each item
|clearpoke
|poke|p1|Duskull, L50, M|
|poke|p1|Ursaluna, L50, F|
|poke|p1|Sinistcha, L50|
|poke|p1|Torkoal, L50, M|
|poke|p1|Indeedee-F, L50, F|
|poke|p1|Armarouge, L50, F|
|poke|p2|Gholdengo, L50|
|poke|p2|Whimsicott, L50, F|
|poke|p2|Sneasler, L50, F|
|poke|p2|Basculegion, L50, M|
|poke|p2|Hydreigon, L50, M|
|poke|p2|Magmar, L50, M|
|teampreview|4
|showteam|p1|Duskull||Eviolite|Levitate|PainSplit,WillOWisp,Haze,TrickRoom|||M|||50|,,,,,Steel]Ursaluna||FlameOrb|Guts|Protect,HeadlongRush,Facade,Earthquake|||F|||50|,,,,,Ghost]Sinistcha||SitrusBerry|Hospitality|LifeDew,RagePowder,MatchaGotcha,TrickRoom||||||50|,,,,,Water]Torkoal||ChoiceSpecs|Drought|Eruption,HeatWave,WeatherBall,EarthPower|||M|||50|,,,,,Fire]Indeedee-F||SafetyGoggles|PsychicSurge|Psychic,FollowMe,HelpingHand,TrickRoom|||F|||50|,,,,,Steel]Armarouge||PowerHerb|FlashFire|MeteorBeam,ArmorCannon,ExpandingForce,TrickRoom|||F|||50|,,,,,Grass
|showteam|p2|Gholdengo||MetalCoat|GoodasGold|MakeItRain,ShadowBall,NastyPlot,Protect||||||50|,,,,,Steel]Whimsicott||CovertCloak|Prankster|Tailwind,Encore,FakeTears,Moonblast|||F|||50|,,,,,Dark]Sneasler||FocusSash|PoisonTouch|Protect,CloseCombat,DireClaw,ThroatChop|||F|||50|,,,,,Dark]Basculegion||ChoiceScarf|Adaptability|LastRespects,WaveCrash,AquaJet,FlipTurn|||M|||50|,,,,,Ghost]Hydreigon||ChoiceSpecs|Levitate|DarkPulse,DracoMeteor,Snarl,HeatWave|||M|||50|,,,,,Fire]Magmar||Eviolite|VitalSpirit|Protect,FollowMe,HeatWave,Taunt|||M|||50|,,,,,Water
|inactive|Battle timer is ON: inactive players will automatically lose when time's up. (requested by sorecruiser)
|
|t:|1756923521
|teamsize|p1|4
|teamsize|p2|4
|start
|switch|p1a: Indeedee|Indeedee-F, L50, F|100/100
|switch|p1b: Ursaluna|Ursaluna, L50, F|100/100
|switch|p2a: Sneasler|Sneasler, L50, F|100/100
|switch|p2b: Hydreigon|Hydreigon, L50, M|100/100
|-fieldstart|move: Psychic Terrain|[from] ability: Psychic Surge|[of] p1a: Indeedee
|turn|1
|inactive|frog herbert has 30 seconds left.
|inactive|frog herbert has 20 seconds left.
|inactive|frog herbert has 15 seconds left.
|
|t:|1756923564
|-terastallize|p2a: Sneasler|Dark
|move|p1a: Indeedee|Helping Hand|p1b: Ursaluna
|-singleturn|p1b: Ursaluna|Helping Hand|[of] p1a: Indeedee
|move|p2a: Sneasler|Throat Chop|p1a: Indeedee
|-supereffective|p1a: Indeedee
|-damage|p1a: Indeedee|12/100
|-start|p1a: Indeedee|Throat Chop|[silent]
|move|p2b: Hydreigon|Dark Pulse|p1a: Indeedee
|-supereffective|p1a: Indeedee
|-damage|p1a: Indeedee|0 fnt
|faint|p1a: Indeedee
|move|p1b: Ursaluna|Facade|p2b: Hydreigon
|-damage|p2b: Hydreigon|30/100
|
|-status|p1b: Ursaluna|brn|[from] item: Flame Orb
|upkeep
|-message|frog herbert forfeited.
|raw|frog herbert's rating: 1129 → 1105(-24 for losing)
|raw|sorecruiser's rating: 1137 → 1161(+24 for winning)
|
|win|sorecruiser
