|j|☆Z4RDEL
|j|☆PenguimSAL
|html|Z4RDELPenguimSAL    
|uhtml|bestof|Game 1 of a best-of-3
|t:|1783274743
|gametype|doubles
|player|p1|Z4RDEL|miku-fire|
|player|p2|PenguimSAL|170|
|gen|9
|tier|[Gen 9 Champions] VGC 2026 Reg M-B (Bo3)
|rule|Species Clause: Limit one of each Pokémon
|rule|Item Clause: Limit 1 of each item
|clearpoke
|poke|p1|Froslass, L50, F|
|poke|p1|Incineroar, L50, M|
|poke|p1|Glimmora, L50, F|
|poke|p1|Sinistcha-Masterpiece, L50|
|poke|p1|Archaludon, L50, F|
|poke|p1|Raichu, L50, M|
|poke|p2|Sneasler, L50, M|
|poke|p2|Blastoise, L50, M|
|poke|p2|Kingambit, L50, F|
|poke|p2|Incineroar, L50, F|
|poke|p2|Delphox, L50, F|
|poke|p2|Sinistcha, L50|
|teampreview|4
|showteam|p1|Froslass||Froslassite|CursedBody|Blizzard,ShadowBall,AuroraVeil,Protect|Modest||F|||50|]Incineroar||QuickClaw|Intimidate|PartingShot,FlareBlitz,DarkestLariat,FakeOut|Adamant||M|||50|]Glimmora||FocusSash|ToxicDebris|StealthRock,EarthPower,PowerGem,MortalSpin|Modest||F|||50|]Sinistcha-Masterpiece||SitrusBerry|Hospitality|MatchaGotcha,RagePowder,TrickRoom,LifeDew|Sassy|||||50|]Archaludon||Leftovers|Stamina|ElectroShot,DracoMeteor,FlashCannon,Protect|Bold||F|||50|]Raichu||RaichuniteY|Static|RainDance,ZapCannon,Encore,Protect|Timid||M|||50|
|showteam|p2|Sneasler||FocusSash|PoisonTouch|DireClaw,CloseCombat,FakeOut,QuickGuard|Jolly||M|||50|]Blastoise||Blastoisinite|RainDish|DarkPulse,WaterSpout,ShellSmash,Protect|Modest||M|||50|]Kingambit||BlackGlasses|Defiant|KowtowCleave,SuckerPunch,SwordsDance,Protect|Adamant||F|||50|]Incineroar||SitrusBerry|Intimidate|FlareBlitz,HelpingHand,PartingShot,FakeOut|Careful||F|||50|]Delphox||Delphoxite|Blaze|HeatWave,NastyPlot,Psyshock,Protect|Modest||F|||50|]Sinistcha||KasibBerry|Hospitality|MatchaGotcha,RagePowder,TrickRoom,Protect|Bold|||||50|
|inactive|Battle timer is ON: inactive players will automatically lose when time's up. (requested by Z4RDEL)
|c|☆PenguimSAL|Glhf!
|c|☆Z4RDEL|gl
|inactive|Z4RDEL has 60 seconds left.
|inactive|PenguimSAL has 60 seconds left.
|inactive|Z4RDEL has 30 seconds left.
|inactive|Z4RDEL has 20 seconds left.
|inactive|Z4RDEL has 15 seconds left.
|
|t:|1783274823
|teamsize|p1|4
|teamsize|p2|4
|start
|switch|p1a: Glimmora|Glimmora, L50, F|100/100
|switch|p1b: Raichu|Raichu, L50, M|100/100
|switch|p2a: Delphox|Delphox, L50, F|100/100
|switch|p2b: Incineroar|Incineroar, L50, F|100/100
|-ability|p2b: Incineroar|Intimidate|boost
|-unboost|p1a: Glimmora|atk|1
|-unboost|p1b: Raichu|atk|1
|turn|1
|inactive|Z4RDEL has 30 seconds left.
|inactive|PenguimSAL has 30 seconds left.
|inactive|Z4RDEL has 20 seconds left.
|inactive|PenguimSAL has 20 seconds left.
|inactive|PenguimSAL has 15 seconds left.
|inactive|PenguimSAL has 10 seconds left.
|
|t:|1783274872
|detailschange|p1b: Raichu|Raichu-Mega-Y, L50, M
|-mega|p1b: Raichu|Raichu|Raichunite Y
|detailschange|p2a: Delphox|Delphox-Mega, L50, F
|-mega|p2a: Delphox|Delphox|Delphoxite
|move|p2b: Incineroar|Fake Out|p1b: Raichu
|-damage|p1b: Raichu|78/100
|cant|p1b: Raichu|flinch
|move|p2a: Delphox|Psyshock|p1a: Glimmora
|-supereffective|p1a: Glimmora|1
|-enditem|p1a: Glimmora|Focus Sash
|-damage|p1a: Glimmora|1/100
|move|p1a: Glimmora|Power Gem|p2a: Delphox
|-supereffective|p2a: Delphox|1
|-damage|p2a: Delphox|22/100
|
|upkeep
|turn|2
|inactive|Z4RDEL has 30 seconds left.
|inactive|PenguimSAL has 30 seconds left.
|inactive|Z4RDEL has 20 seconds left.
|inactive|PenguimSAL has 20 seconds left.
|inactive|Z4RDEL has 15 seconds left.
|inactive|Z4RDEL has 10 seconds left.
|inactive|Z4RDEL has 5 seconds left.
|
|t:|1783274922
|move|p2a: Delphox|Protect|p2a: Delphox
|-singleturn|p2a: Delphox|Protect
|move|p1b: Raichu|Zap Cannon|p2a: Delphox
|-activate|p2a: Delphox|move: Protect
|move|p1a: Glimmora|Mortal Spin|p2a: Delphox|[spread] p2b
|-activate|p2a: Delphox|move: Protect
|-damage|p2b: Incineroar|97/100
|-status|p2b: Incineroar|psn
|move|p2b: Incineroar|Parting Shot|p1b: Raichu
|-unboost|p1b: Raichu|atk|1
|-unboost|p1b: Raichu|spa|1
|
|t:|1783274939
|switch|p2b: Sinistcha|Sinistcha, L50|100/100|[from] Parting Shot
|-heal|p2a: Delphox|47/100|[from] ability: Hospitality|[of] p2b: Sinistcha
|
|upkeep
|turn|3
|
|t:|1783274962
|switch|p1a: Archaludon|Archaludon, L50, F|100/100
|move|p2b: Sinistcha|Rage Powder|p2b: Sinistcha
|-singleturn|p2b: Sinistcha|move: Rage Powder
|move|p1b: Raichu|Rain Dance|p1b: Raichu
|-weather|RainDance
|move|p2a: Delphox|Heat Wave|p1b: Raichu|[spread] p1a,p1b
|-damage|p1a: Archaludon|75/100
|-damage|p1b: Raichu|48/100
|-status|p1b: Raichu|brn
|-ability|p1a: Archaludon|Stamina|boost
|-boost|p1a: Archaludon|def|1
|
|-weather|RainDance|[upkeep]
|-heal|p1a: Archaludon|81/100|[from] item: Leftovers
|-damage|p1b: Raichu|42/100 brn|[from] brn
|upkeep
|turn|4
|inactive|PenguimSAL has 30 seconds left.
|
|t:|1783274988
|move|p2b: Sinistcha|Rage Powder|p2b: Sinistcha
|-singleturn|p2b: Sinistcha|move: Rage Powder
|move|p1b: Raichu|Encore|p2b: Sinistcha
|-start|p2b: Sinistcha|Encore
|move|p2a: Delphox|Nasty Plot|p2a: Delphox
|-boost|p2a: Delphox|spa|2
|move|p1a: Archaludon|Electro Shot||[still]
|-prepare|p1a: Archaludon|Electro Shot
|-boost|p1a: Archaludon|spa|1
|-anim|p1a: Archaludon|Electro Shot|p2b: Sinistcha
|-resisted|p2b: Sinistcha|1
|-damage|p2b: Sinistcha|76/100
|
|-weather|RainDance|[upkeep]
|-heal|p1a: Archaludon|87/100|[from] item: Leftovers
|-damage|p1b: Raichu|36/100 brn|[from] brn
|upkeep
|turn|5
|inactive|Z4RDEL has 30 seconds left.
|inactive|Z4RDEL has 20 seconds left.
|inactive|Z4RDEL has 15 seconds left.
|
|t:|1783275029
|move|p2b: Sinistcha|Rage Powder|p2b: Sinistcha
|-singleturn|p2b: Sinistcha|move: Rage Powder
|move|p1b: Raichu|Zap Cannon|p2b: Sinistcha
|-resisted|p2b: Sinistcha|1
|-damage|p2b: Sinistcha|52/100
|-status|p2b: Sinistcha|par
|move|p2a: Delphox|Heat Wave|p1a: Archaludon|[spread] p1a,p1b
|-damage|p1a: Archaludon|33/100
|-damage|p1b: Raichu|0 fnt
|-ability|p1a: Archaludon|Stamina|boost
|-boost|p1a: Archaludon|def|1
|faint|p1b: Raichu
|move|p1a: Archaludon|Electro Shot||[still]
|-prepare|p1a: Archaludon|Electro Shot
|-boost|p1a: Archaludon|spa|1
|-anim|p1a: Archaludon|Electro Shot|p2b: Sinistcha
|-resisted|p2b: Sinistcha|1
|-damage|p2b: Sinistcha|16/100 par
|
|-weather|RainDance|[upkeep]
|-heal|p1a: Archaludon|39/100|[from] item: Leftovers
|upkeep
|
|t:|1783275042
|switch|p1b: Sinistcha|Sinistcha-Masterpiece, L50|100/100
|-heal|p1a: Archaludon|64/100|[from] ability: Hospitality|[of] p1b: Sinistcha
|turn|6
|inactive|PenguimSAL has 30 seconds left.
|
|t:|1783275072
|switch|p2b: Sneasler|Sneasler, L50, M|100/100
|move|p2a: Delphox|Heat Wave|p1b: Sinistcha|[spread] p1b
|-miss|p2a: Delphox|p1a: Archaludon
|-supereffective|p1b: Sinistcha|1
|-damage|p1b: Sinistcha|38/100
|-enditem|p1b: Sinistcha|Sitrus Berry|[eat]
|-heal|p1b: Sinistcha|62/100|[from] item: Sitrus Berry
|move|p1a: Archaludon|Electro Shot||[still]
|-prepare|p1a: Archaludon|Electro Shot
|-boost|p1a: Archaludon|spa|1
|-anim|p1a: Archaludon|Electro Shot|p2a: Delphox
|-damage|p2a: Delphox|0 fnt
|faint|p2a: Delphox
|move|p1b: Sinistcha|Trick Room|p1b: Sinistcha
|-fieldstart|move: Trick Room|[of] p1b: Sinistcha
|
|-weather|RainDance|[upkeep]
|-heal|p1a: Archaludon|70/100|[from] item: Leftovers
|upkeep
|inactive|PenguimSAL has 30 seconds left.
|
|t:|1783275100
|switch|p2a: Incineroar|Incineroar, L50, F|97/100 psn
|-ability|p2a: Incineroar|Intimidate|boost
|-unboost|p1a: Archaludon|atk|1
|-unboost|p1b: Sinistcha|atk|1
|turn|7
|
|t:|1783275120
|switch|p1b: Glimmora|Glimmora, L50, F|1/100
|move|p2a: Incineroar|Flare Blitz|p1b: Glimmora
|-resisted|p1b: Glimmora|1
|-damage|p1b: Glimmora|0 fnt
|-activate|p1b: Glimmora|ability: Toxic Debris
|-sidestart|p2: PenguimSAL|move: Toxic Spikes
|faint|p1b: Glimmora
|-damage|p2a: Incineroar|96/100 psn|[from] Recoil
|move|p1a: Archaludon|Electro Shot||[still]
|-prepare|p1a: Archaludon|Electro Shot
|-boost|p1a: Archaludon|spa|1
|-anim|p1a: Archaludon|Electro Shot|p2b: Sneasler
|-enditem|p2b: Sneasler|Focus Sash
|-damage|p2b: Sneasler|1/100
|move|p2b: Sneasler|Close Combat|p1a: Archaludon
|-supereffective|p1a: Archaludon|1
|-damage|p1a: Archaludon|32/100
|-unboost|p2b: Sneasler|def|1
|-unboost|p2b: Sneasler|spd|1
|-ability|p1a: Archaludon|Stamina|boost
|-boost|p1a: Archaludon|def|1
|
|-weather|none
|-heal|p1a: Archaludon|39/100|[from] item: Leftovers
|-damage|p2a: Incineroar|84/100 psn|[from] psn
|upkeep
|
|t:|1783275137
|switch|p1b: Sinistcha|Sinistcha-Masterpiece, L50|62/100
|-heal|p1a: Archaludon|63/100|[from] ability: Hospitality|[of] p1b: Sinistcha
|turn|8
|
|t:|1783275152
|switch|p2b: Sinistcha|Sinistcha, L50|16/100 par
|-heal|p2a: Incineroar|100/100 psn|[from] ability: Hospitality|[of] p2b: Sinistcha
|move|p1b: Sinistcha|Matcha Gotcha|p2a: Incineroar|[spread] p2a,p2b
|-resisted|p2a: Incineroar|1
|-resisted|p2b: Sinistcha|1
|-damage|p2a: Incineroar|90/100 psn
|-heal|p1b: Sinistcha|68/100|[from] drain|[of] p2a: Incineroar
|-damage|p2b: Sinistcha|5/100 par
|-heal|p1b: Sinistcha|74/100|[from] drain|[of] p2b: Sinistcha
|move|p2a: Incineroar|Flare Blitz|p1b: Sinistcha
|-supereffective|p1b: Sinistcha|1
|-damage|p1b: Sinistcha|0 fnt
|faint|p1b: Sinistcha
|-damage|p2a: Incineroar|68/100 psn|[from] Recoil
|move|p1a: Archaludon|Draco Meteor|p2a: Incineroar
|-damage|p2a: Incineroar|0 fnt
|-unboost|p1a: Archaludon|spa|2
|faint|p2a: Incineroar
|
|-heal|p1a: Archaludon|70/100|[from] item: Leftovers
|upkeep
|inactive|PenguimSAL has 30 seconds left.
|
|t:|1783275179
|switch|p2a: Sneasler|Sneasler, L50, M|1/100
|-sideend|p2: PenguimSAL|move: Toxic Spikes|[of] p2a: Sneasler
|turn|9
|inactive|PenguimSAL has 30 seconds left.
|inactive|PenguimSAL has 20 seconds left.
|
|t:|1783275219
|move|p2a: Sneasler|Fake Out|p1a: Archaludon
|-resisted|p1a: Archaludon|1
|-damage|p1a: Archaludon|68/100
|-ability|p1a: Archaludon|Stamina|boost
|-boost|p1a: Archaludon|def|1
|cant|p1a: Archaludon|flinch
|move|p2b: Sinistcha|Trick Room|p2b: Sinistcha
|-fieldend|move: Trick Room
|
|-heal|p1a: Archaludon|74/100|[from] item: Leftovers
|upkeep
|turn|10
|
|t:|1783275232
|move|p2a: Sneasler|Close Combat|p1a: Archaludon
|-supereffective|p1a: Archaludon|1
|-damage|p1a: Archaludon|49/100
|-unboost|p2a: Sneasler|def|1
|-unboost|p2a: Sneasler|spd|1
|-ability|p1a: Archaludon|Stamina|boost
|-boost|p1a: Archaludon|def|1
|move|p1a: Archaludon|Flash Cannon|p2a: Sneasler
|-damage|p2a: Sneasler|0 fnt
|faint|p2a: Sneasler
|move|p2b: Sinistcha|Matcha Gotcha|p1a: Archaludon
|-resisted|p1a: Archaludon|2
|-damage|p1a: Archaludon|38/100
|-heal|p2b: Sinistcha|11/100 par|[from] drain|[of] p1a: Archaludon
|-ability|p1a: Archaludon|Stamina|boost
|-boost|p1a: Archaludon|def|1
|
|-heal|p1a: Archaludon|44/100|[from] item: Leftovers
|upkeep
|turn|11
|
|t:|1783275245
|move|p1a: Archaludon|Flash Cannon|p2b: Sinistcha
|-damage|p2b: Sinistcha|0 fnt
|faint|p2b: Sinistcha
|
|win|Z4RDEL
