|j|☆Storm VGC Official
|j|☆magic 561
|html|Storm VGC Officialmagic 561    
|uhtml|bestof|Game 3 of a best-of-3
|t:|1782215789
|gametype|doubles
|player|p1|Storm VGC Official|169|1175
|player|p2|magic 561|colress|1307
|gen|9
|tier|[Gen 9 Champions] VGC 2026 Reg M-B (Bo3)
|rated|
|rule|Species Clause: Limit one of each Pokémon
|rule|Item Clause: Limit 1 of each item
|clearpoke
|poke|p1|Swampert, L50, F|
|poke|p1|Pelipper, L50, M|
|poke|p1|Incineroar, L50, F|
|poke|p1|Sinistcha, L50|
|poke|p1|Archaludon, L50, M|
|poke|p1|Floette-Eternal, L50, F|
|poke|p2|Glimmora, L50, M|
|poke|p2|Hydreigon, L50, F|
|poke|p2|Basculegion, L50, M|
|poke|p2|Whimsicott, L50, F|
|poke|p2|Staraptor, L50, M|
|poke|p2|Farigiraf, L50, M|
|teampreview|4
|showteam|p1|Swampert||Swampertite|Torrent|WaveCrash,IcePunch,Protect,Earthquake|Adamant||F|||50|]Pelipper||DampRock|Drizzle|Hurricane,WeatherBall,Protect,Tailwind|Timid||M|||50|]Incineroar||SitrusBerry|Intimidate|FlareBlitz,ThroatChop,PartingShot,FakeOut|Careful||F|||50|]Sinistcha||FocusSash|Hospitality|MatchaGotcha,Protect,RagePowder,TrickRoom|Calm|||||50|]Archaludon||Leftovers|Stamina|DragonPulse,ElectroShot,Protect,FlashCannon|Modest||M|||50|]Floette-Eternal||Floettite|FlowerVeil|Moonblast,DazzlingGleam,Protect,CalmMind|Modest||F|||50|
|showteam|p2|Glimmora||Glimmoranite|ToxicDebris|SludgeBomb,PowerGem,SpikyShield,EarthPower|Modest||M|||50|]Hydreigon||LifeOrb|Levitate|DracoMeteor,DarkPulse,EarthPower,Protect|Modest||F|||50|]Basculegion||MysticWater|Adaptability|WaveCrash,LastRespects,AquaJet,Protect|Adamant||M|||50|]Whimsicott||FocusSash|Prankster|Tailwind,Moonblast,Encore,Protect|Timid||F|||50|]Staraptor||Staraptite|Intimidate|CloseCombat,BraveBird,Roost,Protect|Adamant||M|||50|]Farigiraf||ColburBerry|ArmorTail|HyperVoice,Psychic,TrickRoom,Protect|Modest||M|||50|
|inactive|Battle timer is ON: inactive players will automatically lose when time's up. (requested by magic 561)
|inactive|Storm VGC Official has 60 seconds left.
|
|t:|1782215845
|teamsize|p1|4
|teamsize|p2|4
|start
|switch|p1a: Floette|Floette-Eternal, L50, F|100/100
|switch|p1b: Sinistcha|Sinistcha, L50|100/100
|switch|p2a: Whimsicott|Whimsicott, L50, F|100/100
|switch|p2b: Glimmora|Glimmora, L50, M|100/100
|turn|1
|inactive|Storm VGC Official has 30 seconds left.
|inactive|Storm VGC Official has 20 seconds left.
|inactive|Storm VGC Official has 15 seconds left.
|
|t:|1782215885
|switch|p1a: Archaludon|Archaludon, L50, M|100/100
|detailschange|p2b: Glimmora|Glimmora-Mega, L50, M
|-mega|p2b: Glimmora|Glimmora|Glimmoranite
|move|p2a: Whimsicott|Moonblast|p1a: Archaludon
|-damage|p1a: Archaludon|55/100
|-ability|p1a: Archaludon|Stamina|boost
|-boost|p1a: Archaludon|def|1
|move|p2b: Glimmora|Sludge Bomb|p1b: Sinistcha
|-crit|p1b: Sinistcha
|-damage|p1b: Sinistcha|3/100
|-status|p1b: Sinistcha|psn
|move|p1b: Sinistcha|Trick Room|p1b: Sinistcha
|-fieldstart|move: Trick Room|[of] p1b: Sinistcha
|
|-heal|p1a: Archaludon|61/100|[from] item: Leftovers
|-damage|p1b: Sinistcha|0 fnt|[from] psn
|faint|p1b: Sinistcha
|upkeep
|
|t:|1782215907
|switch|p1b: Floette|Floette-Eternal, L50, F|100/100
|turn|2
|
|t:|1782215927
|detailschange|p1b: Floette|Floette-Mega, L50, F
|-mega|p1b: Floette|Floette|Floettite
|-ability|p1b: Floette|Fairy Aura
|move|p1a: Archaludon|Flash Cannon|p2b: Glimmora
|-supereffective|p2b: Glimmora|1
|-damage|p2b: Glimmora|6/100
|move|p2b: Glimmora|Sludge Bomb|p1b: Floette
|-supereffective|p1b: Floette|1
|-damage|p1b: Floette|0 fnt
|faint|p1b: Floette
|move|p2a: Whimsicott|Moonblast|p1a: Archaludon
|-damage|p1a: Archaludon|16/100
|-ability|p1a: Archaludon|Stamina|boost
|-boost|p1a: Archaludon|def|1
|
|-heal|p1a: Archaludon|22/100|[from] item: Leftovers
|upkeep
|-message|Storm VGC Official forfeited.
|
|win|magic 561
|raw|Storm VGC Official's rating: 1175 → 1159(-16 for losing)
|raw|magic 561's rating: 1307 → 1320(+13 for winning)
|l|☆Storm VGC Official
|player|p1|
