|j|☆Jaime Huertas
|j|☆new mental
|html|Jaime Huertasnew mental    
|uhtml|bestof|Game 2 of a best-of-3
|t:|1783506654
|gametype|doubles
|player|p1|Jaime Huertas|ghetsis|1206
|player|p2|new mental|volkner|1271
|gen|9
|tier|[Gen 9 Champions] VGC 2026 Reg M-B (Bo3)
|rated|
|rule|Species Clause: Limit one of each Pokémon
|rule|Item Clause: Limit 1 of each item
|clearpoke
|poke|p1|Blastoise, L50, M|
|poke|p1|Sinistcha, L50|
|poke|p1|Sneasler, L50, F|
|poke|p1|Kingambit, L50, F|
|poke|p1|Incineroar, L50, F|
|poke|p1|Delphox, L50, F|
|poke|p2|Aerodactyl, L50, F|
|poke|p2|Garchomp, L50, F|
|poke|p2|Kingambit, L50, F|
|poke|p2|Charizard, L50, M|
|poke|p2|Sylveon, L50, F|
|poke|p2|Farigiraf, L50, M|
|teampreview|4
|showteam|p1|Blastoise||Blastoisinite|Torrent|WaterSpout,Protect,ShellSmash,DarkPulse|Modest||M|||50|]Sinistcha||OccaBerry|Hospitality|TrickRoom,Protect,MatchaGotcha,RagePowder|Bold|||||50|]Sneasler||FocusSash|PoisonTouch|FakeOut,QuickGuard,DireClaw,CloseCombat|Adamant||F|||50|]Kingambit||BlackGlasses|Defiant|SwordsDance,SuckerPunch,KowtowCleave,Protect|Adamant||F|||50|]Incineroar||SitrusBerry|Intimidate|FakeOut,PartingShot,HelpingHand,FlareBlitz|Careful||F|||50|]Delphox||Delphoxite|Blaze|HeatWave,Psyshock,Protect,NastyPlot|Modest||F|||50|
|showteam|p2|Aerodactyl||Aerodactylite|Unnerve|IceFang,RockSlide,Tailwind,DualWingbeat|Jolly||F|||50|]Garchomp||LifeOrb|RoughSkin|DragonClaw,StompingTantrum,Earthquake,Protect|Jolly||F|||50|]Kingambit||FocusSash|Defiant|SuckerPunch,KowtowCleave,IronHead,LowKick|Adamant||F|||50|]Charizard||CharizarditeY|SolarPower|Protect,HeatWave,SolarBeam,WeatherBall|Modest||M|||50|]Sylveon||FairyFeather|Pixilate|Protect,HyperVoice,HyperBeam,QuickAttack|Modest||F|||50|]Farigiraf||SitrusBerry|ArmorTail|TrickRoom,Thunderbolt,Psychic,Roar|Bold||M|||50|
|inactive|Battle timer is ON: inactive players will automatically lose when time's up. (requested by Jaime Huertas)
|
|t:|1783506697
|teamsize|p1|4
|teamsize|p2|4
|start
|switch|p1a: Sneasler|Sneasler, L50, F|100/100
|switch|p1b: Delphox|Delphox, L50, F|100/100
|switch|p2a: Aerodactyl|Aerodactyl, L50, F|100/100
|switch|p2b: Kingambit|Kingambit, L50, F|100/100
|-ability|p2a: Aerodactyl|Unnerve
|turn|1
|
|t:|1783506713
|detailschange|p2a: Aerodactyl|Aerodactyl-Mega, L50, F
|-mega|p2a: Aerodactyl|Aerodactyl|Aerodactylite
|detailschange|p1b: Delphox|Delphox-Mega, L50, F
|-mega|p1b: Delphox|Delphox|Delphoxite
|move|p1a: Sneasler|Quick Guard|p1a: Sneasler
|-singleturn|p1a: Sneasler|Quick Guard
|move|p2a: Aerodactyl|Dual Wingbeat|p1a: Sneasler|[miss]
|-miss|p2a: Aerodactyl|p1a: Sneasler
|move|p1b: Delphox|Heat Wave|p2a: Aerodactyl|[spread] p2a
|-miss|p1b: Delphox|p2b: Kingambit
|-resisted|p2a: Aerodactyl|1
|-damage|p2a: Aerodactyl|77/100
|move|p2b: Kingambit|Kowtow Cleave|p1b: Delphox
|-supereffective|p1b: Delphox|1
|-crit|p1b: Delphox
|-damage|p1b: Delphox|0 fnt
|faint|p1b: Delphox
|
|upkeep
|-message|Jaime Huertas forfeited.
|
|win|new mental
|raw|Jaime Huertas's rating: 1206 → 1186(-20 for losing)
|raw|new mental's rating: 1271 → 1291(+20 for winning)
|l|☆Jaime Huertas
|player|p1|
