|j|☆25th_mang
|j|☆Oooo11
|html|25th_mangOooo11    
|uhtml|bestof|Game 2 of a best-of-3
|t:|1784086228
|gametype|doubles
|player|p1|25th_mang|ballguy|1241
|player|p2|Oooo11|1|1137
|gen|9
|tier|[Gen 9 Champions] VGC 2026 Reg M-B (Bo3)
|rated|
|rule|Species Clause: Limit one of each Pokémon
|rule|Item Clause: Limit 1 of each item
|clearpoke
|poke|p1|Blastoise, L50, F|
|poke|p1|Camerupt, L50, F|
|poke|p1|Farigiraf, L50, F|
|poke|p1|Kingambit, L50, F|
|poke|p1|Vanilluxe, L50, F|
|poke|p1|Staraptor, L50, M|
|poke|p2|Charizard, L50, M|
|poke|p2|Garchomp, L50, F|
|poke|p2|Whimsicott, L50, M|
|poke|p2|Gardevoir, L50, M|
|poke|p2|Farigiraf, L50, F|
|poke|p2|Gholdengo, L50|
|teampreview|4
|showteam|p1|Blastoise||Blastoisinite|RainDish|WaterSpout,DarkPulse,AuraSphere,FakeOut|Quiet||F|||50|]Camerupt||Cameruptite|SolidRock|AncientPower,EarthPower,HeatWave,Protect|Quiet||F|||50|]Farigiraf||SitrusBerry|ArmorTail|PsychicFangs,HyperVoice,HelpingHand,TrickRoom|Relaxed||F|||50|]Kingambit||LifeOrb|Defiant|KowtowCleave,IronHead,Protect,SuckerPunch|Brave||F|||50|]Vanilluxe||NeverMeltIce|SnowWarning|Blizzard,FreezeDry,Protect,IceShard|Quiet||F|||50|]Staraptor||ChoiceScarf|Intimidate|FinalGambit,CloseCombat,BraveBird,Uturn|Jolly||M|||50|
|showteam|p2|Charizard||CharizarditeY|Blaze|SolarBeam,Protect,HeatWave,WeatherBall|Timid||M|||50|]Garchomp||LifeOrb|RoughSkin|Protect,Earthquake,DragonClaw,RockSlide|Jolly||F|||50|]Whimsicott||FocusSash|Prankster|Protect,Encore,Moonblast,Tailwind|Bold||M|||50|]Gardevoir||Gardevoirite|Trace|Protect,HyperVoice,Psyshock,AuraSphere|Timid||M|||50|]Farigiraf||SitrusBerry|ArmorTail|Protect,Psychic,Thunderbolt,TrickRoom|Sassy||F|||50|]Gholdengo||ChoiceScarf|GoodasGold|Trick,MakeItRain,ShadowBall,DazzlingGleam|Timid|||||50|
|inactive|Battle timer is ON: inactive players will automatically lose when time's up. (requested by 25th_mang)
|inactive|25th_mang has 60 seconds left.
|
|t:|1784086263
|teamsize|p1|4
|teamsize|p2|4
|start
|switch|p1a: Miroh|Staraptor, L50, M|100/100
|switch|p1b: Haven|Blastoise, L50, F|100/100
|switch|p2a: Garchomp|Garchomp, L50, F|100/100
|switch|p2b: Charizard|Charizard, L50, M|100/100
|-ability|p1a: Miroh|Intimidate|boost
|-unboost|p2a: Garchomp|atk|1
|-unboost|p2b: Charizard|atk|1
|turn|1
|inactive|25th_mang has 30 seconds left.
|inactive|Oooo11 has 30 seconds left.
|inactive|25th_mang has 20 seconds left.
|inactive|25th_mang has 15 seconds left.
|
|t:|1784086308
|switch|p2a: Gholdengo|Gholdengo, L50|100/100
|switch|p1b: Blind Spot|Farigiraf, L50, F|100/100
|detailschange|p2b: Charizard|Charizard-Mega-Y, L50, M
|-mega|p2b: Charizard|Charizard|Charizardite Y
|-weather|SunnyDay|[from] ability: Drought|[of] p2b: Charizard
|move|p2b: Charizard|Protect|p2b: Charizard
|-singleturn|p2b: Charizard|Protect
|move|p1a: Miroh|Final Gambit|p2a: Gholdengo
|-immune|p2a: Gholdengo
|
|-weather|SunnyDay|[upkeep]
|upkeep
|turn|2
|inactive|Oooo11 has 30 seconds left.
|
|t:|1784086341
|move|p1a: Miroh|Final Gambit|p2b: Charizard
|-damage|p2b: Charizard|0 fnt
|faint|p1a: Miroh
|faint|p2b: Charizard
|move|p2a: Gholdengo|Make It Rain|p1b: Blind Spot
|-damage|p1b: Blind Spot|47/100
|-unboost|p2a: Gholdengo|spa|2
|-enditem|p1b: Blind Spot|Sitrus Berry|[eat]
|-heal|p1b: Blind Spot|72/100|[from] item: Sitrus Berry
|move|p1b: Blind Spot|Trick Room|p1b: Blind Spot
|-fieldstart|move: Trick Room|[of] p1b: Blind Spot
|
|-weather|SunnyDay|[upkeep]
|upkeep
|
|t:|1784086362
|switch|p1a: Haven|Blastoise, L50, F|100/100
|switch|p2b: Garchomp|Garchomp, L50, F|100/100
|turn|3
|
|t:|1784086375
|detailschange|p1a: Haven|Blastoise-Mega, L50, F
|-mega|p1a: Haven|Blastoise|Blastoisinite
|move|p2b: Garchomp|Protect|p2b: Garchomp
|-singleturn|p2b: Garchomp|Protect
|move|p1b: Blind Spot|Hyper Voice|p2a: Gholdengo|[spread] 
|-activate|p2b: Garchomp|move: Protect
|-immune|p2a: Gholdengo
|move|p1a: Haven|Dark Pulse|p2b: Garchomp
|-activate|p2b: Garchomp|move: Protect
|move|p2a: Gholdengo|Make It Rain|p1b: Blind Spot|[spread] p1a,p1b
|-resisted|p1a: Haven|1
|-damage|p1a: Haven|90/100
|-damage|p1b: Blind Spot|50/100g
|-unboost|p2a: Gholdengo|spa|2
|
|-weather|SunnyDay|[upkeep]
|upkeep
|turn|4
|inactive|Oooo11 has 30 seconds left.
|inactive|Oooo11 has 20 seconds left.
|inactive|Oooo11 has 15 seconds left.
|inactive|Oooo11 has 10 seconds left.
|inactive|Oooo11 has 5 seconds left.
|
|t:|1784086427
|move|p1b: Blind Spot|Hyper Voice|p2a: Gholdengo|[spread] p2b
|-immune|p2a: Gholdengo
|-damage|p2b: Garchomp|70/100
|move|p1a: Haven|Dark Pulse|p2b: Garchomp
|-damage|p2b: Garchomp|13/100
|move|p2b: Garchomp|Dragon Claw|p1a: Haven
|-damage|p1a: Haven|47/100
|-damage|p2b: Garchomp|3/100|[from] item: Life Orb
|move|p2a: Gholdengo|Make It Rain|p1a: Haven|[spread] p1a,p1b
|-resisted|p1a: Haven|1
|-damage|p1a: Haven|40/100
|-damage|p1b: Blind Spot|34/100
|-unboost|p2a: Gholdengo|spa|2
|
|-weather|SunnyDay|[upkeep]
|upkeep
|turn|5
|inactive|Oooo11 has 30 seconds left.
|inactive|Oooo11 has 20 seconds left.
|
|t:|1784086465
|move|p2b: Garchomp|Protect|p2b: Garchomp
|-singleturn|p2b: Garchomp|Protect
|move|p1b: Blind Spot|Hyper Voice|p2b: Garchomp|[spread] 
|-activate|p2b: Garchomp|move: Protect
|-immune|p2a: Gholdengo
|move|p1a: Haven|Dark Pulse|p2a: Gholdengo
|-supereffective|p2a: Gholdengo|1
|-damage|p2a: Gholdengo|0 fnt
|faint|p2a: Gholdengo
|
|-weather|none
|upkeep
|l|☆Oooo11
|inactive|Oooo11 disconnected and has a minute to reconnect!
|player|p2|
|inactive|Oooo11 has 30 seconds left.
|inactive|Oooo11 has 20 seconds left.
|inactive|Oooo11 has 15 seconds left.
|inactive|Oooo11 has 10 seconds left.
|inactive|Oooo11 has 5 seconds left.
|-message|Oooo11 lost due to inactivity.
|
|win|25th_mang
|raw|25th_mang's rating: 1241 → 1259(+18 for winning)
|raw|Oooo11's rating: 1137 → 1119(-18 for losing)
|l|☆25th_mang
|player|p1|
|j|☆25th_mang
|player|p1|25th_mang|ballguy|
