|j|☆Harry Koekenpan
|j|☆psychic system
|html|Harry Koekenpanpsychic system    
|uhtml|bestof|Game 2 of a best-of-3
|t:|1756840112
|gametype|doubles
|player|p1|Harry Koekenpan|101|1121
|player|p2|psychic system|lucas|1180
|gen|9
|tier|[Gen 9] VGC 2025 Reg H (Bo3)
|rated|
|rule|Species Clause: Limit one of each Pokémon
|rule|Item Clause: Limit 1 of each item
|clearpoke
|poke|p1|Dondozo, L50, M|
|poke|p1|Tatsugiri, L50, M|
|poke|p1|Talonflame, L50, F|
|poke|p1|Ursaluna-Bloodmoon, L50, M|
|poke|p1|Sneasler, L50, M|
|poke|p1|Indeedee, L50, M|
|poke|p2|Milotic, L50, M|
|poke|p2|Florges, L50, F|
|poke|p2|Amoonguss, L50, M|
|poke|p2|Kingambit, L50, M|
|poke|p2|Typhlosion-Hisui, L50, M|
|poke|p2|Kilowattrel, L50, F|
|teampreview|4
|showteam|p1|Dondozo||Leftovers|Unaware|WaveCrash,HeavySlam,OrderUp,Protect|||M|||50|,,,,,Steel]Tatsugiri||ChoiceScarf|Commander|MuddyWater,IcyWind,DragonPulse,DracoMeteor|||M|||50|,,,,,Stellar]Talonflame||CovertCloak|GaleWings|FlareBlitz,Tailwind,Taunt,DualWingbeat|||F|||50|,,,,,Grass]Ursaluna-Bloodmoon||LifeOrb|MindsEye|HyperVoice,BloodMoon,EarthPower,Protect|||M|||50|,,,,,Normal]Sneasler||PsychicSeed|Unburden|DireClaw,ThroatChop,CloseCombat,Protect|||M|||50|,,,,,Dark]Indeedee||FocusSash|PsychicSurge|ExpandingForce,TrickRoom,Imprison,HelpingHand|||M|||50|,,,,,Psychic
|showteam|p2|Milotic||AssaultVest|Competitive|Scald,MuddyWater,IcyWind,MirrorCoat|||M|||50|,,,,,Grass]Florges||Leftovers|FlowerVeil|CalmMind,Moonblast,SkillSwap,Protect|||F|||50|,,,,,Poison]Amoonguss||SitrusBerry|Regenerator|ClearSmog,Spore,PollenPuff,RagePowder|||M|||50|,,,,,Water]Kingambit||BlackGlasses|Defiant|Protect,KowtowCleave,SuckerPunch,SwordsDance|||M|||50|,,,,,Dark]Typhlosion-Hisui||ChoiceScarf|Blaze|Eruption,HeatWave,ShadowBall,FocusBlast|||M|||50|,,,,,Fire]Kilowattrel||FocusSash|WindPower|Thunderbolt,AirSlash,Tailwind,Protect|||F|||50|,,,,,Ghost
|inactive|Battle timer is ON: inactive players will automatically lose when time's up. (requested by Harry Koekenpan)
|
|t:|1756840135
|teamsize|p1|4
|teamsize|p2|4
|start
|switch|p1a: Talonflame|Talonflame, L50, F|100/100
|switch|p1b: Ursaluna|Ursaluna-Bloodmoon, L50, M|100/100
|switch|p2a: Milotic|Milotic, L50, M|100/100
|switch|p2b: Kilowattrel|Kilowattrel, L50, F|100/100
|turn|1
|
|t:|1756840155
|-terastallize|p1b: Ursaluna|Normal
|move|p1a: Talonflame|Tailwind|p1a: Talonflame
|-sidestart|p1: Harry Koekenpan|move: Tailwind
|move|p1b: Ursaluna|Hyper Voice|p2a: Milotic|[spread] p2a,p2b
|-damage|p2a: Milotic|67/100
|-enditem|p2b: Kilowattrel|Focus Sash
|-damage|p2b: Kilowattrel|1/100
|-damage|p1b: Ursaluna|91/100|[from] item: Life Orb
|move|p2b: Kilowattrel|Tailwind|p2b: Kilowattrel
|-sidestart|p2: psychic system|move: Tailwind
|-start|p2b: Kilowattrel|Charge|Tailwind|[from] ability: Wind Power
|move|p2a: Milotic|Muddy Water|p1b: Ursaluna|[spread] p1a,p1b
|-supereffective|p1a: Talonflame
|-damage|p1a: Talonflame|23/100
|-damage|p1b: Ursaluna|57/100
|
|upkeep
|turn|2
|l|☆psychic system
|inactive|psychic system disconnected and has a minute to reconnect!
|player|p2|
|j|☆psychic system
|inactive|psychic system reconnected and has 40 seconds left.
|player|p2|psychic system|lucas|
|inactive|psychic system has 30 seconds left.
|inactive|psychic system has 20 seconds left.
|inactive|psychic system has 15 seconds left.
|inactive|psychic system has 10 seconds left.
|inactive|psychic system has 5 seconds left.
|
|t:|1756840207
|move|p1a: Talonflame|Flare Blitz|p2b: Kilowattrel
|-damage|p2b: Kilowattrel|0 fnt
|faint|p2b: Kilowattrel
|-damage|p1a: Talonflame|22/100|[from] Recoil
|move|p2a: Milotic|Muddy Water|p1a: Talonflame|[spread] p1a,p1b
|-supereffective|p1a: Talonflame
|-damage|p1a: Talonflame|0 fnt
|-damage|p1b: Ursaluna|24/100
|faint|p1a: Talonflame
|move|p1b: Ursaluna|Blood Moon|p2a: Milotic
|-crit|p2a: Milotic
|-damage|p2a: Milotic|0 fnt
|faint|p2a: Milotic
|-damage|p1b: Ursaluna|14/100|[from] item: Life Orb
|
|upkeep
|inactive|psychic system has 30 seconds left.
|inactive|psychic system has 20 seconds left.
|
|t:|1756840247
|switch|p1a: Indeedee|Indeedee, L50, M|100/100
|switch|p2b: Amoonguss|Amoonguss, L50, M|100/100
|switch|p2a: Florges|Florges, L50, F|100/100
|-fieldstart|move: Psychic Terrain|[from] ability: Psychic Surge|[of] p1a: Indeedee
|turn|3
|
|t:|1756840267
|-terastallize|p2b: Amoonguss|Water
|move|p1a: Indeedee|Expanding Force|p2a: Florges|[spread] p2a,p2b
|-damage|p2a: Florges|66/100
|-damage|p2b: Amoonguss|50/100
|-enditem|p2b: Amoonguss|Sitrus Berry|[eat]
|-heal|p2b: Amoonguss|75/100|[from] item: Sitrus Berry
|move|p1b: Ursaluna|Hyper Voice|p2a: Florges|[spread] p2a,p2b
|-crit|p2a: Florges
|-damage|p2a: Florges|0 fnt
|-damage|p2b: Amoonguss|14/100
|faint|p2a: Florges
|-damage|p1b: Ursaluna|5/100|[from] item: Life Orb
|move|p2b: Amoonguss|Spore|p1a: Indeedee
|-status|p1a: Indeedee|slp|[from] move: Spore
|
|upkeep
|turn|4
|
|t:|1756840286
|cant|p1a: Indeedee|slp
|move|p1b: Ursaluna|Blood Moon|p2b: Amoonguss
|-damage|p2b: Amoonguss|0 fnt
|faint|p2b: Amoonguss
|-damage|p1b: Ursaluna|0 fnt|[from] item: Life Orb
|faint|p1b: Ursaluna
|
|win|Harry Koekenpan
|raw|Harry Koekenpan's rating: 1121 → 1150(+29 for winning)
|raw|psychic system's rating: 1180 → 1151(-29 for losing)
