|j|☆jumeninja
|j|☆Worsuhluna
|html|jumeninjaWorsuhluna    
|uhtml|bestof|Game 3 of a best-of-3
|t:|1783097550
|gametype|doubles
|player|p1|jumeninja|gambler|1102
|player|p2|Worsuhluna|lance|1000
|gen|9
|tier|[Gen 9 Champions] VGC 2026 Reg M-B (Bo3)
|rated|
|rule|Species Clause: Limit one of each Pokémon
|rule|Item Clause: Limit 1 of each item
|clearpoke
|poke|p1|Beedrill, L50, M|
|poke|p1|Swampert, L50, M|
|poke|p1|Farigiraf, L50, M|
|poke|p1|Archaludon, L50, M|
|poke|p1|Pelipper, L50, M|
|poke|p1|Incineroar, L50, F|
|poke|p2|Staraptor, L50, M|
|poke|p2|Farigiraf, L50, F|
|poke|p2|Vileplume, L50, F|
|poke|p2|Aerodactyl, L50, F, shiny|
|poke|p2|Mawile, L50, M, shiny|
|poke|p2|Torkoal, L50, F, shiny|
|teampreview|4
|showteam|p1|Beedrill||Beedrillite|Swarm|PoisonJab,DrillRun,Uturn,Protect|Jolly||M|||50|]Swampert||Swampertite|Torrent|WaveCrash,HighHorsepower,RockSlide,Protect|Adamant||M|||50|]Farigiraf||SitrusBerry|ArmorTail|RainDance,Psychic,TrickRoom,HelpingHand|Bold||M|||50|]Archaludon||Leftovers|Stamina|FlashCannon,DragonPulse,ElectroShot,Protect|Modest||M|||50|]Pelipper||LifeOrb|Drizzle|WeatherBall,Hurricane,WideGuard,Tailwind|Modest||M|||50|]Incineroar||PasshoBerry|Intimidate|ThroatChop,FlareBlitz,PartingShot,FakeOut|Adamant||F|||50|
|showteam|p2|Staraptor||ChoiceScarf|Intimidate|FinalGambit,DualWingbeat,CloseCombat,Uturn|Jolly||M|||50|]Farigiraf||ColburBerry|ArmorTail|Psychic,TrickRoom,HelpingHand,Protect|Calm||F|||50|]Vileplume||FocusSash|Chlorophyll|SludgeBomb,SleepPowder,SolarBeam,AfterYou|Timid||F|||50|]Aerodactyl||Aerodactylite|Unnerve|RockSlide,DualWingbeat,Tailwind,WideGuard|Jolly||F|||50|]Mawile||Mawilite|Intimidate|IronHead,PlayRough,KnockOff,Protect|Adamant||M|||50|]Torkoal||Charcoal|Drought|Eruption,HeatWave,AncientPower,Protect|Quiet||F|||50|
|inactive|Battle timer is ON: inactive players will automatically lose when time's up. (requested by jumeninja)
|inactive|Worsuhluna has 60 seconds left.
|
|t:|1783097593
|teamsize|p1|4
|teamsize|p2|4
|start
|switch|p1a: Incineroar|Incineroar, L50, F|100/100
|switch|p1b: Beedrill|Beedrill, L50, M|100/100
|switch|p2a: Aerodactyl|Aerodactyl, L50, F, shiny|100/100
|switch|p2b: Farigiraf|Farigiraf, L50, F|100/100
|-ability|p2a: Aerodactyl|Unnerve
|-ability|p1a: Incineroar|Intimidate|boost
|-unboost|p2a: Aerodactyl|atk|1
|-unboost|p2b: Farigiraf|atk|1
|turn|1
|
|t:|1783097617
|detailschange|p2a: Aerodactyl|Aerodactyl-Mega, L50, F, shiny
|-mega|p2a: Aerodactyl|Aerodactyl|Aerodactylite
|detailschange|p1b: Beedrill|Beedrill-Mega, L50, M
|-mega|p1b: Beedrill|Beedrill|Beedrillite
|move|p2a: Aerodactyl|Rock Slide|p1b: Beedrill|[spread] p1a,p1b
|-supereffective|p1a: Incineroar|1
|-supereffective|p1b: Beedrill|1
|-damage|p1a: Incineroar|70/100
|-damage|p1b: Beedrill|18/100
|move|p1b: Beedrill|U-turn|p2b: Farigiraf
|-supereffective|p2b: Farigiraf|1
|-damage|p2b: Farigiraf|0 fnt
|faint|p2b: Farigiraf
|
|t:|1783097630
|switch|p1b: Pelipper|Pelipper, L50, M|100/100|[from] U-turn
|-weather|RainDance|[from] ability: Drizzle|[of] p1b: Pelipper
|move|p1a: Incineroar|Throat Chop|p2a: Aerodactyl
|-damage|p2a: Aerodactyl|51/100
|-start|p2a: Aerodactyl|Throat Chop|[silent]
|
|-weather|RainDance|[upkeep]
|upkeep
|
|t:|1783097640
|switch|p2b: Staraptor|Staraptor, L50, M|100/100
|-ability|p2b: Staraptor|Intimidate|boost
|-unboost|p1a: Incineroar|atk|1
|-unboost|p1b: Pelipper|atk|1
|turn|2
|
|t:|1783097659
|move|p2b: Staraptor|Final Gambit|p1a: Incineroar
|-damage|p1a: Incineroar|0 fnt
|faint|p2b: Staraptor
|faint|p1a: Incineroar
|move|p2a: Aerodactyl|Dual Wingbeat|p1b: Pelipper
|-damage|p1b: Pelipper|83/100
|-damage|p1b: Pelipper|63/100
|-hitcount|p1b: Pelipper|2
|move|p1b: Pelipper|Weather Ball|p2a: Aerodactyl
|-supereffective|p2a: Aerodactyl|1
|-damage|p2a: Aerodactyl|0 fnt
|faint|p2a: Aerodactyl
|-damage|p1b: Pelipper|53/100|[from] item: Life Orb
|
|-weather|RainDance|[upkeep]
|upkeep
|
|t:|1783097669
|switch|p2b: Torkoal|Torkoal, L50, F, shiny|100/100
|switch|p1a: Beedrill|Beedrill-Mega, L50, M|18/100
|-weather|SunnyDay|[from] ability: Drought|[of] p2b: Torkoal
|turn|3
|
|t:|1783097687
|move|p1a: Beedrill|Drill Run|p2b: Torkoal
|-supereffective|p2b: Torkoal|1
|-damage|p2b: Torkoal|54/100
|move|p1b: Pelipper|Weather Ball|p2b: Torkoal
|-resisted|p2b: Torkoal|1
|-damage|p2b: Torkoal|11/100
|-damage|p1b: Pelipper|44/100|[from] item: Life Orb
|move|p2b: Torkoal|Heat Wave|p1b: Pelipper|[spread] p1a,p1b
|-supereffective|p1a: Beedrill|1
|-resisted|p1b: Pelipper|1
|-damage|p1a: Beedrill|0 fnt
|-damage|p1b: Pelipper|8/100
|faint|p1a: Beedrill
|
|-weather|SunnyDay|[upkeep]
|upkeep
|
|t:|1783097696
|switch|p1a: Archaludon|Archaludon, L50, M|100/100
|turn|4
|c|☆Worsuhluna|Ggs
|c|☆jumeninja|ggwp
|inactive|Worsuhluna has 30 seconds left.
|c|☆Worsuhluna|Shoulda hit final gambit on your pelipper lol good rounds though
|
|t:|1783097726
|move|p1a: Archaludon|Dragon Pulse|p2b: Torkoal
|-damage|p2b: Torkoal|0 fnt
|faint|p2b: Torkoal
|
|win|jumeninja
|raw|jumeninja's rating: 1102 → 1120(+18 for winning)
|raw|Worsuhluna's rating: 1000 → 1000(+0 for losing)
