|j|☆ImClarenceClaymore
|j|☆BBnoCrit$
|html|ImClarenceClaymoreBBnoCrit$    
|uhtml|bestof|Game 1 of a best-of-3
|t:|1756336236
|gametype|doubles
|player|p1|ImClarenceClaymore|pokemaniac|1110
|player|p2|BBnoCrit$|burglar|1148
|gen|9
|tier|[Gen 9] VGC 2025 Reg H (Bo3)
|rated|
|rule|Species Clause: Limit one of each Pokémon
|rule|Item Clause: Limit 1 of each item
|clearpoke
|poke|p1|Kingambit, L50, M|
|poke|p1|Sneasler, L50, F|
|poke|p1|Dragonite, L50, F|
|poke|p1|Volcarona, L50, F|
|poke|p1|Ursaluna-Bloodmoon, L50, M|
|poke|p1|Sinistcha-Masterpiece, L50|
|poke|p2|Smeargle, L50, M|
|poke|p2|Ursaluna-Bloodmoon, L50, M|
|poke|p2|Kingambit, L50, M|
|poke|p2|Volcarona, L50, F|
|poke|p2|Weezing-Galar, L50, F|
|poke|p2|Incineroar, L50, F|
|teampreview|4
|showteam|p1|Kingambit||BlackGlasses|Defiant|Protect,KowtowCleave,SwordsDance,SuckerPunch|||M|||50|,,,,,Dark]Sneasler||FocusSash|Unburden|FakeOut,CloseCombat,DireClaw,Coaching|||F|||50|,,,,,Stellar]Dragonite||LoadedDice|Multiscale|Protect,ScaleShot,Tailwind,Haze|||F|||50|,,,,,Dragon]Volcarona||Leftovers|FlameBody|Protect,QuiverDance,GigaDrain,FieryDance|||F|||50|,,,,,Grass]Ursaluna-Bloodmoon||LifeOrb|MindsEye|Protect,BloodMoon,EarthPower,HyperVoice|||M|||50|,,,,,Ghost]Sinistcha-Masterpiece||SitrusBerry|Hospitality|Protect,MatchaGotcha,RagePowder,TrickRoom||||||50|,,,,,Fairy
|showteam|p2|Smeargle||FocusSash|Moody|Spore,FollowMe,FakeOut,SpikyShield|||M|||50|,,,,,Ghost]Ursaluna-Bloodmoon||AssaultVest|MindsEye|HyperVoice,EarthPower,BloodMoon,Protect|||M|||50|,,,,,Normal]Kingambit||LifeOrb|Defiant|SuckerPunch,IronHead,KowtowCleave,Protect|||M|||50|,,,,,Dark]Volcarona||Leftovers|FlameBody|QuiverDance,HeatWave,GigaDrain,Protect|||F|||50|,,,,,Dragon]Weezing-Galar||SitrusBerry|MistySurge|DazzlingGleam,Taunt,ClearSmog,Protect|||F|||50|,,,,,Grass]Incineroar||SafetyGoggles|Intimidate|KnockOff,FlareBlitz,PartingShot,FakeOut|||F|||50|,,,,,Ghost
|inactive|Battle timer is ON: inactive players will automatically lose when time's up. (requested by BBnoCrit$)
|
|t:|1756336304
|teamsize|p1|4
|teamsize|p2|4
|start
|switch|p1a: Sneasler|Sneasler, L50, F|100/100
|switch|p1b: Dragonite|Dragonite, L50, F|100/100
|switch|p2a: Smeargle|Smeargle, L50, M|100/100
|switch|p2b: Volcarona|Volcarona, L50, F|100/100
|turn|1
|inactive|ImClarenceClaymore has 30 seconds left.
|inactive|BBnoCrit$ has 30 seconds left.
|inactive|ImClarenceClaymore has 20 seconds left.
|inactive|ImClarenceClaymore has 15 seconds left.
|
|t:|1756336348
|move|p2a: Smeargle|Spiky Shield|p2a: Smeargle
|-singleturn|p2a: Smeargle|move: Protect
|move|p1a: Sneasler|Coaching|p1b: Dragonite
|-boost|p1b: Dragonite|atk|1
|-boost|p1b: Dragonite|def|1
|move|p1b: Dragonite|Scale Shot|p2a: Smeargle
|-activate|p2a: Smeargle|move: Protect
|move|p2b: Volcarona|Quiver Dance|p2b: Volcarona
|-boost|p2b: Volcarona|spa|1
|-boost|p2b: Volcarona|spd|1
|-boost|p2b: Volcarona|spe|1
|
|-ability|p2a: Smeargle|Moody|boost
|-boost|p2a: Smeargle|def|2
|-unboost|p2a: Smeargle|spe|1
|upkeep
|turn|2
|inactive|ImClarenceClaymore has 30 seconds left.
|inactive|BBnoCrit$ has 30 seconds left.
|
|t:|1756336381
|move|p2a: Smeargle|Follow Me|p2a: Smeargle
|-singleturn|p2a: Smeargle|move: Follow Me
|move|p2b: Volcarona|Heat Wave|p1b: Dragonite|[spread] p1b
|-miss|p2b: Volcarona|p1a: Sneasler
|-resisted|p1b: Dragonite
|-damage|p1b: Dragonite|86/100
|move|p1a: Sneasler|Coaching|p1b: Dragonite
|-boost|p1b: Dragonite|atk|1
|-boost|p1b: Dragonite|def|1
|move|p1b: Dragonite|Scale Shot|p2a: Smeargle
|-damage|p2a: Smeargle|67/100
|-damage|p2a: Smeargle|36/100
|-damage|p2a: Smeargle|4/100
|-damage|p2a: Smeargle|0 fnt
|faint|p2a: Smeargle
|-hitcount|p2: Smeargle|4
|-unboost|p1b: Dragonite|def|1
|-boost|p1b: Dragonite|spe|1
|
|upkeep
|
|t:|1756336399
|switch|p2a: Kingambit|Kingambit, L50, M|100/100
|turn|3
|c|☆BBnoCrit$|kekw
|inactive|ImClarenceClaymore has 30 seconds left.
|inactive|ImClarenceClaymore has 20 seconds left.
|
|t:|1756336439
|switch|p1a: Sinistcha|Sinistcha-Masterpiece, L50|100/100
|-heal|p1b: Dragonite|100/100|[from] ability: Hospitality|[of] p1a: Sinistcha
|-terastallize|p2a: Kingambit|Dark
|move|p2a: Kingambit|Sucker Punch|p1b: Dragonite
|-damage|p1b: Dragonite|74/100
|-damage|p2a: Kingambit|91/100|[from] item: Life Orb
|move|p1b: Dragonite|Scale Shot|p2b: Volcarona
|-damage|p2b: Volcarona|68/100
|-damage|p2b: Volcarona|36/100
|-damage|p2b: Volcarona|3/100
|-damage|p2b: Volcarona|0 fnt
|faint|p2b: Volcarona
|-hitcount|p2: Volcarona|4
|-unboost|p1b: Dragonite|def|1
|-boost|p1b: Dragonite|spe|1
|
|upkeep
|
|t:|1756336458
|switch|p2b: Ursaluna|Ursaluna-Bloodmoon, L50, M|100/100
|turn|4
|inactive|ImClarenceClaymore has 30 seconds left.
|
|t:|1756336489
|move|p1a: Sinistcha|Rage Powder|p1a: Sinistcha
|-singleturn|p1a: Sinistcha|move: Rage Powder
|move|p1b: Dragonite|Scale Shot|p2b: Ursaluna
|-damage|p2b: Ursaluna|79/100
|-damage|p2b: Ursaluna|57/100
|-damage|p2b: Ursaluna|37/100
|-damage|p2b: Ursaluna|14/100
|-crit|p2b: Ursaluna
|-damage|p2b: Ursaluna|0 fnt
|faint|p2b: Ursaluna
|-hitcount|p2: Ursaluna|5
|-unboost|p1b: Dragonite|def|1
|-boost|p1b: Dragonite|spe|1
|move|p2a: Kingambit|Kowtow Cleave|p1a: Sinistcha
|-supereffective|p1a: Sinistcha
|-damage|p1a: Sinistcha|0 fnt
|faint|p1a: Sinistcha
|-damage|p2a: Kingambit|81/100|[from] item: Life Orb
|
|upkeep
|-message|BBnoCrit$ forfeited.
|
|win|ImClarenceClaymore
||BBnoCrit$ is ready for game 2.
||ImClarenceClaymore is ready for game 2.
|uhtml|next|Next: Game 2 of 3
|l|☆BBnoCrit$
|player|p2|
