|j|☆WASHINGTONGARGACHA
|j|☆laufey#1fan
|html|WASHINGTONGARGACHAlaufey#1fan    
|uhtml|bestof|Game 2 of a best-of-3
|t:|1756530029
|gametype|doubles
|player|p1|WASHINGTONGARGACHA|170|1226
|player|p2|laufey#1fan|lady|1202
|gen|9
|tier|[Gen 9] VGC 2025 Reg H (Bo3)
|rated|
|rule|Species Clause: Limit one of each Pokémon
|rule|Item Clause: Limit 1 of each item
|clearpoke
|poke|p1|Gholdengo, L50|
|poke|p1|Ursaluna, L50, M|
|poke|p1|Archaludon, L50, M|
|poke|p1|Murkrow, L50, M|
|poke|p1|Farigiraf, L50, F|
|poke|p1|Palafin, L50, F|
|poke|p2|Gholdengo, L50|
|poke|p2|Ursaluna-Bloodmoon, L50, M|
|poke|p2|Incineroar, L50, F|
|poke|p2|Maushold-Four, L50|
|poke|p2|Annihilape, L50, M|
|poke|p2|Dragonite, L50, F|
|teampreview|4
|showteam|p1|Gholdengo||LifeOrb|GoodasGold|ShadowBall,MakeItRain,NastyPlot,Protect||||||50|,,,,,Water]Ursaluna||FlameOrb|Guts|Facade,Earthquake,Protect,HeadlongRush|||M|||50|,,,,,Ghost]Archaludon||PowerHerb|Stamina|ElectroShot,FlashCannon,DracoMeteor,Protect|||M|||50|,,,,,Grass]Murkrow||Eviolite|Prankster|Tailwind,RainDance,FoulPlay,Haze|||M|||50|,,,,,Dark]Farigiraf||ThroatSpray|ArmorTail|HyperVoice,TrickRoom,Psychic,Protect|||F|||50|,,,,,Fairy]Palafin||MysticWater|ZerotoHero|FlipTurn,Protect,JetPunch,WaveCrash|||F|||50|,,,,,Water
|showteam|p2|Gholdengo||LifeOrb|GoodasGold|MakeItRain,NastyPlot,ShadowBall,Protect||||||50|,,,,,Water]Ursaluna-Bloodmoon||AssaultVest|MindsEye|BloodMoon,EarthPower,HyperVoice,VacuumWave|||M|||50|,,,,,Water]Incineroar||SafetyGoggles|Intimidate|FakeOut,FlareBlitz,PartingShot,KnockOff|||F|||50|,,,,,Ghost]Maushold-Four||FocusSash|FriendGuard|SuperFang,FollowMe,BeatUp,Protect||||||50|,,,,,Grass]Annihilape||SitrusBerry|Defiant|DrainPunch,BulkUp,RageFist,Protect|||M|||50|,,,,,Fire]Dragonite||LoadedDice|Multiscale|ScaleShot,ExtremeSpeed,Protect,Tailwind|||F|||50|,,,,,Fairy
|
|t:|1756530063
|teamsize|p1|4
|teamsize|p2|4
|start
|switch|p1a: Farigiraf|Farigiraf, L50, F|100/100
|switch|p1b: Palafin|Palafin, L50, F|100/100
|switch|p2a: Carousel|Maushold-Four, L50|100/100
|switch|p2b: Sabotage|Annihilape, L50, M, shiny|100/100
|turn|1
|inactive|Battle timer is ON: inactive players will automatically lose when time's up. (requested by laufey#1fan)
|inactive|WASHINGTONGARGACHA has 60 seconds left.
|
|t:|1756530099
|-terastallize|p1a: Farigiraf|Fairy
|move|p2a: Carousel|Super Fang|p1a: Farigiraf
|-damage|p1a: Farigiraf|51/100
|move|p1b: Palafin|Flip Turn|p2a: Carousel
|-damage|p2a: Carousel|70/100
|
|t:|1756530108
|detailschange|p1b: Palafin|Palafin-Hero, L50, F
|switch|p1b: Ursaluna|Ursaluna, L50, M|100/100|[from] Flip Turn
|move|p2b: Sabotage|Bulk Up|p2b: Sabotage
|-boost|p2b: Sabotage|atk|1
|-boost|p2b: Sabotage|def|1
|move|p1a: Farigiraf|Trick Room|p1a: Farigiraf
|-fieldstart|move: Trick Room|[of] p1a: Farigiraf
|
|-status|p1b: Ursaluna|brn|[from] item: Flame Orb
|upkeep
|turn|2
|inactive|WASHINGTONGARGACHA has 30 seconds left.
|inactive|WASHINGTONGARGACHA has 20 seconds left.
|
|t:|1756530145
|move|p2a: Carousel|Follow Me|p2a: Carousel
|-singleturn|p2a: Carousel|move: Follow Me
|move|p1a: Farigiraf|Psychic|p2a: Carousel
|-damage|p2a: Carousel|22/100
|move|p1b: Ursaluna|Headlong Rush|p2a: Carousel
|-damage|p2a: Carousel|0 fnt
|-unboost|p1b: Ursaluna|def|1
|-unboost|p1b: Ursaluna|spd|1
|faint|p2a: Carousel
|move|p2b: Sabotage|Drain Punch|p1b: Ursaluna
|-supereffective|p1b: Ursaluna
|-damage|p1b: Ursaluna|2/100 brn
|
|-damage|p1b: Ursaluna|0 fnt|[from] brn
|faint|p1b: Ursaluna
|upkeep
|
|t:|1756530163
|switch|p1b: Archaludon|Archaludon, L50, M|100/100
|switch|p2a: Mr.Eclectic|Ursaluna-Bloodmoon, L50, M|100/100
|turn|3
|
|t:|1756530179
|move|p1b: Archaludon|Protect|p1b: Archaludon
|-singleturn|p1b: Archaludon|Protect
|move|p2a: Mr.Eclectic|Blood Moon|p1a: Farigiraf
|-damage|p1a: Farigiraf|0 fnt
|faint|p1a: Farigiraf
|move|p2b: Sabotage|Drain Punch|p1b: Archaludon
|-activate|p1b: Archaludon|move: Protect
|
|upkeep
|
|t:|1756530188
|switch|p1a: Palafin|Palafin-Hero, L50, F|100/100
|-activate|p1a: Palafin|ability: Zero to Hero
|turn|4
|inactive|laufey#1fan has 30 seconds left.
|
|t:|1756530218
|move|p1a: Palafin|Jet Punch|p2b: Sabotage
|-damage|p2b: Sabotage|74/100
|move|p2a: Mr.Eclectic|Earth Power|p1b: Archaludon
|-supereffective|p1b: Archaludon
|-damage|p1b: Archaludon|0 fnt
|faint|p1b: Archaludon
|move|p2b: Sabotage|Drain Punch|p1a: Palafin
|-damage|p1a: Palafin|55/100
|-heal|p2b: Sabotage|92/100|[from] drain|[of] p1a: Palafin
|
|upkeep
|turn|5
|-message|WASHINGTONGARGACHA forfeited.
|
|win|laufey#1fan
|raw|WASHINGTONGARGACHA's rating: 1226 → 1199(-27 for losing)
|raw|laufey#1fan's rating: 1202 → 1229(+27 for winning)
|l|☆WASHINGTONGARGACHA
|player|p1|
