|j|☆LastHorzion
|j|☆pabloblo
|html|LastHorzionpabloblo    
|uhtml|bestof|Game 2 of a best-of-3
|t:|1756991635
|gametype|doubles
|player|p1|LastHorzion|steven|1333
|player|p2|pabloblo|guitarist|1407
|gen|9
|tier|[Gen 9] VGC 2025 Reg H (Bo3)
|rated|
|rule|Species Clause: Limit one of each Pokémon
|rule|Item Clause: Limit 1 of each item
|clearpoke
|poke|p1|Sneasler, L50, F|
|poke|p1|Ursaluna-Bloodmoon, L50, M|
|poke|p1|Whimsicott, L50, F|
|poke|p1|Typhlosion-Hisui, L50, M|
|poke|p1|Indeedee, L50, M|
|poke|p1|Dragapult, L50, M|
|poke|p2|Torkoal, L50, M|
|poke|p2|Indeedee-F, L50, F|
|poke|p2|Armarouge, L50, F|
|poke|p2|Ursaluna, L50, F|
|poke|p2|Kingambit, L50, M|
|poke|p2|Maushold, L50|
|teampreview|4
|showteam|p1|Sneasler||PsychicSeed|Unburden|CloseCombat,DireClaw,ThroatChop,Protect|||F|||50|,,,,,Dark]Ursaluna-Bloodmoon||LifeOrb|MindsEye|BloodMoon,EarthPower,HyperVoice,Protect|||M|||50|,,,,,Ghost]Whimsicott||CovertCloak|Prankster|Tailwind,Moonblast,Encore,SunnyDay|||F|||50|,,,,,Water]Typhlosion-Hisui||ChoiceScarf|Blaze|Eruption,ShadowBall,HeatWave,Overheat|||M|||50|,,,,,Fire]Indeedee||FocusSash|PsychicSurge|ExpandingForce,TeraBlast,Imprison,TrickRoom|||M|||50|,,,,,Ground]Dragapult||ChoiceBand|ClearBody|DragonDarts,Uturn,PhantomForce,Outrage|||M|||50|,,,,,Dragon
|showteam|p2|Torkoal||Charcoal|Drought|Eruption,Overheat,HelpingHand,Protect|||M|||50|,,,,,Fire]Indeedee-F||SafetyGoggles|PsychicSurge|FollowMe,Psychic,TrickRoom,HelpingHand|||F|||50|,,,,,Water]Armarouge||PowerHerb|FlashFire|ArmorCannon,MeteorBeam,ExpandingForce,TrickRoom|||F|||50|,,,,,Grass]Ursaluna||FlameOrb|Guts|Facade,HeadlongRush,Earthquake,Protect|||F|||50|,,,,,Ghost]Kingambit||AssaultVest|Defiant|KowtowCleave,IronHead,SuckerPunch,LowKick|||M|||50|,,,,,Flying]Maushold||WideLens|Technician|PopulationBomb,FollowMe,Taunt,Protect||||||50|,,,,,Ghost
|inactive|Battle timer is ON: inactive players will automatically lose when time's up. (requested by LastHorzion)
|inactive|LastHorzion has 60 seconds left.
|
|t:|1756991679
|teamsize|p1|4
|teamsize|p2|4
|start
|switch|p1a: Ursaluna|Ursaluna-Bloodmoon, L50, M|100/100
|switch|p1b: Typhlosion|Typhlosion-Hisui, L50, M|100/100
|switch|p2a: Indeedee|Indeedee-F, L50, F|100/100
|switch|p2b: Maushold|Maushold, L50|100/100
|-fieldstart|move: Psychic Terrain|[from] ability: Psychic Surge|[of] p2a: Indeedee
|turn|1
|inactive|LastHorzion has 30 seconds left.
|inactive|pabloblo has 30 seconds left.
|
|t:|1756991709
|switch|p2b: Armarouge|Armarouge, L50, F|100/100
|-terastallize|p1a: Ursaluna|Ghost
|-terastallize|p2a: Indeedee|Water
|move|p1b: Typhlosion|Eruption|p2b: Armarouge|[spread] p2a
|-start|p2b: Armarouge|ability: Flash Fire
|-resisted|p2a: Indeedee
|-damage|p2a: Indeedee|73/100
|move|p1a: Ursaluna|Blood Moon|p2a: Indeedee
|-damage|p2a: Indeedee|0 fnt
|faint|p2a: Indeedee
|-damage|p1a: Ursaluna|91/100|[from] item: Life Orb
|
|upkeep
|inactive|pabloblo has 30 seconds left.
|
|t:|1756991741
|switch|p2a: Maushold|Maushold, L50|100/100
|turn|2
|inactive|LastHorzion has 30 seconds left.
|inactive|LastHorzion has 20 seconds left.
|
|t:|1756991776
|switch|p1b: Indeedee|Indeedee, L50, M, shiny|100/100
|move|p2a: Maushold|Protect|p2a: Maushold
|-singleturn|p2a: Maushold|Protect
|move|p1a: Ursaluna|Hyper Voice|p2b: Armarouge|[spread] p2b
|-activate|p2a: Maushold|move: Protect
|-damage|p2b: Armarouge|41/100
|-damage|p1a: Ursaluna|81/100|[from] item: Life Orb
|move|p2b: Armarouge|Trick Room|p2b: Armarouge
|-fieldstart|move: Trick Room|[of] p2b: Armarouge
|
|upkeep
|turn|3
|inactive|LastHorzion has 30 seconds left.
|inactive|pabloblo has 30 seconds left.
|
|t:|1756991809
|move|p2b: Armarouge|Expanding Force|p1b: Indeedee|[spread] p1a,p1b
|-resisted|p1b: Indeedee
|-damage|p1a: Ursaluna|0 fnt
|-damage|p1b: Indeedee|56/100
|faint|p1a: Ursaluna
|move|p2a: Maushold|Population Bomb|p1b: Indeedee
|-damage|p1b: Indeedee|31/100
|-damage|p1b: Indeedee|5/100
|-damage|p1b: Indeedee|0 fnt
|faint|p1b: Indeedee
|-hitcount|p1: Indeedee|3
|
|upkeep
|
|t:|1756991814
|switch|p1a: Sneasler|Sneasler, L50, F|100/100
|switch|p1b: Typhlosion|Typhlosion-Hisui, L50, M|100/100
|-enditem|p1a: Sneasler|Psychic Seed
|-boost|p1a: Sneasler|spd|1|[from] item: Psychic Seed
|turn|4
|
|t:|1756991829
|move|p1a: Sneasler|Protect|p1a: Sneasler
|-singleturn|p1a: Sneasler|Protect
|move|p2b: Armarouge|Meteor Beam||[still]
|-prepare|p2b: Armarouge|Meteor Beam
|-boost|p2b: Armarouge|spa|1
|-enditem|p2b: Armarouge|Power Herb
|-anim|p2b: Armarouge|Meteor Beam|p1b: Typhlosion
|-supereffective|p1b: Typhlosion
|-damage|p1b: Typhlosion|0 fnt
|faint|p1b: Typhlosion
|move|p2a: Maushold|Population Bomb|p1a: Sneasler
|-activate|p1a: Sneasler|move: Protect
|
|upkeep
|turn|5
|-message|LastHorzion forfeited.
|
|win|pabloblo
|raw|LastHorzion's rating: 1333 → 1317(-16 for losing)
|raw|pabloblo's rating: 1407 → 1423(+16 for winning)
|c|☆pabloblo|ggs
|l|☆pabloblo
|player|p2|
|c|☆LastHorzion|ggs
