|j|☆sille rovert
|j|☆Dudthestud
|html|sille rovertDudthestud    
|uhtml|bestof|Game 2 of a best-of-3
|t:|1756334256
|gametype|doubles
|player|p1|sille rovert|trevor|1178
|player|p2|Dudthestud|170|1097
|gen|9
|tier|[Gen 9] VGC 2025 Reg H (Bo3)
|rated|
|rule|Species Clause: Limit one of each Pokémon
|rule|Item Clause: Limit 1 of each item
|clearpoke
|poke|p1|Electabuzz, L50, F|
|poke|p1|Ursaluna-Bloodmoon, L50, M|
|poke|p1|Ninetales-Alola, L50, M|
|poke|p1|Sinistcha-Masterpiece, L50|
|poke|p1|Sneasler, L50, M|
|poke|p1|Arcanine-Hisui, L50, F|
|poke|p2|Tauros-Paldea-Blaze, L50, M|
|poke|p2|Torkoal, L50, M|
|poke|p2|Dragonite, L50, M|
|poke|p2|Garchomp, L50, F|
|poke|p2|Charizard, L50, F|
|poke|p2|Whimsicott, L50, F|
|teampreview|4
|showteam|p1|Electabuzz||Eviolite|VitalSpirit|Electroweb,FollowMe,Taunt,Protect|||F|||50|,,,,,Ghost]Ursaluna-Bloodmoon||AssaultVest|MindsEye|BloodMoon,HyperVoice,EarthPower,VacuumWave|||M|||50|,,,,,Normal]Ninetales-Alola||NeverMeltIce|SnowWarning|Blizzard,FreezeDry,AuroraVeil,Protect|||M|||50|,,,,,Ghost]Sinistcha-Masterpiece||SitrusBerry|Hospitality|MatchaGotcha,Protect,RagePowder,TrickRoom||||||50|,,,,,Water]Sneasler||FocusSash|PoisonTouch|DireClaw,CloseCombat,FakeOut,Protect|||M|||50|,,,,,Stellar]Arcanine-Hisui||LifeOrb|Intimidate|FlareBlitz,RockSlide,ExtremeSpeed,CloseCombat|||F|||50|,,,,,Fighting
|showteam|p2|Tauros-Paldea-Blaze||MirrorHerb|Intimidate|RagingBull,CloseCombat,RockSlide,Protect|||M|||50|,,,,,Stellar]Torkoal||EjectPack|Drought|Overheat,BurningJealousy,HelpingHand,Protect|||M|||50|,,,,,Fire]Dragonite||LoadedDice|Multiscale|ScaleShot,IceSpinner,ExtremeSpeed,Protect|||M|||50|,,,,,Fairy]Garchomp||LifeOrb|RoughSkin|DragonClaw,Earthquake,StompingTantrum,Protect|||F|||50|,,,,,Fairy]Charizard||ChoiceSpecs|SolarPower|HeatWave,AirSlash,WeatherBall,ScorchingSands|||F|||50|,,,,,Ghost]Whimsicott||FocusSash|Prankster|Moonblast,Protect,SunnyDay,Tailwind|||F|||50|,,,,,Ghost
|inactive|Battle timer is ON: inactive players will automatically lose when time's up. (requested by Dudthestud)
|inactive|sille rovert has 60 seconds left.
|inactive|Dudthestud has 60 seconds left.
|
|t:|1756334295
|teamsize|p1|4
|teamsize|p2|4
|start
|switch|p1a: Electabuzz|Electabuzz, L50, F|100/100
|switch|p1b: Arcanine|Arcanine-Hisui, L50, F|100/100
|switch|p2a: Whimsicott|Whimsicott, L50, F|100/100
|switch|p2b: Torkoal|Torkoal, L50, M|100/100
|-ability|p1b: Arcanine|Intimidate|boost
|-unboost|p2a: Whimsicott|atk|1
|-unboost|p2b: Torkoal|atk|1
|-weather|SunnyDay|[from] ability: Drought|[of] p2b: Torkoal
|-enditem|p2b: Torkoal|Eject Pack
|
|t:|1756334305
|switch|p2b: Tauros|Tauros-Paldea-Blaze, L50, M|100/100
|-ability|p2b: Tauros|Intimidate|boost
|-unboost|p1a: Electabuzz|atk|1
|-unboost|p1b: Arcanine|atk|1
|turn|1
|
|t:|1756334330
|-terastallize|p1b: Arcanine|Fighting
|-terastallize|p2b: Tauros|Stellar
|move|p2a: Whimsicott|Tailwind|p2a: Whimsicott
|-sidestart|p2: Dudthestud|move: Tailwind
|move|p2b: Tauros|Rock Slide|p1b: Arcanine|[spread] p1a,p1b
|-resisted|p1b: Arcanine
|-damage|p1a: Electabuzz|80/100
|-damage|p1b: Arcanine|86/100
|cant|p1b: Arcanine|flinch
|move|p1a: Electabuzz|Electroweb|p2b: Tauros|[spread] p2a,p2b
|-resisted|p2a: Whimsicott
|-damage|p2a: Whimsicott|89/100
|-damage|p2b: Tauros|79/100
|-unboost|p2a: Whimsicott|spe|1
|-unboost|p2b: Tauros|spe|1
|
|-weather|SunnyDay|[upkeep]
|upkeep
|turn|2
|inactive|sille rovert has 30 seconds left.
|
|t:|1756334361
|move|p1a: Electabuzz|Follow Me|p1a: Electabuzz
|-singleturn|p1a: Electabuzz|move: Follow Me
|move|p2a: Whimsicott|Moonblast|p1a: Electabuzz
|-damage|p1a: Electabuzz|57/100
|move|p2b: Tauros|Close Combat|p1a: Electabuzz
|-damage|p1a: Electabuzz|0 fnt
|-unboost|p2b: Tauros|def|1
|-unboost|p2b: Tauros|spd|1
|faint|p1a: Electabuzz
|move|p1b: Arcanine|Rock Slide|p2a: Whimsicott|[spread] p2a,p2b
|-damage|p2a: Whimsicott|53/100
|-damage|p2b: Tauros|35/100
|-damage|p1b: Arcanine|76/100|[from] item: Life Orb
|
|-weather|SunnyDay|[upkeep]
|upkeep
|
|t:|1756334371
|switch|p1a: Sinistcha|Sinistcha-Masterpiece, L50|100/100
|-heal|p1b: Arcanine|100/100|[from] ability: Hospitality|[of] p1a: Sinistcha
|turn|3
|
|t:|1756334377
|move|p1b: Arcanine|Extreme Speed|p2b: Tauros
|-damage|p2b: Tauros|0 fnt
|faint|p2b: Tauros
|-damage|p1b: Arcanine|90/100|[from] item: Life Orb
|move|p2a: Whimsicott|Moonblast|p1b: Arcanine
|-supereffective|p1b: Arcanine
|-damage|p1b: Arcanine|0 fnt
|faint|p1b: Arcanine
|move|p1a: Sinistcha|Trick Room|p1a: Sinistcha
|-fieldstart|move: Trick Room|[of] p1a: Sinistcha
|
|-weather|SunnyDay|[upkeep]
|upkeep
|
|t:|1756334387
|switch|p2b: Torkoal|Torkoal, L50, M|100/100
|switch|p1b: Ninetales|Ninetales-Alola, L50, M|100/100
|-weather|Snowscape|[from] ability: Snow Warning|[of] p1b: Ninetales
|turn|4
|-message|sille rovert forfeited.
|raw|sille rovert's rating: 1178 → 1147(-31 for losing)
|raw|Dudthestud's rating: 1097 → 1128(+31 for winning)
|
|win|Dudthestud
|l|☆sille rovert
|player|p1|
