|j|☆Jakobtc
|j|☆phenomsteelers08
|html|Jakobtcphenomsteelers08    
|uhtml|bestof|Game 2 of a best-of-3
|t:|1757909006
|gametype|doubles
|player|p1|Jakobtc|riley|1257
|player|p2|phenomsteelers08|1|1480
|gen|9
|tier|[Gen 9] VGC 2025 Reg H (Bo3)
|rated|
|rule|Species Clause: Limit one of each Pokémon
|rule|Item Clause: Limit 1 of each item
|clearpoke
|poke|p1|Drifblim, L50, F|
|poke|p1|Indeedee, L50, M|
|poke|p1|Arcanine-Hisui, L50, M|
|poke|p1|Garchomp, L50, F|
|poke|p1|Amoonguss, L50, F|
|poke|p1|Primarina, L50, M|
|poke|p2|Indeedee-F, L50, F|
|poke|p2|Whimsicott, L50, M|
|poke|p2|Annihilape, L50, M|
|poke|p2|Armarouge, L50, M|
|poke|p2|Dragapult, L50, F|
|poke|p2|Ursaluna-Bloodmoon, L50, M|
|teampreview|4
|showteam|p1|Drifblim||PsychicSeed|Unburden|Tailwind,StrengthSap,WillOWisp,Acrobatics|||F|||50|,,,,,Grass]Indeedee||FocusSash|PsychicSurge|ExpandingForce,TeraBlast,SkillSwap,Protect|||M|||50|,,,,,Fighting]Arcanine-Hisui||ChoiceBand|Intimidate|RockSlide,FlareBlitz,ExtremeSpeed,CloseCombat|||M|||50|,,,,,Water]Garchomp||LifeOrb|RoughSkin|StompingTantrum,DragonClaw,Earthquake,Protect|||F|||50|,,,,,Ground]Amoonguss||SitrusBerry|Regenerator|Spore,SludgeBomb,RagePowder,Protect|||F|||50|,,,,,Water]Primarina||MysticWater|LiquidVoice|HyperVoice,Moonblast,Haze,Protect|||M|||50|,,,,,Steel
|showteam|p2|Indeedee-F||RockyHelmet|PsychicSurge|Psychic,FollowMe,TrickRoom,Imprison|||F|||50|,,,,,Water]Whimsicott||FocusSash|Prankster|Moonblast,Tailwind,BeatUp,SunnyDay|||M|||50|,,,,,Ghost]Annihilape||Leftovers|Defiant|DrainPunch,RageFist,BulkUp,Protect|||M|||50|,,,,,Fairy]Armarouge||TwistedSpoon|FlashFire|ExpandingForce,HeatWave,TrickRoom,Protect|||M|||50|,,,,,Psychic]Dragapult||ChoiceBand|ClearBody|DragonDarts,Outrage,PhantomForce,Uturn|||F|||50|,,,,,Dragon]Ursaluna-Bloodmoon||SilkScarf|MindsEye|BloodMoon,HyperVoice,EarthPower,Protect|||M|||50|,,,,,Normal
|inactive|Battle timer is ON: inactive players will automatically lose when time's up. (requested by phenomsteelers08)
|inactive|phenomsteelers08 has 60 seconds left.
|
|t:|1757909056
|teamsize|p1|4
|teamsize|p2|4
|start
|switch|p1a: Garchomp|Garchomp, L50, F|100/100
|switch|p1b: Arcanine|Arcanine-Hisui, L50, M|100/100
|switch|p2a: Indeedee|Indeedee-F, L50, F|100/100
|switch|p2b: Armarouge|Armarouge, L50, M|100/100
|-ability|p1b: Arcanine|Intimidate|boost
|-unboost|p2a: Indeedee|atk|1
|-unboost|p2b: Armarouge|atk|1
|-fieldstart|move: Psychic Terrain|[from] ability: Psychic Surge|[of] p2a: Indeedee
|turn|1
|
|t:|1757909075
|move|p2b: Armarouge|Protect|p2b: Armarouge
|-singleturn|p2b: Armarouge|Protect
|move|p1a: Garchomp|Stomping Tantrum|p2a: Indeedee
|-damage|p2a: Indeedee|54/100
|-damage|p1a: Garchomp|84/100|[from] item: Rocky Helmet|[of] p2a: Indeedee
|-damage|p1a: Garchomp|74/100|[from] item: Life Orb
|move|p1b: Arcanine|Rock Slide|p2a: Indeedee|[spread] 
|-activate|p2b: Armarouge|move: Protect
|-miss|p1b: Arcanine|p2a: Indeedee
|move|p2a: Indeedee|Trick Room|p2a: Indeedee
|-fieldstart|move: Trick Room|[of] p2a: Indeedee
|
|upkeep
|turn|2
|
|t:|1757909095
|switch|p1a: Drifblim|Drifblim, L50, F|100/100
|-enditem|p1a: Drifblim|Psychic Seed
|-boost|p1a: Drifblim|spd|1|[from] item: Psychic Seed
|-terastallize|p2b: Armarouge|Psychic
|move|p2a: Indeedee|Psychic|p1b: Arcanine
|-damage|p1b: Arcanine|56/100
|move|p2b: Armarouge|Expanding Force|p1a: Drifblim|[spread] p1a,p1b
|-damage|p1a: Drifblim|27/100
|-damage|p1b: Arcanine|0 fnt
|faint|p1b: Arcanine
|
|upkeep
|-message|Jakobtc forfeited.
|
|win|phenomsteelers08
|raw|Jakobtc's rating: 1257 → 1246(-11 for losing)
|raw|phenomsteelers08's rating: 1480 → 1489(+9 for winning)
|l|☆Jakobtc
|player|p1|
|l|☆phenomsteelers08
|player|p2|
