|j|☆yamamagames
|j|☆Northgdh
|html|yamamagamesNorthgdh    
|uhtml|bestof|Game 2 of a best-of-3
|t:|1784315155
|gametype|doubles
|player|p1|yamamagames|red|1302
|player|p2|Northgdh|101|1338
|gen|9
|tier|[Gen 9 Champions] VGC 2026 Reg M-B (Bo3)
|rated|
|rule|Species Clause: Limit one of each Pokémon
|rule|Item Clause: Limit 1 of each item
|clearpoke
|poke|p1|Staraptor, L50, M|
|poke|p1|Whimsicott, L50, M|
|poke|p1|Typhlosion, L50, F|
|poke|p1|Maushold-Four, L50|
|poke|p1|Incineroar, L50, M|
|poke|p1|Gholdengo, L50|
|poke|p2|Incineroar, L50, M, shiny|
|poke|p2|Delphox, L50, F, shiny|
|poke|p2|Sinistcha, L50|
|poke|p2|Kingambit, L50, M, shiny|
|poke|p2|Blastoise, L50, M, shiny|
|poke|p2|Sneasler, L50, M|
|teampreview|4
|showteam|p1|Staraptor||Staraptite|Intimidate|CloseCombat,DualWingbeat,Roost,Protect|Adamant||M|||50|]Whimsicott||FocusSash|Prankster|Moonblast,Tailwind,Charm,Protect|Timid||M|||50|]Typhlosion||Charcoal|FlashFire|Eruption,Overheat,HeatWave,Protect|Modest||F|||50|]Maushold-Four||WideLens|Technician|PopulationBomb,FollowMe,Taunt,Protect|Jolly|||||50|]Incineroar||LifeOrb|Intimidate|FlareBlitz,DarkestLariat,PartingShot,FakeOut|Adamant||M|||50|]Gholdengo||WiseGlasses|GoodasGold|MakeItRain,ShadowBall,NastyPlot,Protect|Modest|||||50|
|showteam|p2|Incineroar||SitrusBerry|Intimidate|FlareBlitz,FakeOut,HelpingHand,PartingShot|Impish||M|||50|]Delphox||Delphoxite|Blaze|HeatWave,Psychic,NastyPlot,Protect|Timid||F|||50|]Sinistcha||KasibBerry|Hospitality|MatchaGotcha,RagePowder,LifeDew,Protect|Bold|||||50|]Kingambit||LifeOrb|Defiant|KowtowCleave,SuckerPunch,SwordsDance,Protect|Adamant||M|||50|]Blastoise||Blastoisinite|RainDish|WaterSpout,DarkPulse,ShellSmash,Protect|Modest||M|||50|]Sneasler||FocusSash|PoisonTouch|CloseCombat,PoisonJab,FakeOut,QuickGuard|Jolly||M|||50|
|inactive|Battle timer is ON: inactive players will automatically lose when time's up. (requested by Northgdh)
|
|t:|1784315175
|teamsize|p1|4
|teamsize|p2|4
|start
|switch|p1a: Maushold|Maushold-Four, L50|100/100
|switch|p1b: Incineroar|Incineroar, L50, M|100/100
|switch|p2a: begged|Blastoise, L50, M, shiny|100/100
|switch|p2b: honeybee|Sneasler, L50, M|100/100
|-ability|p1b: Incineroar|Intimidate|boost
|-unboost|p2a: begged|atk|1
|-unboost|p2b: honeybee|atk|1
|turn|1
|
|t:|1784315189
|detailschange|p2a: begged|Blastoise-Mega, L50, M, shiny
|-mega|p2a: begged|Blastoise|Blastoisinite
|move|p1b: Incineroar|Fake Out|p2b: honeybee
|-damage|p2b: honeybee|72/100
|-damage|p1b: Incineroar|90/100|[from] item: Life Orb
|cant|p2b: honeybee|flinch
|move|p1a: Maushold|Population Bomb|p2a: begged
|-damage|p2a: begged|88/100
|-damage|p2a: begged|78/100
|-damage|p2a: begged|68/100
|-damage|p2a: begged|57/100
|-damage|p2a: begged|47/100
|-damage|p2a: begged|35/100
|-damage|p2a: begged|24/100
|-damage|p2a: begged|13/100
|-damage|p2a: begged|3/100
|-damage|p2a: begged|0 fnt
|faint|p2a: begged
|-hitcount|p2: begged|10
|
|upkeep
|-message|Northgdh forfeited.
|
|win|yamamagames
|raw|yamamagames's rating: 1302 → 1324(+22 for winning)
|raw|Northgdh's rating: 1338 → 1316(-22 for losing)
