|j|☆exposniffer
|j|☆MagickeySY
|html|exposnifferMagickeySY    
|uhtml|bestof|Game 1 of a best-of-3
|t:|1757131720
|gametype|doubles
|player|p1|exposniffer|blue|1080
|player|p2|MagickeySY|steven|1162
|gen|9
|tier|[Gen 9] VGC 2025 Reg H (Bo3)
|rated|
|rule|Species Clause: Limit one of each Pokémon
|rule|Item Clause: Limit 1 of each item
|clearpoke
|poke|p1|Gholdengo, L50|
|poke|p1|Dragonite, L50, F|
|poke|p1|Ursaluna-Bloodmoon, L50, M|
|poke|p1|Ninetales-Alola, L50, M|
|poke|p1|Annihilape, L50, F|
|poke|p1|Incineroar, L50, M|
|poke|p2|Dragonite, L50, M|
|poke|p2|Annihilape, L50, F|
|poke|p2|Maushold-Four, L50|
|poke|p2|Sinistcha-Masterpiece, L50|
|poke|p2|Archaludon, L50, M|
|poke|p2|Klefki, L50, M|
|teampreview|4
|showteam|p1|Gholdengo||MetalCoat|GoodasGold|MakeItRain,ShadowBall,NastyPlot,Protect||||||50|,,,,,Water]Dragonite||LoadedDice|Multiscale|ScaleShot,ExtremeSpeed,Haze,Protect|||F|||50|,,,,,Steel]Ursaluna-Bloodmoon||AssaultVest|MindsEye|BloodMoon,HyperVoice,EarthPower,VacuumWave|||M|||50|,,,,,Water]Ninetales-Alola||FocusSash|SnowWarning|Blizzard,IcyWind,AuroraVeil,IcicleSpear|||M|||50|,,,,,Ghost]Annihilape||SafetyGoggles|Defiant|CloseCombat,RageFist,Coaching,Taunt|||F|||50|,,,,,Fire]Incineroar||RockyHelmet|Intimidate|KnockOff,FlareBlitz,PartingShot,FakeOut|||M|||50|,,,,,Ghost
|showteam|p2|Dragonite||LoadedDice|Multiscale|ExtremeSpeed,Haze,ScaleShot,Protect|||M|||50|,,,,,Fairy]Annihilape||Leftovers|Defiant|DrainPunch,RageFist,BulkUp,Protect|||F|||50|,,,,,Water]Maushold-Four||SafetyGoggles|FriendGuard|BeatUp,Taunt,FollowMe,Protect||||||50|,,,,,Ghost]Sinistcha-Masterpiece||SitrusBerry|Hospitality|MatchaGotcha,LifeDew,RagePowder,TrickRoom||||||50|,,,,,Water]Archaludon||AssaultVest|Stamina|BodyPress,DragonPulse,ElectroShot,FlashCannon|||M|||50|,,,,,Fairy]Klefki||LightClay|Prankster|DazzlingGleam,LightScreen,Reflect,MistyTerrain|||M|||50|,,,,,Ghost
|inactive|Battle timer is ON: inactive players will automatically lose when time's up. (requested by exposniffer)
|
|t:|1757131780
|teamsize|p1|4
|teamsize|p2|4
|start
|switch|p1a: Loui|Ninetales-Alola, L50, M|100/100
|switch|p1b: Leon|Annihilape, L50, F|100/100
|switch|p2a: Annihilape|Annihilape, L50, F|100/100
|switch|p2b: Maushold|Maushold-Four, L50|100/100
|-weather|Snowscape|[from] ability: Snow Warning|[of] p1a: Loui
|turn|1
|inactive|exposniffer has 30 seconds left.
|inactive|MagickeySY has 30 seconds left.
|inactive|exposniffer has 20 seconds left.
|inactive|MagickeySY has 20 seconds left.
|inactive|exposniffer has 15 seconds left.
|inactive|MagickeySY has 15 seconds left.
|inactive|exposniffer has 10 seconds left.
|inactive|MagickeySY has 10 seconds left.
|inactive|MagickeySY has 5 seconds left.
|
|t:|1757131835
|-terastallize|p2a: Annihilape|Water
|-terastallize|p1b: Leon|Fire
|move|p1a: Loui|Icicle Spear|p1b: Leon
|-resisted|p1b: Leon
|-damage|p1b: Leon|97/100
|-resisted|p1b: Leon
|-damage|p1b: Leon|94/100
|-resisted|p1b: Leon
|-damage|p1b: Leon|91/100
|-resisted|p1b: Leon
|-damage|p1b: Leon|87/100
|-resisted|p1b: Leon
|-damage|p1b: Leon|84/100
|-hitcount|p1b: Leon|5
|move|p2b: Maushold|Beat Up|p2a: Annihilape
|-damage|p2a: Annihilape|99/100
|-damage|p2a: Annihilape|97/100
|-damage|p2a: Annihilape|95/100
|-damage|p2a: Annihilape|93/100
|-hitcount|p2a: Annihilape|4
|move|p2a: Annihilape|Rage Fist|p1a: Loui
|-damage|p1a: Loui|3/100
|move|p1b: Leon|Rage Fist|p2a: Annihilape
|-damage|p2a: Annihilape|0 fnt
|faint|p2a: Annihilape
|
|-weather|Snowscape|[upkeep]
|upkeep
|inactive|MagickeySY has 30 seconds left.
|
|t:|1757131869
|switch|p2a: Archaludon|Archaludon, L50, M|100/100
|turn|2
|inactive|MagickeySY has 30 seconds left.
|inactive|MagickeySY has 20 seconds left.
|
|t:|1757131907
|move|p1a: Loui|Aurora Veil|p1a: Loui
|-sidestart|p1: exposniffer|move: Aurora Veil
|move|p2b: Maushold|Beat Up|p2a: Archaludon
|-damage|p2a: Archaludon|98/100
|-ability|p2a: Archaludon|Stamina|boost
|-boost|p2a: Archaludon|def|1
|-damage|p2a: Archaludon|98/100
|-ability|p2a: Archaludon|Stamina|boost
|-boost|p2a: Archaludon|def|1
|-damage|p2a: Archaludon|97/100
|-ability|p2a: Archaludon|Stamina|boost
|-boost|p2a: Archaludon|def|1
|-hitcount|p2a: Archaludon|3
|move|p1b: Leon|Close Combat|p2b: Maushold
|-supereffective|p2b: Maushold
|-damage|p2b: Maushold|0 fnt
|-unboost|p1b: Leon|def|1
|-unboost|p1b: Leon|spd|1
|faint|p2b: Maushold
|move|p2a: Archaludon|Flash Cannon|p1a: Loui
|-supereffective|p1a: Loui
|-damage|p1a: Loui|0 fnt
|faint|p1a: Loui
|
|-weather|Snowscape|[upkeep]
|upkeep
|inactive|exposniffer has 30 seconds left.
|
|t:|1757131940
|switch|p1a: Oso|Gholdengo, L50|100/100
|switch|p2b: Sinistcha|Sinistcha-Masterpiece, L50|100/100
|-heal|p2a: Archaludon|100/100|[from] ability: Hospitality|[of] p2b: Sinistcha
|turn|3
|inactive|MagickeySY has 30 seconds left.
|
|t:|1757131967
|move|p1b: Leon|Rage Fist|p2b: Sinistcha
|-supereffective|p2b: Sinistcha
|-damage|p2b: Sinistcha|0 fnt
|faint|p2b: Sinistcha
|move|p1a: Oso|Nasty Plot|p1a: Oso
|-boost|p1a: Oso|spa|2
|move|p2a: Archaludon|Body Press|p1b: Leon
|-damage|p1b: Leon|20/100
|
|-weather|Snowscape|[upkeep]
|upkeep
|turn|4
|-message|MagickeySY forfeited.
|
|win|exposniffer
|l|☆MagickeySY
|player|p2|
||MagickeySY is ready for game 2.
