|j|☆P!nkbearz07
|j|☆JCosio
|html|P!nkbearz07JCosio    
|uhtml|bestof|Game 1 of a best-of-3
|t:|1783661362
|gametype|doubles
|player|p1|P!nkbearz07|1|1165
|player|p2|JCosio|fisherman-gen4|1193
|gen|9
|tier|[Gen 9 Champions] VGC 2026 Reg M-B (Bo3)
|rated|
|rule|Species Clause: Limit one of each Pokémon
|rule|Item Clause: Limit 1 of each item
|clearpoke
|poke|p1|Banette, L50, M, shiny|
|poke|p1|Blastoise, L50, M, shiny|
|poke|p1|Incineroar, L50, M, shiny|
|poke|p1|Farigiraf, L50, M, shiny|
|poke|p1|Kommo-o, L50, F, shiny|
|poke|p1|Whimsicott, L50, M, shiny|
|poke|p2|Whimsicott, L50, M|
|poke|p2|Charizard, L50, F|
|poke|p2|Sneasler, L50, M|
|poke|p2|Garchomp, L50, M|
|poke|p2|Kingambit, L50, F|
|poke|p2|Farigiraf, L50, F|
|teampreview|4
|showteam|p1|Banette||Banettite|Insomnia|KnockOff,ShadowSneak,PsychUp,WillOWisp|Impish||M|||50|]Blastoise||Blastoisinite|Torrent|WaterSpout,AuraSphere,IceBeam,Protect|Modest||M|||50|]Incineroar||SitrusBerry|Intimidate|FakeOut,FlareBlitz,DarkestLariat,PartingShot|Careful||M|||50|]Farigiraf||ColburBerry|ArmorTail|TwinBeam,Thunderbolt,TrickRoom,Protect|Modest||M|||50|]Kommo-o||Leftovers|Soundproof|DrainPunch,IronHead,ClangorousSoul,Protect|Adamant||F|||50|]Whimsicott||FocusSash|Prankster|Moonblast,Tailwind,Encore,Endeavor|Timid||M|||50|
|showteam|p2|Whimsicott||FocusSash|Prankster|Protect,Encore,Tailwind,Moonblast|Timid||M|||50|]Charizard||CharizarditeY|Blaze|SolarBeam,WeatherBall,Protect,HeatWave|Timid||F|||50|]Sneasler||WhiteHerb|Unburden|DireClaw,CloseCombat,FakeOut,Protect|Jolly||M|||50|]Garchomp||LifeOrb|RoughSkin|Protect,DragonClaw,Earthquake,RockSlide|Jolly||M|||50|]Kingambit||BlackGlasses|Defiant|KowtowCleave,IronHead,SuckerPunch,Protect|Adamant||F|||50|]Farigiraf||SitrusBerry|ArmorTail|TrickRoom,HyperVoice,Psychic,HelpingHand|Modest||F|||50|
|inactive|Battle timer is ON: inactive players will automatically lose when time's up. (requested by P!nkbearz07)
|inactive|P!nkbearz07 has 60 seconds left.
|inactive|JCosio has 60 seconds left.
|inactive|JCosio has 30 seconds left.
|inactive|JCosio has 20 seconds left.
|inactive|JCosio has 15 seconds left.
|inactive|JCosio has 10 seconds left.
|c|☆P!nkbearz07|glhf
|
|t:|1783661447
|teamsize|p1|4
|teamsize|p2|4
|start
|switch|p1a: Whimsicott|Whimsicott, L50, M, shiny|100/100
|switch|p1b: Kommo-o|Kommo-o, L50, F, shiny|100/100
|switch|p2a: Sneasler|Sneasler, L50, M|100/100
|switch|p2b: Garchomp|Garchomp, L50, M|100/100
|turn|1
|inactive|JCosio has 30 seconds left.
|inactive|JCosio has 20 seconds left.
|
|t:|1783661484
|switch|p1b: Farigiraf|Farigiraf, L50, M, shiny|100/100
|move|p2a: Sneasler|Fake Out||[still]
|cant|p1b: Farigiraf|ability: Armor Tail|Fake Out|[of] p2a: Sneasler
|move|p1a: Whimsicott|Moonblast|p2b: Garchomp
|-supereffective|p2b: Garchomp|1
|-damage|p2b: Garchomp|25/100
|move|p2b: Garchomp|Dragon Claw|p1b: Farigiraf
|-damage|p1b: Farigiraf|47/100
|-damage|p2b: Garchomp|15/100|[from] item: Life Orb
|
|upkeep
|turn|2
|inactive|JCosio has 30 seconds left.
|inactive|JCosio has 20 seconds left.
|inactive|JCosio has 15 seconds left.
|inactive|JCosio has 10 seconds left.
|
|t:|1783661530
|switch|p2b: Farigiraf|Farigiraf, L50, F|100/100
|move|p1b: Farigiraf|Protect|p1b: Farigiraf
|-singleturn|p1b: Farigiraf|Protect
|move|p1a: Whimsicott|Encore||[still]
|cant|p2b: Farigiraf|ability: Armor Tail|Encore|[of] p1a: Whimsicott
|move|p2a: Sneasler|Dire Claw|p1a: Whimsicott
|-supereffective|p1a: Whimsicott|2
|-enditem|p1a: Whimsicott|Focus Sash
|-damage|p1a: Whimsicott|1/100
|
|upkeep
|turn|3
|inactive|P!nkbearz07 has 30 seconds left.
|inactive|JCosio has 30 seconds left.
|inactive|JCosio has 20 seconds left.
|inactive|JCosio has 15 seconds left.
|inactive|JCosio has 10 seconds left.
|inactive|JCosio has 5 seconds left.
|
|t:|1783661582
|switch|p1b: Banette|Banette, L50, M, shiny|100/100
|move|p2a: Sneasler|Close Combat|p1b: Banette
|-immune|p1b: Banette
|move|p1a: Whimsicott|Endeavor|p2b: Farigiraf
|-damage|p2b: Farigiraf|1/100
|-enditem|p2b: Farigiraf|Sitrus Berry|[eat]
|-heal|p2b: Farigiraf|25/100|[from] item: Sitrus Berry
|move|p2b: Farigiraf|Hyper Voice|p1b: Banette|[spread] p1a
|-immune|p1b: Banette
|-damage|p1a: Whimsicott|0 fnt
|faint|p1a: Whimsicott
|
|upkeep
|inactive|P!nkbearz07 has 30 seconds left.
|
|t:|1783661609
|switch|p1a: Kommo-o|Kommo-o, L50, F, shiny|100/100
|turn|4
|
|t:|1783661632
|detailschange|p1b: Banette|Banette-Mega, L50, M, shiny
|-mega|p1b: Banette|Banette|Banettite
|move|p2b: Farigiraf|Helping Hand|p2a: Sneasler
|-singleturn|p2a: Sneasler|Helping Hand|[of] p2b: Farigiraf
|move|p2a: Sneasler|Dire Claw|p1a: Kommo-o
|-crit|p1a: Kommo-o
|-damage|p1a: Kommo-o|21/100
|-status|p1a: Kommo-o|slp
|cant|p1a: Kommo-o|slp
|move|p1b: Banette|Knock Off|p2b: Farigiraf
|-supereffective|p2b: Farigiraf|1
|-crit|p2b: Farigiraf
|-damage|p2b: Farigiraf|0 fnt
|faint|p2b: Farigiraf
|
|-heal|p1a: Kommo-o|27/100 slp|[from] item: Leftovers
|upkeep
|
|t:|1783661652
|switch|p2b: Charizard|Charizard, L50, F|100/100
|turn|5
|
|t:|1783661671
|detailschange|p2b: Charizard|Charizard-Mega-Y, L50, F
|-mega|p2b: Charizard|Charizard|Charizardite Y
|-weather|SunnyDay|[from] ability: Drought|[of] p2b: Charizard
|cant|p1a: Kommo-o|slp
|move|p1b: Banette|Will-O-Wisp|p2a: Sneasler
|-status|p2a: Sneasler|brn
|move|p2a: Sneasler|Dire Claw|p1b: Banette
|-resisted|p1b: Banette|1
|-damage|p1b: Banette|88/100
|move|p2b: Charizard|Weather Ball|p1b: Banette
|-damage|p1b: Banette|0 fnt
|faint|p1b: Banette
|
|-weather|SunnyDay|[upkeep]
|-heal|p1a: Kommo-o|33/100 slp|[from] item: Leftovers
|-damage|p2a: Sneasler|94/100 brn|[from] brn
|upkeep
|
|t:|1783661680
|switch|p1b: Farigiraf|Farigiraf, L50, M, shiny|47/100
|turn|6
|-message|P!nkbearz07 forfeited.
|
|win|JCosio
||P!nkbearz07 is ready for game 2.
|inactive|JCosio has 30 seconds to confirm battle start!
||JCosio is ready for game 2.
|uhtml|next|Next: Game 2 of 3
|l|☆P!nkbearz07
|player|p1|
