|j|☆ladderal
|j|☆RegionalModeSlow
|html|ladderalRegionalModeSlow    
|uhtml|bestof|Game 1 of a best-of-3
|t:|1756313741
|gametype|doubles
|player|p1|ladderal|101|1105
|player|p2|RegionalModeSlow|steven|1000
|gen|9
|tier|[Gen 9] VGC 2025 Reg H (Bo3)
|rated|
|rule|Species Clause: Limit one of each Pokémon
|rule|Item Clause: Limit 1 of each item
|clearpoke
|poke|p1|Kingambit, L50, F|
|poke|p1|Primarina, L50, F|
|poke|p1|Sneasler, L50, M|
|poke|p1|Magmar, L50, F|
|poke|p1|Rillaboom, L50, M|
|poke|p1|Dragapult, L50, M|
|poke|p2|Noivern, L50, M|
|poke|p2|Weezing-Galar, L50, M|
|poke|p2|Gholdengo, L50|
|poke|p2|Garchomp, L50, F|
|poke|p2|Annihilape, L50, M|
|poke|p2|Magmar, L50, M|
|teampreview|4
|showteam|p1|Kingambit||BlackGlasses|Defiant|KowtowCleave,SuckerPunch,SwordsDance,Protect|||F|||50|,,,,,Dark]Primarina||SitrusBerry|LiquidVoice|HyperVoice,Moonblast,Haze,Protect|||F|||50|,,,,,Poison]Sneasler||FocusSash|PoisonTouch|CloseCombat,DireClaw,FakeOut,Protect|||M|||50|,,,,,Ghost]Magmar||Eviolite|VitalSpirit|Overheat,WillOWisp,FollowMe,Protect|||F|||50|,,,,,Ghost]Rillaboom||AssaultVest|GrassySurge|WoodHammer,GrassyGlide,HighHorsepower,FakeOut|||M|||50|,,,,,Fire]Dragapult||ChoiceBand|ClearBody|DragonDarts,PhantomForce,Outrage,Uturn|||M|||50|,,,,,Dragon
|showteam|p2|Noivern||CovertCloak|Telepathy|AirSlash,SuperFang,Tailwind,Taunt|||M|||50|,,,,,Steel]Weezing-Galar||ChoiceSpecs|NeutralizingGas|DazzlingGleam,SludgeBomb,StrangeSteam,Flamethrower|||M|||50|,,,,,Flying]Gholdengo||MetalCoat|GoodasGold|MakeItRain,ShadowBall,NastyPlot,Protect||||||50|,,,,,Flying]Garchomp||LifeOrb|RoughSkin|DragonClaw,Earthquake,StompingTantrum,Protect|||F|||50|,,,,,Ground]Annihilape||AssaultVest|Defiant|CloseCombat,ShadowClaw,FinalGambit,Uturn|||M|||50|,,,,,Stellar]Magmar||Eviolite|VitalSpirit|HeatWave,WillOWisp,FollowMe,Protect|||M|||50|,,,,,Ghost
|inactive|Battle timer is ON: inactive players will automatically lose when time's up. (requested by RegionalModeSlow)
|
|t:|1756313769
|teamsize|p1|4
|teamsize|p2|4
|start
|switch|p1a: Sneasler|Sneasler, L50, M|100/100
|switch|p1b: Kingambit|Kingambit, L50, F|100/100
|switch|p2a: Ozzy|Noivern, L50, M|100/100
|switch|p2b: Magmar|Magmar, L50, M|100/100
|turn|1
|
|t:|1756313780
|move|p1a: Sneasler|Fake Out|p2b: Magmar
|-damage|p2b: Magmar|89/100
|move|p2a: Ozzy|Taunt|p1b: Kingambit
|-start|p1b: Kingambit|move: Taunt
|cant|p2b: Magmar|flinch
|cant|p1b: Kingambit|move: Taunt|Swords Dance
|
|upkeep
|turn|2
|
|t:|1756313789
|move|p2a: Ozzy|Air Slash|p1a: Sneasler
|-supereffective|p1a: Sneasler
|-damage|p1a: Sneasler|23/100
|move|p1a: Sneasler|Dire Claw|p2a: Ozzy
|-damage|p2a: Ozzy|61/100
|move|p2b: Magmar|Will-O-Wisp|p1b: Kingambit
|-status|p1b: Kingambit|brn
|move|p1b: Kingambit|Kowtow Cleave|p2a: Ozzy
|-damage|p2a: Ozzy|32/100
|
|-damage|p1b: Kingambit|95/100 brn|[from] brn
|upkeep
|turn|3
|
|t:|1756313813
|move|p1a: Sneasler|Protect|p1a: Sneasler
|-singleturn|p1a: Sneasler|Protect
|move|p2a: Ozzy|Air Slash|p1a: Sneasler
|-activate|p1a: Sneasler|move: Protect
|move|p2b: Magmar|Heat Wave|p1b: Kingambit|[spread] p1b
|-activate|p1a: Sneasler|move: Protect
|-supereffective|p1b: Kingambit
|-damage|p1b: Kingambit|50/100 brn
|move|p1b: Kingambit|Kowtow Cleave|p2a: Ozzy
|-damage|p2a: Ozzy|0 fnt
|faint|p2a: Ozzy
|
|-damage|p1b: Kingambit|44/100 brn|[from] brn
|-end|p1b: Kingambit|move: Taunt
|upkeep
|
|t:|1756313819
|switch|p2a: Blåhaj|Garchomp, L50, F|100/100
|turn|4
|
|t:|1756313839
|move|p2a: Blåhaj|Protect|p2a: Blåhaj
|-singleturn|p2a: Blåhaj|Protect
|move|p1a: Sneasler|Dire Claw|p2a: Blåhaj
|-activate|p2a: Blåhaj|move: Protect
|move|p2b: Magmar|Heat Wave|p1b: Kingambit|[spread] p1a,p1b
|-supereffective|p1b: Kingambit
|-damage|p1a: Sneasler|0 fnt
|-damage|p1b: Kingambit|0 fnt
|faint|p1a: Sneasler
|faint|p1b: Kingambit
|
|upkeep
|
|t:|1756313841
|switch|p1a: Dragapult|Dragapult, L50, M|100/100
|switch|p1b: Magmar|Magmar, L50, F|100/100
|turn|5
|inactive|RegionalModeSlow has 30 seconds left.
|
|t:|1756313872
|-terastallize|p1a: Dragapult|Dragon
|-terastallize|p2a: Blåhaj|Ground
|move|p2b: Magmar|Follow Me|p2b: Magmar
|-singleturn|p2b: Magmar|move: Follow Me
|move|p1b: Magmar|Follow Me|p1b: Magmar
|-singleturn|p1b: Magmar|move: Follow Me
|move|p1a: Dragapult|Dragon Darts|p2b: Magmar
|-damage|p2b: Magmar|44/100
|-anim|p1a: Dragapult|Dragon Darts|p2b: Magmar
|-damage|p2b: Magmar|3/100
|move|p2a: Blåhaj|Stomping Tantrum|p1b: Magmar
|-supereffective|p1b: Magmar
|-damage|p1b: Magmar|0 fnt
|faint|p1b: Magmar
|-damage|p2a: Blåhaj|91/100|[from] item: Life Orb
|
|upkeep
|turn|6
|
|t:|1756313888
|move|p2b: Magmar|Follow Me|p2b: Magmar
|-singleturn|p2b: Magmar|move: Follow Me
|move|p1a: Dragapult|Dragon Darts|p2b: Magmar
|-damage|p2b: Magmar|0 fnt
|faint|p2b: Magmar
|move|p2a: Blåhaj|Dragon Claw|p1a: Dragapult
|-supereffective|p1a: Dragapult
|-damage|p1a: Dragapult|0 fnt
|faint|p1a: Dragapult
|-damage|p2a: Blåhaj|81/100|[from] item: Life Orb
|
|win|RegionalModeSlow
