|j|☆storm2326
|j|☆ill.busx
|html|storm2326ill.busx    
|uhtml|bestof|Game 2 of a best-of-3
|t:|1783630298
|gametype|doubles
|player|p1|storm2326|1|1121
|player|p2|ill.busx|265|1103
|gen|9
|tier|[Gen 9 Champions] VGC 2026 Reg M-B (Bo3)
|rated|
|rule|Species Clause: Limit one of each Pokémon
|rule|Item Clause: Limit 1 of each item
|clearpoke
|poke|p1|Mawile, L50, F|
|poke|p1|Farigiraf, L50, F|
|poke|p1|Eelektross, L50, F|
|poke|p1|Rotom-Mow, L50|
|poke|p1|Vivillon, L50, M|
|poke|p1|Clawitzer, L50, M|
|poke|p2|Kangaskhan, L50, F|
|poke|p2|Sinistcha, L50|
|poke|p2|Aerodactyl, L50, M|
|poke|p2|Incineroar, L50, F|
|poke|p2|Gengar, L50, M, shiny|
|poke|p2|Ninetales-Alola, L50, M|
|teampreview|4
|showteam|p1|Mawile||Mawilite|HyperCutter|PlayRough,RockSlide,SwordsDance,SuckerPunch|Brave||F|||50|]Farigiraf||SitrusBerry|ArmorTail|Psychic,TrickRoom,Protect,HelpingHand|Relaxed||F|||50|]Eelektross||Eelektrossite|Levitate|KnockOff,BulkUp,DrainPunch,ThunderPunch|Brave||F|||50|]Rotom-Mow||Leftovers|Levitate|LeafStorm,Thunderbolt,WillOWisp,Protect|Sassy|||||50|]Vivillon||FocusSash|CompoundEyes|SleepPowder,Hurricane,RagePowder,Protect|Timid||M|||50|]Clawitzer||LifeOrb|MegaLauncher|DarkPulse,AuraSphere,WaterPulse,Protect|Quiet||M|||50|
|showteam|p2|Kangaskhan||Kangaskhanite|InnerFocus|Protect,FakeOut,SuckerPunch,DrainPunch|Adamant||F|||50|]Sinistcha||SitrusBerry|Hospitality|Protect,RagePowder,MatchaGotcha,LifeDew|Relaxed|||||50|]Aerodactyl||FocusSash|Unnerve|Protect,Tailwind,DualWingbeat,RockSlide|Jolly||M|||50|]Incineroar||ChopleBerry|Intimidate|Protect,FakeOut,PartingShot,ThroatChop|Relaxed||F|||50|]Gengar||Gengarite|CursedBody|Protect,PerishSong,Disable,ShadowBall|Timid||M|||50|]Ninetales-Alola||NeverMeltIce|SnowWarning|Protect,Moonblast,Blizzard,Encore|Timid||M|||50|
|c|☆storm2326|Gg
|
|t:|1783630348
|teamsize|p1|4
|teamsize|p2|4
|start
|switch|p1a: Clawitzer|Clawitzer, L50, M|100/100
|switch|p1b: Farigiraf|Farigiraf, L50, F|100/100
|switch|p2a: Kangaskhan|Kangaskhan, L50, F|100/100
|switch|p2b: Gengar|Gengar, L50, M, shiny|100/100
|turn|1
|
|t:|1783630395
|detailschange|p2b: Gengar|Gengar-Mega, L50, M, shiny
|-mega|p2b: Gengar|Gengar|Gengarite
|move|p2a: Kangaskhan|Protect|p2a: Kangaskhan
|-singleturn|p2a: Kangaskhan|Protect
|move|p1a: Clawitzer|Protect|p1a: Clawitzer
|-singleturn|p1a: Clawitzer|Protect
|move|p2b: Gengar|Perish Song|p2b: Gengar
|-start|p1a: Clawitzer|perish3|[silent]
|-start|p1b: Farigiraf|perish3|[silent]
|-start|p2a: Kangaskhan|perish3|[silent]
|-start|p2b: Gengar|perish3|[silent]
|-fieldactivate|move: Perish Song
|move|p1b: Farigiraf|Trick Room|p1b: Farigiraf
|-fieldstart|move: Trick Room|[of] p1b: Farigiraf
|
|-start|p1a: Clawitzer|perish3
|-start|p1b: Farigiraf|perish3
|-start|p2a: Kangaskhan|perish3
|-start|p2b: Gengar|perish3
|upkeep
|turn|2
|
|t:|1783630420
|switch|p2a: Incineroar|Incineroar, L50, F|100/100
|-ability|p2a: Incineroar|Intimidate|boost
|-unboost|p1a: Clawitzer|atk|1
|-unboost|p1b: Farigiraf|atk|1
|move|p2b: Gengar|Protect|p2b: Gengar
|-singleturn|p2b: Gengar|Protect
|move|p1a: Clawitzer|Aura Sphere|p2a: Incineroar
|-supereffective|p2a: Incineroar|1
|-enditem|p2a: Incineroar|Chople Berry|[eat]
|-enditem|p2a: Incineroar|Chople Berry|[weaken]
|-damage|p2a: Incineroar|43/100
|-damage|p1a: Clawitzer|90/100|[from] item: Life Orb
|move|p1b: Farigiraf|Psychic|p2b: Gengar
|-activate|p2b: Gengar|move: Protect
|
|-start|p1a: Clawitzer|perish2
|-start|p1b: Farigiraf|perish2
|-start|p2b: Gengar|perish2
|upkeep
|turn|3
|
|t:|1783630445
|switch|p2b: Sinistcha|Sinistcha, L50|100/100
|-heal|p2a: Incineroar|68/100|[from] ability: Hospitality|[of] p2b: Sinistcha
|move|p1b: Farigiraf|Protect|p1b: Farigiraf
|-singleturn|p1b: Farigiraf|Protect
|move|p1a: Clawitzer|Dark Pulse|p2b: Sinistcha
|-supereffective|p2b: Sinistcha|1
|-crit|p2b: Sinistcha
|-damage|p2b: Sinistcha|0 fnt
|faint|p2b: Sinistcha
|-damage|p1a: Clawitzer|80/100|[from] item: Life Orb
|move|p2a: Incineroar|Parting Shot|p2: Sinistcha|[notarget]
|-fail|p2a: Incineroar
|
|-start|p1a: Clawitzer|perish1
|-start|p1b: Farigiraf|perish1
|upkeep
|
|t:|1783630462
|switch|p2b: Gengar|Gengar-Mega, L50, M, shiny|100/100
|turn|4
|
|t:|1783630504
|move|p2a: Incineroar|Protect|p2a: Incineroar
|-singleturn|p2a: Incineroar|Protect
|move|p2b: Gengar|Protect|p2b: Gengar
|-singleturn|p2b: Gengar|Protect
|move|p1a: Clawitzer|Water Pulse|p2a: Incineroar
|-activate|p2a: Incineroar|move: Protect
|move|p1b: Farigiraf|Psychic|p2b: Gengar
|-activate|p2b: Gengar|move: Protect
|
|-start|p1a: Clawitzer|perish0
|-start|p1b: Farigiraf|perish0
|faint|p1a: Clawitzer
|faint|p1b: Farigiraf
|upkeep
|l|☆storm2326
|player|p1|
|j|☆storm2326
|player|p1|storm2326|1|
|l|☆storm2326
|player|p1|
|inactive|Battle timer is ON: inactive players will automatically lose when time's up. (requested by ill.busx)
|c|☆ill.busx|Bro?
|inactive|storm2326 has 30 seconds to reconnect!
|inactive|storm2326 has 20 seconds to reconnect!
|inactive|storm2326 has 15 seconds to reconnect!
|inactive|storm2326 has 10 seconds to reconnect!
|inactive|storm2326 has 5 seconds to reconnect!
|-message|storm2326 lost due to inactivity.
|
|win|ill.busx
|raw|storm2326's rating: 1121 → 1095(-26 for losing)
|raw|ill.busx's rating: 1103 → 1129(+26 for winning)
