|j|☆TobiYume
|j|☆reecez14
|html|TobiYumereecez14    
|uhtml|bestof|Game 3 of a best-of-3
|t:|1757186962
|gametype|doubles
|player|p1|TobiYume|roxie|1130
|player|p2|reecez14|nate|1223
|gen|9
|tier|[Gen 9] VGC 2025 Reg H (Bo3)
|rated|
|rule|Species Clause: Limit one of each Pokémon
|rule|Item Clause: Limit 1 of each item
|clearpoke
|poke|p1|Garchomp, L50, M|
|poke|p1|Talonflame, L50, F|
|poke|p1|Sylveon, L50, F|
|poke|p1|Tyranitar, L50, M|
|poke|p1|Decidueye-Hisui, L50, F|
|poke|p1|Gholdengo, L50|
|poke|p2|Torkoal, L50, M|
|poke|p2|Exeggutor, L50, M|
|poke|p2|Sneasler, L50, M|
|poke|p2|Indeedee, L50, M|
|poke|p2|Oranguru, L50, M|
|poke|p2|Amoonguss, L50, M|
|teampreview|4
|showteam|p1|Garchomp||LifeOrb|RoughSkin|DragonClaw,StompingTantrum,Earthquake,Protect|||M|||50|,,,,,Steel]Talonflame||CovertCloak|GaleWings|Tailwind,WillOWisp,BraveBird,Taunt|||F|||50|,,,,,Grass]Sylveon||ThroatSpray|Pixilate|HyperVoice,HyperBeam,TeraBlast,Protect|||F|||50|,,,,,Water]Tyranitar||AssaultVest|SandStream|RockSlide,KnockOff,TeraBlast,LowKick|||M|||50|,,,,,Flying]Decidueye-Hisui||RazorClaw|Scrappy|TripleArrows,LeafBlade,SuckerPunch,Protect|||F|||50|,,,,,Fire]Gholdengo||Leftovers|GoodasGold|MakeItRain,ShadowBall,NastyPlot,Protect||||||50|,,,,,Dragon
|showteam|p2|Torkoal||Charcoal|Drought|Protect,Eruption,HeatWave,EarthPower|||M|||50|,,,,,Fire]Exeggutor||LifeOrb|Chlorophyll|Protect,SleepPowder,ExpandingForce,EnergyBall|||M|||50|,,,,,Psychic]Sneasler||PsychicSeed|Unburden|Protect,ThroatChop,DireClaw,CloseCombat|||M|||50|,,,,,Dark]Indeedee||FocusSash|PsychicSurge|HelpingHand,TrickRoom,TeraBlast,ExpandingForce|||M|||50|,,,,,Fighting]Oranguru||MentalHerb|InnerFocus|Psychic,TrickRoom,Instruct,Encore|||M|||50|,,,,,Grass]Amoonguss||SitrusBerry|Regenerator|ClearSmog,PollenPuff,Spore,RagePowder|||M|||50|,,,,,Water
|inactive|Battle timer is ON: inactive players will automatically lose when time's up. (requested by reecez14)
|
|t:|1757186989
|teamsize|p1|4
|teamsize|p2|4
|start
|switch|p1a: Elie|Talonflame, L50, F|100/100
|switch|p1b: Lloyd|Garchomp, L50, M|100/100
|switch|p2a: Oranguru|Oranguru, L50, M|100/100
|switch|p2b: Amoonguss|Amoonguss, L50, M|100/100
|turn|1
|
|t:|1757187009
|move|p2b: Amoonguss|Rage Powder|p2b: Amoonguss
|-singleturn|p2b: Amoonguss|move: Rage Powder
|move|p1a: Elie|Taunt|p2b: Amoonguss
|-start|p2b: Amoonguss|move: Taunt
|move|p1b: Lloyd|Earthquake|p2b: Amoonguss|[spread] p2a,p2b
|-immune|p1a: Elie
|-damage|p2a: Oranguru|60/100
|-damage|p2b: Amoonguss|59/100
|-damage|p1b: Lloyd|91/100|[from] item: Life Orb
|move|p2a: Oranguru|Trick Room|p2a: Oranguru
|-fieldstart|move: Trick Room|[of] p2a: Oranguru
|
|upkeep
|turn|2
|
|t:|1757187033
|switch|p2b: Torkoal|Torkoal, L50, M|100/100
|-weather|SunnyDay|[from] ability: Drought|[of] p2b: Torkoal
|move|p1a: Elie|Brave Bird|p2b: Torkoal
|-damage|p2b: Torkoal|71/100
|-damage|p1a: Elie|91/100|[from] Recoil
|move|p2a: Oranguru|Psychic|p1b: Lloyd
|-damage|p1b: Lloyd|59/100
|move|p1b: Lloyd|Earthquake|p2a: Oranguru|[spread] p2a,p2b
|-immune|p1a: Elie
|-supereffective|p2b: Torkoal
|-damage|p2a: Oranguru|20/100
|-damage|p2b: Torkoal|0 fnt
|faint|p2b: Torkoal
|-damage|p1b: Lloyd|49/100|[from] item: Life Orb
|
|-weather|SunnyDay|[upkeep]
|upkeep
|
|t:|1757187044
|switch|p2b: Amoonguss|Amoonguss, L50, M|92/100
|turn|3
|
|t:|1757187051
|-terastallize|p1a: Elie|Grass
|move|p1b: Lloyd|Protect|p1b: Lloyd
|-singleturn|p1b: Lloyd|Protect
|move|p2b: Amoonguss|Spore|p1b: Lloyd
|-activate|p1b: Lloyd|move: Protect
|move|p2a: Oranguru|Psychic|p1a: Elie
|-damage|p1a: Elie|50/100
|move|p1a: Elie|Taunt|p2b: Amoonguss
|-start|p2b: Amoonguss|move: Taunt
|
|-weather|SunnyDay|[upkeep]
|upkeep
|turn|4
|-message|reecez14 forfeited.
|raw|TobiYume's rating: 1130 → 1162(+32 for winning)
|raw|reecez14's rating: 1223 → 1191(-32 for losing)
|
|win|TobiYume
|l|☆reecez14
|player|p2|
