|j|☆nocturnallynoct
|j|☆Pupa202
|html|nocturnallynoctPupa202    
|uhtml|bestof|Game 2 of a best-of-3
|t:|1756674100
|gametype|doubles
|player|p1|nocturnallynoct|266|1062
|player|p2|Pupa202|101|1080
|gen|9
|tier|[Gen 9] VGC 2025 Reg H (Bo3)
|rated|
|rule|Species Clause: Limit one of each Pokémon
|rule|Item Clause: Limit 1 of each item
|clearpoke
|poke|p1|Sneasler, L50, F|
|poke|p1|Indeedee, L50, M|
|poke|p1|Tyranitar, L50, F|
|poke|p1|Ursaluna-Bloodmoon, L50, M|
|poke|p1|Electabuzz, L50, F|
|poke|p1|Talonflame, L50, M|
|poke|p2|Whimsicott, L50, F|
|poke|p2|Porygon2, L50|
|poke|p2|Archaludon, L50, M|
|poke|p2|Incineroar, L50, F|
|poke|p2|Rillaboom, L50, M|
|poke|p2|Rotom-Wash, L50|
|teampreview|4
|showteam|p1|Sneasler||PsychicSeed|Unburden|DireClaw,CloseCombat,ThroatChop,Protect|||F|||50|,,,,,Dark]Indeedee||FocusSash|PsychicSurge|ExpandingForce,TeraBlast,Protect,TrickRoom|||M|||50|,,,,,Fighting]Tyranitar||AssaultVest|SandStream|RockSlide,KnockOff,LowKick,TeraBlast|||F|||50|,,,,,Flying]Ursaluna-Bloodmoon||LifeOrb|MindsEye|BloodMoon,HyperVoice,EarthPower,Protect|||M|||50|,,,,,Normal]Electabuzz||Eviolite|VitalSpirit|Electroweb,FollowMe,Taunt,Protect|||F|||50|,,,,,Dragon]Talonflame||CovertCloak|GaleWings|DualWingbeat,FlareBlitz,Tailwind,WillOWisp|||M|||50|,,,,,Fairy
|showteam|p2|Whimsicott||FocusSash|Prankster|Tailwind,Encore,Taunt,Moonblast|||F|||50|,,,,,Water]Porygon2||Eviolite|Trace|TrickRoom,Recover,TriAttack,IceBeam||||||50|,,,,,Ghost]Archaludon||AssaultVest|Stamina|ElectroShot,FlashCannon,DragonPulse,BodyPress|||M|||50|,,,,,Grass]Incineroar||SafetyGoggles|Intimidate|FakeOut,KnockOff,FlareBlitz,PartingShot|||F|||50|,,,,,Grass]Rillaboom||MiracleSeed|GrassySurge|GrassyGlide,WoodHammer,FakeOut,Protect|||M|||50|,,,,,Grass]Rotom-Wash||SitrusBerry|Levitate|Thunderbolt,HydroPump,WillOWisp,Protect||||||50|,,,,,Grass
|inactive|Battle timer is ON: inactive players will automatically lose when time's up. (requested by nocturnallynoct)
|
|t:|1756674122
|teamsize|p1|4
|teamsize|p2|4
|start
|switch|p1a: Electabuzz|Electabuzz, L50, F|100/100
|switch|p1b: Ursaluna|Ursaluna-Bloodmoon, L50, M|100/100
|switch|p2a: Incineroar|Incineroar, L50, F|100/100
|switch|p2b: Porygon2|Porygon2, L50|100/100
|-ability|p2b: Porygon2|Mind's Eye|Trace|[from] ability: Trace|[of] p1b: Ursaluna
|-ability|p2a: Incineroar|Intimidate|boost
|-unboost|p1a: Electabuzz|atk|1
|-unboost|p1b: Ursaluna|atk|1
|turn|1
|inactive|nocturnallynoct has 30 seconds left.
|inactive|Pupa202 has 30 seconds left.
|
|t:|1756674156
|switch|p1a: Indeedee|Indeedee, L50, M|100/100
|-fieldstart|move: Psychic Terrain|[from] ability: Psychic Surge|[of] p1a: Indeedee
|move|p1b: Ursaluna|Earth Power|p2a: Incineroar
|-supereffective|p2a: Incineroar
|-damage|p2a: Incineroar|0 fnt
|faint|p2a: Incineroar
|-damage|p1b: Ursaluna|90/100|[from] item: Life Orb
|move|p2b: Porygon2|Ice Beam|p1b: Ursaluna
|-supereffective|p1b: Ursaluna
|-damage|p1b: Ursaluna|29/100
|
|upkeep
|l|☆Pupa202
|inactive|Pupa202 disconnected and has a minute to reconnect!
|player|p2|
|inactive|Pupa202 has 30 seconds left.
|inactive|Pupa202 has 20 seconds left.
|inactive|Pupa202 has 15 seconds left.
|inactive|Pupa202 has 10 seconds left.
|inactive|Pupa202 has 5 seconds left.
|-message|Pupa202 lost due to inactivity.
|
|win|nocturnallynoct
|raw|nocturnallynoct's rating: 1062 → 1094(+32 for winning)
|raw|Pupa202's rating: 1080 → 1057(-23 for losing)
