|j|☆jomivgc
|j|☆Hawk2ua
|html|jomivgcHawk2ua    
|uhtml|bestof|Game 3 of a best-of-3
|t:|1783564853
|gametype|doubles
|player|p1|jomivgc|falkner-gen2|1153
|player|p2|Hawk2ua|cynthia-gen4|1056
|gen|9
|tier|[Gen 9 Champions] VGC 2026 Reg M-B (Bo3)
|rated|
|rule|Species Clause: Limit one of each Pokémon
|rule|Item Clause: Limit 1 of each item
|clearpoke
|poke|p1|Umbreon, L50, M, shiny|
|poke|p1|Garchomp, L50, M|
|poke|p1|Pelipper, L50, F|
|poke|p1|Swampert, L50, F|
|poke|p1|Archaludon, L50, F|
|poke|p1|Incineroar, L50, M|
|poke|p2|Feraligatr, L50, M|
|poke|p2|Whimsicott, L50, M|
|poke|p2|Sneasler, L50, F|
|poke|p2|Kingambit, L50, F|
|poke|p2|Gholdengo, L50|
|poke|p2|Sinistcha, L50|
|teampreview|4
|showteam|p1|Umbreon||SitrusBerry|InnerFocus|Snarl,Swagger,FoulPlay,Moonlight|Calm||M|||50|]Garchomp||LifeOrb|RoughSkin|DragonClaw,RockSlide,Earthquake,Protect|Jolly||M|||50|]Pelipper||FocusSash|Drizzle|Hurricane,WeatherBall,Tailwind,WideGuard|Modest||F|||50|]Swampert||Swampertite|Torrent|Protect,WaveCrash,Earthquake,IcePunch|Adamant||F|||50|]Archaludon||Leftovers|Stamina|ElectroShot,FlashCannon,DracoMeteor,Protect|Modest||F|||50|]Incineroar||PasshoBerry|Intimidate|FakeOut,PartingShot,FlareBlitz,ThroatChop|Adamant||M|||50|
|showteam|p2|Feraligatr||Feraligite|SheerForce|DoubleEdge,LowKick,Protect,IronTail|Adamant||M|||50|]Whimsicott||FocusSash|Prankster|Tailwind,Encore,Moonblast,Tickle|Timid||M|||50|]Sneasler||WhiteHerb|Unburden|DireClaw,CloseCombat,FakeOut,Protect|Adamant||F|||50|]Kingambit||BlackGlasses|Defiant|KowtowCleave,SuckerPunch,IronHead,Protect|Adamant||F|||50|]Gholdengo||MetalCoat|GoodasGold|MakeItRain,ShadowBall,Thunderbolt,Protect|Modest|||||50|]Sinistcha||SitrusBerry|Hospitality|MatchaGotcha,Imprison,TrickRoom,RagePowder|Relaxed|||||50|
|inactive|Battle timer is ON: inactive players will automatically lose when time's up. (requested by jomivgc)
|inactive|jomivgc has 60 seconds left.
|inactive|Hawk2ua has 60 seconds left.
|inactive|Hawk2ua has 30 seconds left.
|inactive|Hawk2ua has 20 seconds left.
|inactive|Hawk2ua has 15 seconds left.
|inactive|Hawk2ua has 10 seconds left.
|inactive|Hawk2ua has 5 seconds left.
|
|t:|1783564943
|teamsize|p1|4
|teamsize|p2|4
|start
|switch|p1a: Garchomp|Garchomp, L50, M|100/100
|switch|p1b: Swampert|Swampert, L50, F|100/100
|switch|p2a: Feraligatr|Feraligatr, L50, M|100/100
|switch|p2b: Whimsicott|Whimsicott, L50, M|100/100
|turn|1
|inactive|jomivgc has 30 seconds left.
|inactive|Hawk2ua has 30 seconds left.
|inactive|jomivgc has 20 seconds left.
|inactive|Hawk2ua has 20 seconds left.
|inactive|Hawk2ua has 15 seconds left.
|inactive|Hawk2ua has 10 seconds left.
|inactive|Hawk2ua has 5 seconds left.
|
|t:|1783564998
|switch|p1a: Pelipper|Pelipper, L50, F|100/100
|-weather|RainDance|[from] ability: Drizzle|[of] p1a: Pelipper
|detailschange|p1b: Swampert|Swampert-Mega, L50, F
|-mega|p1b: Swampert|Swampert|Swampertite
|move|p2b: Whimsicott|Tailwind|p2b: Whimsicott
|-sidestart|p2: Hawk2ua|move: Tailwind
|move|p1b: Swampert|Earthquake|p2b: Whimsicott|[spread] p2a,p2b
|-immune|p1a: Pelipper
|-resisted|p2b: Whimsicott|1
|-damage|p2a: Feraligatr|54/100
|-damage|p2b: Whimsicott|70/100
|move|p2a: Feraligatr|Double-Edge|p1b: Swampert
|-damage|p1b: Swampert|66/100
|-damage|p2a: Feraligatr|43/100|[from] Recoil
|
|-weather|RainDance|[upkeep]
|upkeep
|turn|2
|inactive|jomivgc has 30 seconds left.
|inactive|Hawk2ua has 30 seconds left.
|inactive|Hawk2ua has 20 seconds left.
|inactive|Hawk2ua has 15 seconds left.
|inactive|Hawk2ua has 10 seconds left.
|inactive|Hawk2ua has 5 seconds left.
|
|t:|1783565053
|switch|p1b: Incineroar|Incineroar, L50, M|100/100
|-ability|p1b: Incineroar|Intimidate|boost
|-unboost|p2a: Feraligatr|atk|1
|-unboost|p2b: Whimsicott|atk|1
|move|p2b: Whimsicott|Tailwind||[still]
|-fail|p2b: Whimsicott
|move|p2a: Feraligatr|Double-Edge|p1b: Incineroar
|-damage|p1b: Incineroar|80/100
|-damage|p2a: Feraligatr|35/100|[from] Recoil
|move|p1a: Pelipper|Hurricane|p2b: Whimsicott
|-supereffective|p2b: Whimsicott|1
|-damage|p2b: Whimsicott|0 fnt
|faint|p2b: Whimsicott
|
|-weather|RainDance|[upkeep]
|upkeep
|-message|Hawk2ua forfeited.
|
|win|jomivgc
|raw|jomivgc's rating: 1153 → 1171(+18 for winning)
|raw|Hawk2ua's rating: 1056 → 1043(-13 for losing)
|l|☆Hawk2ua
|player|p2|
|l|☆jomivgc
|player|p1|
|j|☆jomivgc
|player|p1|jomivgc|falkner-gen2|
