|j|☆CritHappens5
|j|☆soccerdude26
|html|CritHappens5soccerdude26    
|uhtml|bestof|Game 3 of a best-of-3
|t:|1756942826
|gametype|doubles
|player|p1|CritHappens5|265|1246
|player|p2|soccerdude26|volkner|1228
|gen|9
|tier|[Gen 9] VGC 2025 Reg H (Bo3)
|rated|
|rule|Species Clause: Limit one of each Pokémon
|rule|Item Clause: Limit 1 of each item
|clearpoke
|poke|p1|Sneasler, L50, F|
|poke|p1|Indeedee, L50, M|
|poke|p1|Volcarona, L50, M|
|poke|p1|Ursaluna-Bloodmoon, L50, M|
|poke|p1|Annihilape, L50, F|
|poke|p1|Tyranitar, L50, M|
|poke|p2|Scrafty, L50, M|
|poke|p2|Rillaboom, L50, M|
|poke|p2|Gholdengo, L50|
|poke|p2|Farigiraf, L50, F|
|poke|p2|Dragonite, L50, M|
|poke|p2|Ursaluna, L50, F|
|teampreview|4
|showteam|p1|Sneasler||PsychicSeed|Unburden|CloseCombat,DireClaw,ThroatChop,Protect|||F|||50|,,,,,Dark]Indeedee||ChoiceScarf|PsychicSurge|ExpandingForce,TeraBlast,Trick,Protect|||M|||50|,,,,,Psychic]Volcarona||SitrusBerry|FlameBody|Overheat,StruggleBug,RagePowder,Tailwind|||M|||50|,,,,,Dragon]Ursaluna-Bloodmoon||LifeOrb|MindsEye|BloodMoon,HyperVoice,EarthPower,Protect|||M|||50|,,,,,Normal]Annihilape||SafetyGoggles|Defiant|CloseCombat,RageFist,Taunt,FinalGambit|||F|||50|,,,,,Fairy]Tyranitar||AssaultVest|SandStream|RockSlide,KnockOff,TeraBlast,LowKick|||M|||50|,,,,,Flying
|showteam|p2|Scrafty||AssaultVest|Intimidate|FakeOut,KnockOff,CloseCombat,PoisonJab|||M|||50|,,,,,Water]Rillaboom||MiracleSeed|GrassySurge|FakeOut,WoodHammer,GrassyGlide,Uturn|||M|||50|,,,,,Fire]Gholdengo||ChoiceSpecs|GoodasGold|MakeItRain,ShadowBall,Thunderbolt,Trick||||||50|,,,,,Steel]Farigiraf||GrassySeed|ArmorTail|Psychic,HyperVoice,TrickRoom,Protect|||F|||50|,,,,,Water]Dragonite||LoadedDice|Multiscale|ScaleShot,Tailwind,Haze,Protect|||M|||50|,,,,,Fairy]Ursaluna||FlameOrb|Guts|Facade,Earthquake,HeadlongRush,Protect|||F|||50|,,,,,Ghost
|
|t:|1756942852
|teamsize|p1|4
|teamsize|p2|4
|start
|switch|p1a: Volcarona|Volcarona, L50, M|100/100
|switch|p1b: Ursaluna|Ursaluna-Bloodmoon, L50, M|100/100
|switch|p2a: Gholdengo|Gholdengo, L50|100/100
|switch|p2b: Farigiraf|Farigiraf, L50, F|100/100
|turn|1
|
|t:|1756942870
|-terastallize|p1b: Ursaluna|Normal
|move|p2b: Farigiraf|Protect|p2b: Farigiraf
|-singleturn|p2b: Farigiraf|Protect
|move|p1a: Volcarona|Overheat|p2a: Gholdengo
|-supereffective|p2a: Gholdengo
|-damage|p2a: Gholdengo|0 fnt
|-unboost|p1a: Volcarona|spa|2
|faint|p2a: Gholdengo
|move|p1b: Ursaluna|Blood Moon|p2b: Farigiraf
|-activate|p2b: Farigiraf|move: Protect
|
|upkeep
|
|t:|1756942875
|switch|p2a: Ursaluna|Ursaluna, L50, F|100/100
|turn|2
|
|t:|1756942893
|-terastallize|p2a: Ursaluna|Ghost
|move|p1a: Volcarona|Rage Powder|p1a: Volcarona
|-singleturn|p1a: Volcarona|move: Rage Powder
|move|p1b: Ursaluna|Hyper Voice|p2b: Farigiraf|[spread] p2a,p2b
|-damage|p2a: Ursaluna|42/100
|-damage|p2b: Farigiraf|36/100
|-damage|p1b: Ursaluna|91/100|[from] item: Life Orb
|move|p2a: Ursaluna|Facade|p1a: Volcarona
|-damage|p1a: Volcarona|45/100
|-enditem|p1a: Volcarona|Sitrus Berry|[eat]
|-heal|p1a: Volcarona|70/100|[from] item: Sitrus Berry
|move|p2b: Farigiraf|Trick Room|p2b: Farigiraf
|-fieldstart|move: Trick Room|[of] p2b: Farigiraf
|
|-status|p2a: Ursaluna|brn|[from] item: Flame Orb
|upkeep
|turn|3
|
|t:|1756942909
|move|p1a: Volcarona|Rage Powder|p1a: Volcarona
|-singleturn|p1a: Volcarona|move: Rage Powder
|move|p2a: Ursaluna|Facade|p1a: Volcarona
|-damage|p1a: Volcarona|0 fnt
|faint|p1a: Volcarona
|move|p2b: Farigiraf|Psychic|p1b: Ursaluna
|-damage|p1b: Ursaluna|46/100
|move|p1b: Ursaluna|Hyper Voice|p2a: Ursaluna|[spread] p2a,p2b
|-damage|p2a: Ursaluna|0 fnt
|-damage|p2b: Farigiraf|0 fnt
|faint|p2a: Ursaluna
|faint|p2b: Farigiraf
|-damage|p1b: Ursaluna|36/100|[from] item: Life Orb
|
|upkeep
|c|☆soccerdude26|gg
|inactive|Battle timer is ON: inactive players will automatically lose when time's up. (requested by soccerdude26)
|
|t:|1756942924
|switch|p2b: Scrafty|Scrafty, L50, M|100/100
|switch|p1a: Sneasler|Sneasler, L50, F|100/100
|-ability|p2b: Scrafty|Intimidate|boost
|-unboost|p1a: Sneasler|atk|1
|-unboost|p1b: Ursaluna|atk|1
|turn|4
|c|☆CritHappens5|gg
|
|t:|1756942931
|move|p2b: Scrafty|Close Combat|p1a: Sneasler
|-resisted|p1a: Sneasler
|-damage|p1a: Sneasler|62/100
|-unboost|p2b: Scrafty|def|1
|-unboost|p2b: Scrafty|spd|1
|move|p1b: Ursaluna|Blood Moon|p2b: Scrafty
|-damage|p2b: Scrafty|0 fnt
|faint|p2b: Scrafty
|-damage|p1b: Ursaluna|27/100|[from] item: Life Orb
|
|win|CritHappens5
|raw|CritHappens5's rating: 1246 → 1270(+24 for winning)
|raw|soccerdude26's rating: 1228 → 1204(-24 for losing)
|l|☆soccerdude26
|player|p2|
