|j|☆Malgooee
|j|☆138mysx
|html|Malgooee138mysx    
|uhtml|bestof|Game 3 of a best-of-3
|t:|1783757689
|gametype|doubles
|player|p1|Malgooee|102|1060
|player|p2|138mysx|170|1125
|gen|9
|tier|[Gen 9 Champions] VGC 2026 Reg M-B (Bo3)
|rated|
|rule|Species Clause: Limit one of each Pokémon
|rule|Item Clause: Limit 1 of each item
|clearpoke
|poke|p1|Alcremie, L50, F|
|poke|p1|Whimsicott, L50, F|
|poke|p1|Ditto, L50|
|poke|p1|Sneasler, L50, M|
|poke|p1|Staraptor, L50, F|
|poke|p1|Gengar, L50, F|
|poke|p2|Glimmora, L50, M|
|poke|p2|Whimsicott, L50, F|
|poke|p2|Ninetales-Alola, L50, F|
|poke|p2|Garchomp, L50, F|
|poke|p2|Kingambit, L50, F|
|poke|p2|Incineroar, L50, M|
|teampreview|4
|showteam|p1|Alcremie||SitrusBerry|SweetVeil|Substitute,Decorate,DazzlingGleam,Protect|Sassy||F|||50|]Whimsicott||FocusSash|Prankster|Tailwind,Encore,Charm,Moonblast|Timid||F|||50|]Ditto||ChoiceScarf|Imposter|Transform|Timid|||||50|]Sneasler||WhiteHerb|Unburden|CloseCombat,DireClaw,FakeOut,Protect|Adamant||M|||50|]Staraptor||Staraptite|Intimidate|Roost,CloseCombat,DualWingbeat,Protect|Jolly||F|||50|]Gengar||Gengarite|CursedBody|ShadowBall,Disable,SludgeBomb,Protect|Timid||F|||50|
|showteam|p2|Glimmora||Glimmoranite|ToxicDebris|EarthPower,PowerGem,SludgeBomb,SpikyShield|Timid||M|||50|]Whimsicott||FocusSash|Prankster|Moonblast,EnergyBall,Tailwind,Protect|Timid||F|||50|]Ninetales-Alola||NeverMeltIce|SnowWarning|Blizzard,FreezeDry,HelpingHand,Protect|Timid||F|||50|]Garchomp||LifeOrb|RoughSkin|StompingTantrum,Earthquake,DragonClaw,Protect|Jolly||F|||50|]Kingambit||ChopleBerry|Defiant|KowtowCleave,SuckerPunch,LowKick,IronHead|Adamant||F|||50|]Incineroar||SitrusBerry|Intimidate|FakeOut,FlareBlitz,ThroatChop,PartingShot|Adamant||M|||50|
|inactive|Battle timer is ON: inactive players will automatically lose when time's up. (requested by Malgooee)
|
|t:|1783757710
|teamsize|p1|4
|teamsize|p2|4
|start
|switch|p1a: Whimsicott|Whimsicott, L50, F|100/100
|switch|p1b: Staraptor|Staraptor, L50, F|100/100
|switch|p2a: Whimsicott|Whimsicott, L50, F|100/100
|switch|p2b: Garchomp|Garchomp, L50, F|100/100
|-ability|p1b: Staraptor|Intimidate|boost
|-unboost|p2a: Whimsicott|atk|1
|-unboost|p2b: Garchomp|atk|1
|turn|1
|inactive|138mysx has 30 seconds left.
|inactive|138mysx has 20 seconds left.
|inactive|138mysx has 15 seconds left.
|inactive|138mysx has 10 seconds left.
|
|t:|1783757756
|detailschange|p1b: Staraptor|Staraptor-Mega, L50, F
|-mega|p1b: Staraptor|Staraptor|Staraptite
|move|p1a: Whimsicott|Charm|p1b: Staraptor
|-boost|p1b: Staraptor|atk|2
|move|p2a: Whimsicott|Moonblast|p1b: Staraptor
|-supereffective|p1b: Staraptor|1
|-damage|p1b: Staraptor|33/100
|-boost|p1b: Staraptor|spa|1
|move|p1b: Staraptor|Dual Wingbeat|p2a: Whimsicott
|-supereffective|p2a: Whimsicott|1
|-enditem|p2a: Whimsicott|Focus Sash
|-damage|p2a: Whimsicott|1/100
|-supereffective|p2a: Whimsicott|1
|-damage|p2a: Whimsicott|0 fnt
|faint|p2a: Whimsicott
|-hitcount|p2: Whimsicott|2
|move|p2b: Garchomp|Dragon Claw|p1b: Staraptor
|-damage|p1b: Staraptor|0 fnt
|faint|p1b: Staraptor
|-damage|p2b: Garchomp|90/100|[from] item: Life Orb
|
|upkeep
|inactive|Malgooee has 30 seconds left.
|
|t:|1783757788
|switch|p2a: Ninetales|Ninetales-Alola, L50, F|100/100
|switch|p1b: Ditto|Ditto, L50|100/100
|-weather|Snowscape|[from] ability: Snow Warning|[of] p2a: Ninetales
|-transform|p1b: Ditto|p2a: Ninetales|[from] ability: Imposter
|turn|2
|
|t:|1783757806
|switch|p2b: Kingambit|Kingambit, L50, F|100/100
|move|p1a: Whimsicott|Encore|p2b: Kingambit
|-hint|Since gen 7, Dark is immune to Prankster moves.
|-immune|p2b: Kingambit
|move|p1b: Ditto|Blizzard|p2a: Ninetales|[spread] p2a,p2b
|-resisted|p2a: Ninetales|1
|-resisted|p2b: Kingambit|1
|-damage|p2a: Ninetales|82/100
|-damage|p2b: Kingambit|82/100
|move|p2a: Ninetales|Blizzard|p1b: Ditto|[spread] p1a,p1b
|-supereffective|p1a: Whimsicott|1
|-resisted|p1b: Ditto|1
|-enditem|p1a: Whimsicott|Focus Sash
|-damage|p1a: Whimsicott|1/100
|-damage|p1b: Ditto|78/100
|
|-weather|Snowscape|[upkeep]
|upkeep
|turn|3
|inactive|Malgooee has 30 seconds left.
|
|t:|1783757835
|switch|p1a: Sneasler|Sneasler, L50, M|100/100
|move|p1b: Ditto|Blizzard|p2a: Ninetales|[spread] p2a,p2b
|-resisted|p2a: Ninetales|1
|-resisted|p2b: Kingambit|1
|-damage|p2a: Ninetales|64/100
|-damage|p2b: Kingambit|65/100
|move|p2a: Ninetales|Blizzard|p1b: Ditto|[spread] p1a,p1b
|-resisted|p1b: Ditto|1
|-damage|p1a: Sneasler|51/100
|-damage|p1b: Ditto|57/100
|move|p2b: Kingambit|Iron Head|p1a: Sneasler
|-damage|p1a: Sneasler|0 fnt
|faint|p1a: Sneasler
|
|-weather|Snowscape|[upkeep]
|upkeep
|
|t:|1783757847
|switch|p1a: Whimsicott|Whimsicott, L50, F|1/100
|turn|4
|-message|Malgooee forfeited.
|raw|Malgooee's rating: 1060 → 1045(-15 for losing)
|raw|138mysx's rating: 1125 → 1145(+20 for winning)
|
|win|138mysx
|l|☆Malgooee
|player|p1|
