|j|☆WaluigiVGC
|j|☆meekmatt
|html|WaluigiVGCmeekmatt    
|uhtml|bestof|Game 1 of a best-of-3
|t:|1756482437
|gametype|doubles
|player|p1|WaluigiVGC|170|1099
|player|p2|meekmatt|101|1071
|gen|9
|tier|[Gen 9] VGC 2025 Reg H (Bo3)
|rated|
|rule|Species Clause: Limit one of each Pokémon
|rule|Item Clause: Limit 1 of each item
|clearpoke
|poke|p1|Pelipper, L50, M|
|poke|p1|Tatsugiri-Droopy, L50, F|
|poke|p1|Dondozo, L50, F|
|poke|p1|Archaludon, L50, M|
|poke|p1|Sneasler, L50, M|
|poke|p1|Indeedee, L50, M|
|poke|p2|Whimsicott, L50, M|
|poke|p2|Annihilape, L50, M|
|poke|p2|Typhlosion-Hisui, L50, M|
|poke|p2|Incineroar, L50, F|
|poke|p2|Gholdengo, L50|
|poke|p2|Torkoal, L50, M|
|teampreview|4
|showteam|p1|Pelipper||CovertCloak|Drizzle|Hurricane,WeatherBall,Tailwind,Protect|||M|||50|,,,,,Grass]Tatsugiri-Droopy||SafetyGoggles|Commander|MuddyWater,DracoMeteor,Taunt,Protect|||F|||50|,,,,,Ghost]Dondozo||Leftovers|Unaware|Earthquake,OrderUp,BodyPress,Protect|||F|||50|,,,,,Steel]Archaludon||AssaultVest|Stamina|ElectroShot,FlashCannon,BodyPress,DragonPulse|||M|||50|,,,,,Grass]Sneasler||PsychicSeed|Unburden|DireClaw,CloseCombat,ThroatChop,Protect|||M|||50|,,,,,Dark]Indeedee||FocusSash|PsychicSurge|ExpandingForce,TrickRoom,Imprison,Protect|||M|||50|,,,,,Ghost
|showteam|p2|Whimsicott||CovertCloak|Prankster|Moonblast,Tailwind,Taunt,SunnyDay|||M|||50|,,,,,Fairy]Annihilape||FocusSash|Defiant|FinalGambit,CloseCombat,RageFist,Protect|||M|||50|,,,,,Grass]Typhlosion-Hisui||ChoiceSpecs|Blaze|Eruption,HeatWave,ShadowBall,Overheat|||M|||50|,,,,,Fire]Incineroar||SafetyGoggles|Intimidate|FakeOut,HelpingHand,KnockOff,FlareBlitz|||F|||50|,,,,,Ghost]Gholdengo||LifeOrb|GoodasGold|MakeItRain,Protect,ShadowBall,DazzlingGleam||||||50|,,,,,Fairy]Torkoal||SitrusBerry|Drought|Eruption,HelpingHand,Yawn,Overheat|||M|||50|,,,,,Fire
|inactive|Battle timer is ON: inactive players will automatically lose when time's up. (requested by meekmatt)
|
|t:|1756482487
|teamsize|p1|4
|teamsize|p2|4
|start
|switch|p1a: Indeedee|Indeedee, L50, M|100/100
|switch|p1b: Sneasler|Sneasler, L50, M|100/100
|switch|p2a: Golden Gun|Gholdengo, L50|100/100
|switch|p2b: Monkey|Annihilape, L50, M|100/100
|-fieldstart|move: Psychic Terrain|[from] ability: Psychic Surge|[of] p1a: Indeedee
|-enditem|p1b: Sneasler|Psychic Seed
|-boost|p1b: Sneasler|spd|1|[from] item: Psychic Seed
|turn|1
|inactive|WaluigiVGC has 30 seconds left.
|inactive|meekmatt has 30 seconds left.
|inactive|meekmatt has 20 seconds left.
|
|t:|1756482523
|-terastallize|p1b: Sneasler|Dark
|move|p1b: Sneasler|Throat Chop|p2a: Golden Gun
|-supereffective|p2a: Golden Gun
|-damage|p2a: Golden Gun|0 fnt
|faint|p2a: Golden Gun
|move|p1a: Indeedee|Expanding Force|p2b: Monkey
|-supereffective|p2b: Monkey
|-enditem|p2b: Monkey|Focus Sash
|-damage|p2b: Monkey|1/100
|move|p2b: Monkey|Rage Fist|p1b: Sneasler
|-resisted|p1b: Sneasler
|-damage|p1b: Sneasler|56/100
|
|upkeep
|
|t:|1756482542
|switch|p2a: Black Hole Sun|Torkoal, L50, M|100/100
|-weather|SunnyDay|[from] ability: Drought|[of] p2a: Black Hole Sun
|turn|2
|
|t:|1756482561
|-terastallize|p2a: Black Hole Sun|Fire
|move|p2b: Monkey|Protect|p2b: Monkey
|-singleturn|p2b: Monkey|Protect
|move|p1b: Sneasler|Close Combat|p2a: Black Hole Sun
|-damage|p2a: Black Hole Sun|63/100
|-unboost|p1b: Sneasler|def|1
|-unboost|p1b: Sneasler|spd|1
|move|p1a: Indeedee|Expanding Force|p2b: Monkey|[spread] p2a
|-activate|p2b: Monkey|move: Protect
|-damage|p2a: Black Hole Sun|0 fnt
|faint|p2a: Black Hole Sun
|
|-weather|SunnyDay|[upkeep]
|upkeep
|
|t:|1756482575
|switch|p2a: Hot Dog|Typhlosion-Hisui, L50, M|100/100
|turn|3
|
|t:|1756482592
|move|p1b: Sneasler|Throat Chop|p2a: Hot Dog
|-supereffective|p2a: Hot Dog
|-damage|p2a: Hot Dog|0 fnt
|faint|p2a: Hot Dog
|move|p1a: Indeedee|Expanding Force|p2b: Monkey
|-supereffective|p2b: Monkey
|-damage|p2b: Monkey|0 fnt
|faint|p2b: Monkey
|
|win|WaluigiVGC
||meekmatt is ready for game 2.
