|j|☆AshVGCMX
|j|☆gib1e
|html|AshVGCMXgib1e    
|uhtml|bestof|Game 2 of a best-of-3
|t:|1755751083
|gametype|doubles
|player|p1|AshVGCMX|265|1148
|player|p2|gib1e|smasher|1278
|gen|9
|tier|[Gen 9] VGC 2025 Reg H (Bo3)
|rated|
|rule|Species Clause: Limit one of each Pokémon
|rule|Item Clause: Limit 1 of each item
|clearpoke
|poke|p1|Pikachu, L50, M|
|poke|p1|Tyranitar, L50, F|
|poke|p1|Krookodile, L50, M|
|poke|p1|Garchomp, L50, M|
|poke|p1|Incineroar, L50, F|
|poke|p1|Talonflame, L50, M|
|poke|p2|Archaludon, L50, F|
|poke|p2|Gholdengo, L50|
|poke|p2|Pelipper, L50, F|
|poke|p2|Ursaluna, L50, F|
|poke|p2|Sinistcha, L50|
|poke|p2|Dragonite, L50, F|
|teampreview|4
|showteam|p1|Pikachu||LightBall|LightningRod|FakeOut,Thunderbolt,AlluringVoice,Protect|||M|||50|,,,,,Electric]Tyranitar||AssaultVest|SandStream|RockSlide,KnockOff,LowKick,TeraBlast|||F|||50|,,,,,Flying]Krookodile||LifeOrb|Moxie|Earthquake,Crunch,ScaleShot,Protect|||M|||50|,,,,,Dragon]Garchomp||ChoiceBand|SandVeil|DragonClaw,Earthquake,StompingTantrum,RockSlide|||M|||50|,,,,,Steel]Incineroar||RockyHelmet|Intimidate|FakeOut,FlareBlitz,KnockOff,PartingShot|||F|||50|,,,,,Grass]Talonflame||CovertCloak|GaleWings|DualWingbeat,FlareBlitz,Tailwind,Taunt|||M|||50|,,,,,Stellar
|showteam|p2|Archaludon||AssaultVest|Stamina|DragonPulse,ElectroShot,BodyPress,Snarl|||F|||50|,,,,,Fighting]Gholdengo||ChoiceScarf|GoodasGold|MakeItRain,ShadowBall,PowerGem,Trick||||||50|,,,,,Flying]Pelipper||FocusSash|Drizzle|WeatherBall,Hurricane,Tailwind,Protect|||F|||50|,,,,,Ghost]Ursaluna||FlameOrb|Guts|Facade,HeadlongRush,Earthquake,Protect|||F|||50|,,,,,Ghost]Sinistcha||SitrusBerry|Hospitality|MatchaGotcha,LifeDew,RagePowder,TrickRoom||||||50|,,,,,Dark]Dragonite||LoadedDice|Multiscale|ScaleShot,Tailwind,Haze,Protect|||F|||50|,,,,,Fairy
|inactive|Battle timer is ON: inactive players will automatically lose when time's up. (requested by gib1e)
|inactive|gib1e has 60 seconds left.
|
|t:|1755751119
|teamsize|p1|4
|teamsize|p2|4
|start
|switch|p1a: Krookodile|Krookodile, L50, M|100/100
|switch|p1b: Talonflame|Talonflame, L50, M|100/100
|switch|p2a: Archalugoon|Archaludon, L50, F, shiny|100/100
|switch|p2b: Dragoonite|Dragonite, L50, F|100/100
|turn|1
|
|t:|1755751142
|-terastallize|p1a: Krookodile|Dragon
|move|p1b: Talonflame|Dual Wingbeat|p2b: Dragoonite|[miss]
|-miss|p1b: Talonflame|p2b: Dragoonite
|move|p1a: Krookodile|Scale Shot|p2b: Dragoonite
|-supereffective|p2b: Dragoonite
|-damage|p2b: Dragoonite|84/100
|-supereffective|p2b: Dragoonite
|-damage|p2b: Dragoonite|52/100
|-supereffective|p2b: Dragoonite
|-damage|p2b: Dragoonite|20/100
|-supereffective|p2b: Dragoonite
|-damage|p2b: Dragoonite|0 fnt
|faint|p2b: Dragoonite
|-ability|p1a: Krookodile|Moxie|boost
|-boost|p1a: Krookodile|atk|1
|-hitcount|p2: Dragoonite|4
|-unboost|p1a: Krookodile|def|1
|-boost|p1a: Krookodile|spe|1
|-damage|p1a: Krookodile|90/100|[from] item: Life Orb
|move|p2a: Archalugoon|Dragon Pulse|p1b: Talonflame
|-damage|p1b: Talonflame|45/100
|
|upkeep
|
|t:|1755751151
|switch|p2b: Sinistgoon|Sinistcha, L50|100/100
|turn|2
|
|t:|1755751172
|switch|p2b: Ursagoona|Ursaluna, L50, F, shiny|100/100
|move|p1a: Krookodile|Earthquake|p2b: Ursagoona|[spread] p2a,p2b
|-immune|p1b: Talonflame
|-supereffective|p2a: Archalugoon
|-damage|p2a: Archalugoon|0 fnt
|-damage|p2b: Ursagoona|40/100
|faint|p2a: Archalugoon
|-ability|p1a: Krookodile|Moxie|boost
|-boost|p1a: Krookodile|atk|1
|-damage|p1a: Krookodile|80/100|[from] item: Life Orb
|move|p1b: Talonflame|Taunt|p2b: Ursagoona
|-start|p2b: Ursagoona|move: Taunt
|
|-status|p2b: Ursagoona|brn|[from] item: Flame Orb
|upkeep
|
|t:|1755751175
|switch|p2a: Sinistgoon|Sinistcha, L50|100/100
|-heal|p2b: Ursagoona|65/100 brn|[from] ability: Hospitality|[of] p2a: Sinistgoon
|turn|3
|
|t:|1755751190
|-terastallize|p2a: Sinistgoon|Dark
|move|p1a: Krookodile|Earthquake|p2b: Ursagoona|[spread] p2a,p2b
|-immune|p1b: Talonflame
|-damage|p2a: Sinistgoon|6/100
|-damage|p2b: Ursagoona|0 fnt
|-enditem|p2a: Sinistgoon|Sitrus Berry|[eat]
|-heal|p2a: Sinistgoon|30/100|[from] item: Sitrus Berry
|faint|p2b: Ursagoona
|-ability|p1a: Krookodile|Moxie|boost
|-boost|p1a: Krookodile|atk|1
|-damage|p1a: Krookodile|70/100|[from] item: Life Orb
|move|p1b: Talonflame|Taunt|p2a: Sinistgoon
|-start|p2a: Sinistgoon|move: Taunt
|cant|p2a: Sinistgoon|move: Taunt|Life Dew
|
|upkeep
|turn|4
|-message|gib1e forfeited.
|
|win|AshVGCMX
|raw|AshVGCMX's rating: 1148 → 1182(+34 for winning)
|raw|gib1e's rating: 1278 → 1244(-34 for losing)
|l|☆AshVGCMX
|player|p1|
|j|☆AshVGCMX
|player|p1|AshVGCMX|265|
