|j|☆Ng010394
|j|☆Glimme
|html|Ng010394Glimme    
|uhtml|bestof|Game 2 of a best-of-3
|t:|1782460292
|gametype|doubles
|player|p1|Ng010394|265|1125
|player|p2|Glimme|102|1155
|gen|9
|tier|[Gen 9 Champions] VGC 2026 Reg M-B (Bo3)
|rated|
|rule|Species Clause: Limit one of each Pokémon
|rule|Item Clause: Limit 1 of each item
|clearpoke
|poke|p1|Corviknight, L50, M|
|poke|p1|Raichu, L50, M|
|poke|p1|Primarina, L50, F|
|poke|p1|Dragapult, L50, F|
|poke|p1|Incineroar, L50, F|
|poke|p1|Starmie, L50|
|poke|p2|Garchomp, L50, M, shiny|
|poke|p2|Charizard, L50, M, shiny|
|poke|p2|Whimsicott, L50, M, shiny|
|poke|p2|Farigiraf, L50, M, shiny|
|poke|p2|Basculegion, L50, M, shiny|
|poke|p2|Sylveon, L50, M, shiny|
|teampreview|4
|showteam|p1|Corviknight||Leftovers|MirrorArmor|Tailwind,BodyPress,IronHead,BulkUp|Impish||M|||50|]Raichu||RaichuniteY|LightningRod|ZapCannon,FocusBlast,FakeOut,Protect|Hasty||M|||50|]Primarina||MysticWater|LiquidVoice|Moonblast,Protect,HyperVoice,EnergyBall|Modest||F|||50|]Dragapult||LifeOrb|ClearBody|DragonDarts,ShadowBall,Flamethrower,Protect|Hasty||F|||50|]Incineroar||SitrusBerry|Intimidate|FakeOut,PartingShot,ThroatChop,FlareBlitz|Careful||F|||50|]Starmie||Starminite|NaturalCure|AquaJet,Waterfall,ZenHeadbutt,IceSpinner|Jolly|||||50|
|showteam|p2|Garchomp||LifeOrb|RoughSkin|Earthquake,DragonClaw,RockSlide,Protect|Jolly||M|||50|]Charizard||CharizarditeY|SolarPower|HeatWave,WeatherBall,SolarBeam,Protect|Modest||M|||50|]Whimsicott||CobaBerry|Prankster|Moonblast,Tailwind,Encore,Protect|Timid||M|||50|]Farigiraf||SitrusBerry|ArmorTail|TwinBeam,FoulPlay,HelpingHand,TrickRoom|Bold||M|||50|]Basculegion||MysticWater|Adaptability|WaveCrash,LastRespects,AquaJet,Protect|Jolly||M|||50|]Sylveon||FairyFeather|Pixilate|HyperVoice,HyperBeam,QuickAttack,Detect|Modest||M|||50|
|inactive|Battle timer is ON: inactive players will automatically lose when time's up. (requested by Glimme)
|
|t:|1782460313
|teamsize|p1|4
|teamsize|p2|4
|start
|switch|p1a: Corviknight|Corviknight, L50, M|100/100
|switch|p1b: Primarina|Primarina, L50, F|100/100
|switch|p2a: Charizard|Charizard, L50, M, shiny|100/100
|switch|p2b: Basculegion|Basculegion, L50, M, shiny|100/100
|turn|1
|
|t:|1782460330
|switch|p2b: Whimsicott|Whimsicott, L50, M, shiny|100/100
|detailschange|p2a: Charizard|Charizard-Mega-Y, L50, M, shiny
|-mega|p2a: Charizard|Charizard|Charizardite Y
|-weather|SunnyDay|[from] ability: Drought|[of] p2a: Charizard
|move|p2a: Charizard|Heat Wave|p1a: Corviknight|[spread] p1a,p1b
|-supereffective|p1a: Corviknight|1
|-resisted|p1b: Primarina|1
|-damage|p1a: Corviknight|0 fnt
|-damage|p1b: Primarina|72/100
|faint|p1a: Corviknight
|move|p1b: Primarina|Hyper Voice|p2a: Charizard|[spread] p2a,p2b
|-supereffective|p2a: Charizard|1
|-resisted|p2b: Whimsicott|1
|-damage|p2a: Charizard|56/100
|-damage|p2b: Whimsicott|83/100
|
|-weather|SunnyDay|[upkeep]
|upkeep
|
|t:|1782460346
|switch|p1a: Dragapult|Dragapult, L50, F|100/100
|turn|2
|
|t:|1782460356
|move|p1b: Primarina|Protect|p1b: Primarina
|-singleturn|p1b: Primarina|Protect
|move|p2b: Whimsicott|Tailwind|p2b: Whimsicott
|-sidestart|p2: Glimme|move: Tailwind
|move|p2a: Charizard|Solar Beam||[still]
|-prepare|p2a: Charizard|Solar Beam
|-anim|p2a: Charizard|Solar Beam|p1b: Primarina
|-activate|p1b: Primarina|move: Protect
|move|p1a: Dragapult|Flamethrower|p2b: Whimsicott
|-supereffective|p2b: Whimsicott|1
|-damage|p2b: Whimsicott|0 fnt
|faint|p2b: Whimsicott
|-damage|p1a: Dragapult|90/100|[from] item: Life Orb
|
|-weather|SunnyDay|[upkeep]
|upkeep
|
|t:|1782460360
|switch|p2b: Garchomp|Garchomp, L50, M, shiny|100/100
|turn|3
|
|t:|1782460374
|move|p1a: Dragapult|Protect|p1a: Dragapult
|-singleturn|p1a: Dragapult|Protect
|move|p1b: Primarina|Protect||[still]
|-fail|p1b: Primarina
|move|p2b: Garchomp|Dragon Claw|p1a: Dragapult
|-activate|p1a: Dragapult|move: Protect
|move|p2a: Charizard|Solar Beam||[still]
|-prepare|p2a: Charizard|Solar Beam
|-anim|p2a: Charizard|Solar Beam|p1b: Primarina
|-supereffective|p1b: Primarina|1
|-damage|p1b: Primarina|0 fnt
|faint|p1b: Primarina
|
|-weather|SunnyDay|[upkeep]
|upkeep
|
|t:|1782460379
|switch|p1b: Starmie|Starmie, L50|100/100
|turn|4
|
|t:|1782460397
|detailschange|p1b: Starmie|Starmie-Mega, L50
|-mega|p1b: Starmie|Starmie|Starminite
|move|p2b: Garchomp|Dragon Claw|p1a: Dragapult
|-supereffective|p1a: Dragapult|1
|-damage|p1a: Dragapult|0 fnt
|faint|p1a: Dragapult
|-damage|p2b: Garchomp|90/100|[from] item: Life Orb
|move|p2a: Charizard|Solar Beam||[still]
|-prepare|p2a: Charizard|Solar Beam
|-anim|p2a: Charizard|Solar Beam|p1b: Starmie
|-supereffective|p1b: Starmie|1
|-damage|p1b: Starmie|0 fnt
|faint|p1b: Starmie
|
|win|Glimme
|raw|Ng010394's rating: 1125 → 1102(-23 for losing)
|raw|Glimme's rating: 1155 → 1178(+23 for winning)
