|j|Ōśåtakeshivgc-test
|j|Ōśåartzx
|html|takeshivgc-testartzx    
|uhtml|bestof|Game 2 of a best-of-3
|t:|1757736383
|gametype|doubles
|player|p1|takeshivgc-test|sabrina|1175
|player|p2|artzx|170|1073
|gen|9
|tier|[Gen 9] VGC 2025 Reg H (Bo3)
|rated|
|rule|Species Clause: Limit one of each Pok├®mon
|rule|Item Clause: Limit 1 of each item
|clearpoke
|poke|p1|Indeedee-F, L50, F|
|poke|p1|Torkoal, L50, F|
|poke|p1|Gallade, L50, M|
|poke|p1|Ursaluna, L50, M|
|poke|p1|Hatterene, L50, F|
|poke|p1|Lilligant-Hisui, L50, F|
|poke|p2|Dondozo, L50, F|
|poke|p2|Tatsugiri, L50, M|
|poke|p2|Indeedee, L50, M|
|poke|p2|Sneasler, L50, F|
|poke|p2|Typhlosion-Hisui, L50, M|
|poke|p2|Dragonite, L50, F|
|teampreview|4
|showteam|p1|Indeedee-F||PsychicSeed|PsychicSurge|DazzlingGleam,HelpingHand,TrickRoom,FollowMe|||F|||50|,,,,,Fairy]Torkoal||Charcoal|Drought|Eruption,Protect,WeatherBall,ClearSmog|||F|||50|,,,,,Fire]Gallade||ClearAmulet|Sharpness|PsychoCut,SacredSword,TrickRoom,WideGuard|||M|||50|,,,,,Fire]Ursaluna||FlameOrb|Guts|Facade,HeadlongRush,Earthquake,Protect|||M|||50|,,,,,Ghost]Hatterene||LifeOrb|MagicBounce|ExpandingForce,DazzlingGleam,TrickRoom,Protect|||F|||50|,,,,,Fire]Lilligant-Hisui||FocusSash|Chlorophyll|AfterYou,SleepPowder,SolarBlade,CloseCombat|||F|||50|,,,,,Ghost
|showteam|p2|Dondozo||Leftovers|Unaware|WaveCrash,OrderUp,Earthquake,Protect|||F|||50|,,,,,Steel]Tatsugiri||ChoiceSpecs|Commander|MuddyWater,DracoMeteor,DragonPulse,HydroPump|||M|||50|,,,,,Fairy]Indeedee||FocusSash|PsychicSurge|ExpandingForce,HelpingHand,Imprison,TrickRoom|||M|||50|,,,,,Grass]Sneasler||PsychicSeed|Unburden|DireClaw,CloseCombat,ThroatChop,Protect|||F|||50|,,,,,Dark]Typhlosion-Hisui||ChoiceScarf|Blaze|Eruption,HeatWave,ShadowBall,Overheat|||M|||50|,,,,,Fire]Dragonite||LoadedDice|Multiscale|ScaleShot,IronHead,Haze,Protect|||F|||50|,,,,,Steel
|inactive|Battle timer is ON: inactive players will automatically lose when time's up. (requested by artzx)
|c|Ōśåartzx|if u go
|c|Ōśåartzx|all in
|c|Ōśåartzx|in sun
|c|Ōśåartzx|please
|c|Ōśåartzx|miss
|c|Ōśåartzx|atleast one
|
|t:|1757736415
|teamsize|p1|4
|teamsize|p2|4
|start
|switch|p1a: Torkoal|Torkoal, L50, F|100/100
|switch|p1b: Lilligant|Lilligant-Hisui, L50, F|100/100
|switch|p2a: Indeedee|Indeedee, L50, M|100/100
|switch|p2b: Sneasler|Sneasler, L50, F|100/100
|-fieldstart|move: Psychic Terrain|[from] ability: Psychic Surge|[of] p2a: Indeedee
|-enditem|p2b: Sneasler|Psychic Seed
|-boost|p2b: Sneasler|spd|1|[from] item: Psychic Seed
|-weather|SunnyDay|[from] ability: Drought|[of] p1a: Torkoal
|turn|1
|c|Ōśåtakeshivgc-test|dont worry im not lucky enough to hit another sleep
|
|t:|1757736437
|switch|p1a: Hatterene|Hatterene, L50, F, shiny|100/100
|move|p2b: Sneasler|Dire Claw|p1b: Lilligant
|-supereffective|p1b: Lilligant
|-enditem|p1b: Lilligant|Focus Sash
|-damage|p1b: Lilligant|1/100
|move|p1b: Lilligant|Sleep Powder|p2b: Sneasler
|-status|p2b: Sneasler|slp|[from] move: Sleep Powder
|move|p2a: Indeedee|Expanding Force|p1b: Lilligant|[spread] p1a,p1b
|-resisted|p1a: Hatterene
|-supereffective|p1b: Lilligant
|-damage|p1a: Hatterene|73/100
|-damage|p1b: Lilligant|0 fnt
|faint|p1b: Lilligant
|
|-weather|SunnyDay|[upkeep]
|upkeep
|c|Ōśåtakeshivgc-test|nvm
|c|Ōśåartzx|GOD DAMMIT
|
|t:|1757736454
|switch|p1b: Gallade|Gallade, L50, M, shiny|100/100
|turn|2
|c|Ōśåartzx|I WILL KILL MYSELF IN FRONT OF THIS LILIGANT
|c|Ōśåtakeshivgc-test|lets not do that lol
|inactive|artzx has 30 seconds left.
|
|t:|1757736484
|cant|p2b: Sneasler|slp
|move|p1b: Gallade|Wide Guard|p1b: Gallade
|-singleturn|p1b: Gallade|Wide Guard
|move|p2a: Indeedee|Imprison|p2a: Indeedee
|-start|p2a: Indeedee|move: Imprison
|cant|p1a: Hatterene|move: Imprison|Trick Room
|
|-weather|SunnyDay|[upkeep]
|upkeep
|turn|3
|inactive|artzx has 30 seconds left.
|c|Ōśåartzx|PLS WAKE UP
|c|Ōśåartzx|WAKE UP
|inactive|artzx has 20 seconds left.
|c|Ōśåartzx|WAAAAAAAAAAAKE
|inactive|artzx has 15 seconds left.
|inactive|artzx has 10 seconds left.
|
|t:|1757736531
|move|p1b: Gallade|Wide Guard|p1b: Gallade
|-singleturn|p1b: Gallade|Wide Guard
|-curestatus|p2b: Sneasler|slp|[msg]
|move|p2b: Sneasler|Dire Claw|p1b: Gallade
|-damage|p1b: Gallade|43/100
|move|p2a: Indeedee|Expanding Force|p1b: Gallade|[spread] 
|-activate|p1a: Hatterene|move: Wide Guard
|-activate|p1b: Gallade|move: Wide Guard
|move|p1a: Hatterene|Dazzling Gleam|p2a: Indeedee|[spread] p2a,p2b
|-damage|p2a: Indeedee|34/100
|-damage|p2b: Sneasler|56/100
|-damage|p1a: Hatterene|63/100|[from] item: Life Orb
|
|-weather|SunnyDay|[upkeep]
|upkeep
|turn|4
|c|Ōśåtakeshivgc-test|believe in the heart of the cards
|c|Ōśåartzx|YEAH
|
|t:|1757736550
|move|p1b: Gallade|Wide Guard|p1b: Gallade
|-singleturn|p1b: Gallade|Wide Guard
|move|p2b: Sneasler|Dire Claw|p1a: Hatterene
|-supereffective|p1a: Hatterene
|-damage|p1a: Hatterene|0 fnt
|faint|p1a: Hatterene
|move|p2a: Indeedee|Expanding Force|p1b: Gallade
|-activate|p1b: Gallade|move: Wide Guard
|
|-weather|SunnyDay|[upkeep]
|upkeep
|-message|takeshivgc-test forfeited.
|
|win|artzx
||takeshivgc-test is ready for game 3.
|c|Ōśåartzx|ggs
||artzx is ready for game 3.
|uhtml|next|Next: Game 3 of 3
|l|Ōśåtakeshivgc-test
|player|p1|
|l|Ōśåartzx
|player|p2|
