|j|☆Daniw9
|j|☆DISSSSS
|html|Daniw9DISSSSS    
|uhtml|bestof|Game 1 of a best-of-3
|t:|1756298346
|gametype|doubles
|player|p1|Daniw9|101|1126
|player|p2|DISSSSS|flannery|1111
|gen|9
|tier|[Gen 9] VGC 2025 Reg H (Bo3)
|rated|
|rule|Species Clause: Limit one of each Pokémon
|rule|Item Clause: Limit 1 of each item
|clearpoke
|poke|p1|Garchomp, L50, M|
|poke|p1|Tyranitar, L50, F|
|poke|p1|Delphox, L50, M|
|poke|p1|Indeedee-F, L50, F|
|poke|p1|Gallade, L50, M|
|poke|p1|Whimsicott, L50, M|
|poke|p2|Gholdengo, L50|
|poke|p2|Tyranitar, L50, M|
|poke|p2|Whimsicott, L50, F|
|poke|p2|Magmar, L50, F|
|poke|p2|Sneasler, L50, F|
|poke|p2|Dragapult, L50, M|
|teampreview|4
|showteam|p1|Garchomp||LifeOrb|SandVeil|Earthquake,StompingTantrum,Protect,DragonClaw|||M|||50|,,,,,Steel]Tyranitar||AssaultVest|SandStream|RockSlide,TeraBlast,KnockOff,LowKick|||F|||50|,,,,,Flying]Delphox||PsychicSeed|Magician|ExpandingForce,HeatWave,TeraBlast,Protect|||M|||50|,,,,,Fairy]Indeedee-F||SafetyGoggles|PsychicSurge|DazzlingGleam,TrickRoom,FollowMe,HelpingHand|||F|||50|,,,,,Water]Gallade||ClearAmulet|Sharpness|SacredSword,PsychoCut,TrickRoom,Protect|||M|||50|,,,,,Grass]Whimsicott||CovertCloak|Prankster|Moonblast,Tailwind,Encore,Protect|||M|||50|,,,,,Grass
|showteam|p2|Gholdengo||LifeOrb|GoodasGold|MakeItRain,ShadowBall,NastyPlot,Protect||||||50|,,,,,Water]Tyranitar||ClearAmulet|SandStream|DragonDance,Protect,RockSlide,KnockOff|||M|||50|,,,,,Flying]Whimsicott||CovertCloak|Prankster|Tailwind,Moonblast,Taunt,Charm|||F|||50|,,,,,Dark]Magmar||Eviolite|VitalSpirit|FollowMe,Overheat,Protect,HelpingHand|||F|||50|,,,,,Ghost]Sneasler||WhiteHerb|Unburden|DireClaw,CloseCombat,FakeOut,Protect|||F|||50|,,,,,Dark]Dragapult||ChoiceBand|ClearBody|DragonDarts,PhantomForce,SuckerPunch,Uturn|||M|||50|,,,,,Dragon
|inactive|Battle timer is ON: inactive players will automatically lose when time's up. (requested by DISSSSS)
|inactive|Daniw9 has 60 seconds left.
|inactive|DISSSSS has 60 seconds left.
|inactive|DISSSSS has 30 seconds left.
|
|t:|1756298413
|teamsize|p1|4
|teamsize|p2|4
|start
|switch|p1a: Indeedee|Indeedee-F, L50, F|100/100
|switch|p1b: Gallade|Gallade, L50, M|100/100
|switch|p2a: Sneasler|Sneasler, L50, F|100/100
|switch|p2b: Whimsicott|Whimsicott, L50, F|100/100
|-fieldstart|move: Psychic Terrain|[from] ability: Psychic Surge|[of] p1a: Indeedee
|turn|1
|
|t:|1756298434
|move|p1a: Indeedee|Follow Me|p1a: Indeedee
|-singleturn|p1a: Indeedee|move: Follow Me
|move|p2b: Whimsicott|Moonblast|p1a: Indeedee
|-damage|p1a: Indeedee|69/100
|move|p2a: Sneasler|Close Combat|p1a: Indeedee
|-damage|p1a: Indeedee|3/100
|-unboost|p2a: Sneasler|def|1
|-unboost|p2a: Sneasler|spd|1
|-enditem|p2a: Sneasler|White Herb
|-clearnegativeboost|p2a: Sneasler|[silent]
|move|p1b: Gallade|Trick Room|p1b: Gallade
|-fieldstart|move: Trick Room|[of] p1b: Gallade
|
|upkeep
|turn|2
|
|t:|1756298451
|move|p2a: Sneasler|Protect|p2a: Sneasler
|-singleturn|p2a: Sneasler|Protect
|move|p1a: Indeedee|Follow Me|p1a: Indeedee
|-singleturn|p1a: Indeedee|move: Follow Me
|move|p1b: Gallade|Psycho Cut|p2b: Whimsicott
|-damage|p2b: Whimsicott|0 fnt
|faint|p2b: Whimsicott
|
|upkeep
|
|t:|1756298458
|switch|p2b: Tyranitar|Tyranitar, L50, M|100/100
|-weather|Sandstorm|[from] ability: Sand Stream|[of] p2b: Tyranitar
|turn|3
|
|t:|1756298470
|-terastallize|p2b: Tyranitar|Flying
|move|p1a: Indeedee|Follow Me|p1a: Indeedee
|-singleturn|p1a: Indeedee|move: Follow Me
|move|p1b: Gallade|Psycho Cut|p2a: Sneasler
|-supereffective|p2a: Sneasler
|-damage|p2a: Sneasler|0 fnt
|faint|p2a: Sneasler
|move|p2b: Tyranitar|Rock Slide|p1a: Indeedee|[spread] p1a,p1b
|-resisted|p1b: Gallade
|-damage|p1a: Indeedee|0 fnt
|-damage|p1b: Gallade|77/100
|faint|p1a: Indeedee
|
|-weather|Sandstorm|[upkeep]
|-damage|p1b: Gallade|71/100|[from] Sandstorm
|-damage|p2b: Tyranitar|95/100|[from] Sandstorm
|upkeep
|
|t:|1756298477
|switch|p1a: Tyranitar|Tyranitar, L50, F|100/100
|switch|p2a: Dragapult|Dragapult, L50, M|100/100
|turn|4
|-message|DISSSSS forfeited.
|
|win|Daniw9
|l|☆DISSSSS
|player|p2|
||Daniw9 is ready for game 2.
||DISSSSS is ready for game 2.
|uhtml|next|Next: Game 2 of 3
