|j|☆the doctor rock
|j|☆SunshineTufo
|html|the doctor rockSunshineTufo    
|uhtml|bestof|Game 2 of a best-of-3
|t:|1784238586
|gametype|doubles
|player|p1|the doctor rock|marlon|1076
|player|p2|SunshineTufo|li|1169
|gen|9
|tier|[Gen 9 Champions] VGC 2026 Reg M-B (Bo3)
|rated|
|rule|Species Clause: Limit one of each Pokémon
|rule|Item Clause: Limit 1 of each item
|clearpoke
|poke|p1|Malamar, L50, F|
|poke|p1|Sylveon, L50, F|
|poke|p1|Sneasler, L50, F|
|poke|p1|Grimmsnarl, L50, M|
|poke|p1|Ceruledge, L50, F|
|poke|p1|Sinistcha, L50|
|poke|p2|Staraptor, L50, F|
|poke|p2|Tyranitar, L50, F|
|poke|p2|Excadrill, L50, M|
|poke|p2|Rotom-Wash, L50|
|poke|p2|Sceptile, L50, F|
|poke|p2|Sinistcha, L50|
|teampreview|4
|showteam|p1|Malamar||Malamarite|Contrary|KnockOff,PsychoCut,Superpower,Protect|Adamant||F|||50|]Sylveon||FairyFeather|Pixilate|HyperVoice,QuickAttack,Yawn,Detect|Modest||F|||50|]Sneasler||WhiteHerb|Unburden|DireClaw,CloseCombat,FakeOut,Protect|Jolly||F|||50|]Grimmsnarl||RoseliBerry|Prankster|SpiritBreak,FakeTears,ScaryFace,PartingShot|Bold||M|||50|]Ceruledge||ColburBerry|FlashFire|BitterBlade,ShadowSneak,BulkUp,Protect|Adamant||F|||50|]Sinistcha||SitrusBerry|Hospitality|MatchaGotcha,LifeDew,RagePowder,TrickRoom|Bold|||||50|
|showteam|p2|Staraptor||Staraptite|Intimidate|BraveBird,CloseCombat,Tailwind,Protect|Jolly||F|||50|]Tyranitar||ExpertBelt|SandStream|RockSlide,KnockOff,IcePunch,Protect|Adamant||F|||50|]Excadrill||FocusSash|SandRush|HighHorsepower,Earthquake,IronHead,Protect|Jolly||M|||50|]Rotom-Wash||ChoiceScarf|Levitate|Discharge,HydroPump,Electroweb,VoltSwitch|Timid|||||50|]Sceptile||Sceptilite|Overgrow|LeafStorm,DragonPulse,ShedTail,Protect|Timid||F|||50|]Sinistcha||KasibBerry|Hospitality|MatchaGotcha,RagePowder,TrickRoom,Protect|Calm|||||50|
|inactive|Battle timer is ON: inactive players will automatically lose when time's up. (requested by the doctor rock)
|inactive|SunshineTufo also wants the timer to be on.
|inactive|the doctor rock has 60 seconds left.
|inactive|SunshineTufo has 60 seconds left.
|
|t:|1784238622
|teamsize|p1|4
|teamsize|p2|4
|start
|switch|p1a: Sylveon|Sylveon, L50, F|100/100
|switch|p1b: Ceruledge|Ceruledge, L50, F|100/100
|switch|p2a: Sceptile|Sceptile, L50, F|100/100
|switch|p2b: Tyranitar|Tyranitar, L50, F|100/100
|-weather|Sandstorm|[from] ability: Sand Stream|[of] p2b: Tyranitar
|turn|1
|
|t:|1784238635
|switch|p1b: Sneasler|Sneasler, L50, F|100/100
|move|p2a: Sceptile|Protect|p2a: Sceptile
|-singleturn|p2a: Sceptile|Protect
|move|p2b: Tyranitar|Knock Off|p1b: Sneasler
|-resisted|p1b: Sneasler|1
|-damage|p1b: Sneasler|74/100
|-enditem|p1b: Sneasler|White Herb|[from] move: Knock Off|[of] p2b: Tyranitar
|move|p1a: Sylveon|Yawn|p2a: Sceptile
|-activate|p2a: Sceptile|move: Protect
|
|-weather|Sandstorm|[upkeep]
|-damage|p1b: Sneasler|68/100|[from] Sandstorm
|-damage|p2a: Sceptile|93/100|[from] Sandstorm
|-damage|p1a: Sylveon|94/100|[from] Sandstorm
|upkeep
|turn|2
|
|t:|1784238656
|switch|p2b: Sinistcha|Sinistcha, L50|100/100
|-heal|p2a: Sceptile|100/100|[from] ability: Hospitality|[of] p2b: Sinistcha
|move|p1b: Sneasler|Dire Claw|p2a: Sceptile
|-supereffective|p2a: Sceptile|1
|-damage|p2a: Sceptile|0 fnt
|faint|p2a: Sceptile
|move|p1a: Sylveon|Hyper Voice|p2b: Sinistcha
|-damage|p2b: Sinistcha|47/100
|
|-weather|Sandstorm|[upkeep]
|-damage|p1b: Sneasler|63/100|[from] Sandstorm
|-damage|p2b: Sinistcha|41/100|[from] Sandstorm
|-damage|p1a: Sylveon|88/100|[from] Sandstorm
|upkeep
|
|t:|1784238667
|switch|p2a: Staraptor|Staraptor, L50, F|100/100
|-ability|p2a: Staraptor|Intimidate|boost
|-unboost|p1a: Sylveon|atk|1
|-unboost|p1b: Sneasler|atk|1
|turn|3
|
|t:|1784238679
|move|p1b: Sneasler|Protect|p1b: Sneasler
|-singleturn|p1b: Sneasler|Protect
|move|p2b: Sinistcha|Rage Powder|p2b: Sinistcha
|-singleturn|p2b: Sinistcha|move: Rage Powder
|move|p2a: Staraptor|Brave Bird|p1a: Sylveon
|-damage|p1a: Sylveon|34/100
|-damage|p2a: Staraptor|79/100|[from] Recoil
|move|p1a: Sylveon|Hyper Voice|p2a: Staraptor|[spread] p2a,p2b
|-damage|p2a: Staraptor|13/100
|-damage|p2b: Sinistcha|0 fnt
|faint|p2b: Sinistcha
|
|-weather|Sandstorm|[upkeep]
|-damage|p1b: Sneasler|57/100|[from] Sandstorm
|-damage|p2a: Staraptor|7/100|[from] Sandstorm
|-damage|p1a: Sylveon|28/100|[from] Sandstorm
|upkeep
|
|t:|1784238683
|switch|p2b: Tyranitar|Tyranitar, L50, F|100/100
|turn|4
|-message|SunshineTufo forfeited.
|
|win|the doctor rock
