|j|☆doingVGCthings
|j|☆buf29 armonica
|html|doingVGCthingsbuf29 armonica    
|uhtml|bestof|Game 1 of a best-of-3
|t:|1756172417
|gametype|doubles
|player|p1|doingVGCthings|swimmer-gen4dp|1242
|player|p2|buf29 armonica|grimsley|1144
|gen|9
|tier|[Gen 9] VGC 2025 Reg H (Bo3)
|rated|
|rule|Species Clause: Limit one of each Pokémon
|rule|Item Clause: Limit 1 of each item
|clearpoke
|poke|p1|Volcarona, L50, M|
|poke|p1|Electabuzz, L50, F|
|poke|p1|Tyranitar, L50, F|
|poke|p1|Amoonguss, L50, F|
|poke|p1|Annihilape, L50, M|
|poke|p1|Mamoswine, L50, F|
|poke|p2|Dragonite, L50, F|
|poke|p2|Volcarona, L50, F|
|poke|p2|Ninetales-Alola, L50, F|
|poke|p2|Garchomp, L50, M|
|poke|p2|Kingambit, L50, F|
|poke|p2|Rillaboom, L50, M|
|teampreview|4
|showteam|p1|Volcarona||CovertCloak|FlameBody|Protect,HeatWave,GigaDrain,QuiverDance|||M|||50|,,,,,Grass]Electabuzz||Eviolite|VitalSpirit|Protect,Electroweb,Taunt,FollowMe|||F|||50|,,,,,Ghost]Tyranitar||AssaultVest|SandStream|RockSlide,KnockOff,LowKick,TeraBlast|||F|||50|,,,,,Flying]Amoonguss||SitrusBerry|Regenerator|Protect,PollenPuff,Spore,RagePowder|||F|||50|,,,,,Fairy]Annihilape||SafetyGoggles|Defiant|Protect,RageFist,CloseCombat,Coaching|||M|||50|,,,,,Water]Mamoswine||FocusSash|Oblivious|Protect,IcicleCrash,HighHorsepower,IceShard|||F|||50|,,,,,Stellar
|showteam|p2|Dragonite||LoadedDice|Multiscale|ScaleShot,Tailwind,Haze,Protect|||F|||50|,,,,,Fairy]Volcarona||Leftovers|FlameBody|QuiverDance,TeraBlast,HeatWave,RagePowder|||F|||50|,,,,,Fairy]Ninetales-Alola||FocusSash|SnowWarning|FreezeDry,IcyWind,DazzlingGleam,Protect|||F|||50|,,,,,Ghost]Garchomp||LifeOrb|RoughSkin|DragonClaw,Earthquake,StompingTantrum,Protect|||M|||50|,,,,,Steel]Kingambit||SafetyGoggles|Defiant|KowtowCleave,SuckerPunch,SwordsDance,Protect|||F|||50|,,,,,Dark]Rillaboom||MiracleSeed|GrassySurge|FakeOut,GrassyGlide,WoodHammer,HighHorsepower|||M|||50|,,,,,Grass
|inactive|Battle timer is ON: inactive players will automatically lose when time's up. (requested by buf29 armonica)
|inactive|doingVGCthings also wants the timer to be on.
|inactive|doingVGCthings has 60 seconds left.
|inactive|buf29 armonica has 60 seconds left.
|
|t:|1756172454
|teamsize|p1|4
|teamsize|p2|4
|start
|switch|p1a: Volcarona|Volcarona, L50, M|100/100
|switch|p1b: Electabuzz|Electabuzz, L50, F|100/100
|switch|p2a: Garchomp|Garchomp, L50, M|100/100
|switch|p2b: Dragonite|Dragonite, L50, F|100/100
|turn|1
|
|t:|1756172467
|-terastallize|p1a: Volcarona|Grass
|move|p2a: Garchomp|Earthquake|p1b: Electabuzz|[spread] p1a,p1b
|-immune|p2b: Dragonite
|-resisted|p1a: Volcarona
|-supereffective|p1b: Electabuzz
|-damage|p1a: Volcarona|75/100
|-damage|p1b: Electabuzz|12/100
|-damage|p2a: Garchomp|91/100|[from] item: Life Orb
|move|p1b: Electabuzz|Taunt|p2b: Dragonite
|-start|p2b: Dragonite|move: Taunt
|move|p2b: Dragonite|Scale Shot|p1a: Volcarona
|-damage|p1a: Volcarona|59/100
|-damage|p1a: Volcarona|43/100
|-damage|p1a: Volcarona|27/100
|-damage|p1a: Volcarona|12/100
|-crit|p1a: Volcarona
|-damage|p1a: Volcarona|0 fnt
|faint|p1a: Volcarona
|-hitcount|p1: Volcarona|5
|-unboost|p2b: Dragonite|def|1
|-boost|p2b: Dragonite|spe|1
|
|upkeep
|
|t:|1756172487
|switch|p1a: Mamoswine|Mamoswine, L50, F|100/100
|turn|2
|
|t:|1756172508
|move|p2b: Dragonite|Scale Shot|p1a: Mamoswine
|-damage|p1a: Mamoswine|86/100
|-damage|p1a: Mamoswine|71/100
|-crit|p1a: Mamoswine
|-damage|p1a: Mamoswine|48/100
|-damage|p1a: Mamoswine|31/100
|-damage|p1a: Mamoswine|17/100
|-hitcount|p1a: Mamoswine|5
|-unboost|p2b: Dragonite|def|1
|-boost|p2b: Dragonite|spe|1
|move|p2a: Garchomp|Earthquake|p1b: Electabuzz|[spread] p1a,p1b
|-immune|p2b: Dragonite
|-supereffective|p1b: Electabuzz
|-damage|p1a: Mamoswine|0 fnt
|-damage|p1b: Electabuzz|0 fnt
|faint|p1a: Mamoswine
|faint|p1b: Electabuzz
|-damage|p2a: Garchomp|81/100|[from] item: Life Orb
|
|upkeep
|
|t:|1756172513
|switch|p1a: Tyranitar|Tyranitar, L50, F|100/100
|-weather|Sandstorm|[from] ability: Sand Stream|[of] p1a: Tyranitar
|turn|3
|
|t:|1756172524
|move|p2b: Dragonite|Scale Shot|p1a: Tyranitar
|-damage|p1a: Tyranitar|90/100
|-damage|p1a: Tyranitar|78/100
|-damage|p1a: Tyranitar|66/100
|-damage|p1a: Tyranitar|56/100
|-hitcount|p1a: Tyranitar|4
|-unboost|p2b: Dragonite|def|1
|-boost|p2b: Dragonite|spe|1
|move|p2a: Garchomp|Earthquake|p1a: Tyranitar|[spread] p1a
|-immune|p2b: Dragonite
|-supereffective|p1a: Tyranitar
|-damage|p1a: Tyranitar|0 fnt
|faint|p1a: Tyranitar
|-damage|p2a: Garchomp|71/100|[from] item: Life Orb
|
|win|buf29 armonica
||doingVGCthings is ready for game 2.
||buf29 armonica is ready for game 2.
|uhtml|next|Next: Game 2 of 3
|l|☆buf29 armonica
|player|p2|
