|j|☆colemarcusvgc
|j|☆rickyicebeam
|html|colemarcusvgcrickyicebeam    
|uhtml|bestof|Game 3 of a best-of-3
|t:|1756526842
|gametype|doubles
|player|p1|colemarcusvgc|n|1012
|player|p2|rickyicebeam|steven|1089
|gen|9
|tier|[Gen 9] VGC 2025 Reg H (Bo3)
|rated|
|rule|Species Clause: Limit one of each Pokémon
|rule|Item Clause: Limit 1 of each item
|clearpoke
|poke|p1|Indeedee-F, L50, F|
|poke|p1|Hatterene, L50, F|
|poke|p1|Ursaluna, L50, F|
|poke|p1|Amoonguss, L50, F|
|poke|p1|Porygon2, L50|
|poke|p1|Tyranitar, L50, M|
|poke|p2|Ursaluna-Bloodmoon, L50, M|
|poke|p2|Indeedee, L50, M|
|poke|p2|Sneasler, L50, F|
|poke|p2|Talonflame, L50, M|
|poke|p2|Amoonguss, L50, F|
|poke|p2|Flamigo, L50, M|
|teampreview|4
|showteam|p1|Indeedee-F||RockyHelmet|PsychicSurge|FollowMe,HelpingHand,TrickRoom,DazzlingGleam|||F|||50|,,,,,Steel]Hatterene||LifeOrb|MagicBounce|TrickRoom,ExpandingForce,MysticalFire,DazzlingGleam|||F|||50|,,,,,Ghost]Ursaluna||FlameOrb|Guts|Facade,HeadlongRush,Earthquake,Protect|||F|||50|,,,,,Ghost]Amoonguss||SitrusBerry|Regenerator|Spore,RagePowder,PollenPuff,SludgeBomb|||F|||50|,,,,,Water]Porygon2||Eviolite|Download|IceBeam,TeraBlast,Recover,TrickRoom||||||50|,,,,,Grass]Tyranitar||SafetyGoggles|SandStream|RockSlide,Crunch,LowKick,IcePunch|||M|||50|,,,,,Fairy
|showteam|p2|Ursaluna-Bloodmoon||LifeOrb|MindsEye|HyperVoice,BloodMoon,EarthPower,Protect|||M|||50|,,,,,Normal]Indeedee||FocusSash|PsychicSurge|ExpandingForce,HelpingHand,Protect,TrickRoom|||M|||50|,,,,,Psychic]Sneasler||PsychicSeed|Unburden|DireClaw,CloseCombat,ThroatChop,Protect|||F|||50|,,,,,Dark]Talonflame||CovertCloak|FlameBody|Tailwind,BraveBird,WillOWisp,Taunt|||M|||50|,,,,,Steel]Amoonguss||RockyHelmet|Regenerator|Spore,RagePowder,PollenPuff,Protect|||F|||50|,,,,,Water]Flamigo||EjectPack|Scrappy|BraveBird,CloseCombat,Detect,WideGuard|||M|||50|,,,,,Ghost
|inactive|Battle timer is ON: inactive players will automatically lose when time's up. (requested by rickyicebeam)
|inactive|colemarcusvgc has 60 seconds left.
|
|t:|1756526889
|teamsize|p1|4
|teamsize|p2|4
|start
|switch|p1a: Indeedee|Indeedee-F, L50, F|100/100
|switch|p1b: Tyranitar|Tyranitar, L50, M|100/100
|switch|p2a: Ursaluna|Ursaluna-Bloodmoon, L50, M|100/100
|switch|p2b: Flamigo|Flamigo, L50, M|100/100
|-fieldstart|move: Psychic Terrain|[from] ability: Psychic Surge|[of] p1a: Indeedee
|-weather|Sandstorm|[from] ability: Sand Stream|[of] p1b: Tyranitar
|turn|1
|inactive|colemarcusvgc has 30 seconds left.
|
|t:|1756526922
|-terastallize|p2a: Ursaluna|Normal
|-terastallize|p1b: Tyranitar|Fairy
|move|p2b: Flamigo|Close Combat|p1a: Indeedee
|-damage|p1a: Indeedee|29/100
|-unboost|p2b: Flamigo|def|1
|-unboost|p2b: Flamigo|spd|1
|-damage|p2b: Flamigo|84/100|[from] item: Rocky Helmet|[of] p1a: Indeedee
|-enditem|p2b: Flamigo|Eject Pack
|inactive|rickyicebeam has 30 seconds left.
|
|t:|1756526948
|switch|p2b: Indeedee|Indeedee, L50, M|100/100
|move|p2a: Ursaluna|Hyper Voice|p1a: Indeedee|[spread] p1a,p1b
|-damage|p1a: Indeedee|0 fnt
|-damage|p1b: Tyranitar|39/100
|faint|p1a: Indeedee
|-damage|p2a: Ursaluna|91/100|[from] item: Life Orb
|move|p1b: Tyranitar|Low Kick|p2a: Ursaluna
|-supereffective|p2a: Ursaluna
|-damage|p2a: Ursaluna|12/100
|
|-weather|Sandstorm|[upkeep]
|-damage|p2b: Indeedee|95/100|[from] Sandstorm
|-damage|p2a: Ursaluna|6/100|[from] Sandstorm
|upkeep
|
|t:|1756526967
|switch|p1a: Hatterene|Hatterene, L50, F|100/100
|turn|2
|
|t:|1756526978
|move|p2b: Indeedee|Expanding Force|p1a: Hatterene|[spread] p1a,p1b
|-resisted|p1a: Hatterene
|-damage|p1a: Hatterene|72/100
|-damage|p1b: Tyranitar|0 fnt
|faint|p1b: Tyranitar
|move|p2a: Ursaluna|Blood Moon|p1a: Hatterene
|-damage|p1a: Hatterene|0 fnt
|faint|p1a: Hatterene
|-damage|p2a: Ursaluna|0 fnt|[from] item: Life Orb
|faint|p2a: Ursaluna
|
|-weather|Sandstorm|[upkeep]
|-damage|p2b: Indeedee|89/100|[from] Sandstorm
|upkeep
|
|t:|1756526991
|switch|p2a: Sneasler|Sneasler, L50, F|100/100
|switch|p1b: Ursaluna|Ursaluna, L50, F|100/100
|-enditem|p2a: Sneasler|Psychic Seed
|-boost|p2a: Sneasler|spd|1|[from] item: Psychic Seed
|turn|3
|
|t:|1756527011
|move|p2a: Sneasler|Close Combat|p1b: Ursaluna
|-supereffective|p1b: Ursaluna
|-damage|p1b: Ursaluna|0 fnt
|-unboost|p2a: Sneasler|def|1
|-unboost|p2a: Sneasler|spd|1
|faint|p1b: Ursaluna
|
|win|rickyicebeam
|raw|colemarcusvgc's rating: 1012 → 1003(-9 for losing)
|raw|rickyicebeam's rating: 1089 → 1110(+21 for winning)
|c|☆colemarcusvgc|gg!
|l|☆rickyicebeam
|player|p2|
