|j|☆fidelillo
|j|☆TapuYolo VGC
|html|fidelilloTapuYolo VGC    
|uhtml|bestof|Game 2 of a best-of-3
|t:|1756651427
|gametype|doubles
|player|p1|fidelillo|silver|1078
|player|p2|TapuYolo VGC|iris|1052
|gen|9
|tier|[Gen 9] VGC 2025 Reg H (Bo3)
|rated|
|rule|Species Clause: Limit one of each Pokémon
|rule|Item Clause: Limit 1 of each item
|clearpoke
|poke|p1|Torkoal, L50, M|
|poke|p1|Indeedee-F, L50, F|
|poke|p1|Hatterene, L50, F|
|poke|p1|Gallade, L50, M|
|poke|p1|Annihilape, L50, M|
|poke|p1|Lilligant-Hisui, L50, F|
|poke|p2|Gholdengo, L50|
|poke|p2|Jolteon, L50, M|
|poke|p2|Indeedee, L50, M|
|poke|p2|Kommo-o, L50, F|
|poke|p2|Sinistcha, L50|
|poke|p2|Magmar, L50, F|
|teampreview|4
|showteam|p1|Torkoal||ChoiceSpecs|Drought|Eruption,WeatherBall,EarthPower,HeatWave|||M|||50|,,,,,Fire]Indeedee-F||PsychicSeed|PsychicSurge|TrickRoom,HelpingHand,FollowMe,Psychic|||F|||50|,,,,,Grass]Hatterene||LifeOrb|MagicBounce|DazzlingGleam,ExpandingForce,Psyshock,TrickRoom|||F|||50|,,,,,Water]Gallade||ClearAmulet|Sharpness|TrickRoom,SacredSword,PsychoCut,WideGuard|||M|||50|,,,,,Fire]Annihilape||ChoiceScarf|Defiant|FinalGambit,CloseCombat,ShadowClaw,Uturn|||M|||50|,,,,,Stellar]Lilligant-Hisui||FocusSash|Chlorophyll|AfterYou,SleepPowder,CloseCombat,Protect|||F|||50|,,,,,Ghost
|showteam|p2|Gholdengo||ChoiceSpecs|GoodasGold|MakeItRain,ShadowBall,Thunderbolt,PowerGem||||||50|,,,,,Steel]Jolteon||CovertCloak|QuickFeet|Electroweb,VoltSwitch,FakeTears,Protect|||M|||50|,,,,,Flying]Indeedee||FocusSash|PsychicSurge|ExpandingForce,DazzlingGleam,Encore,Protect|||M|||50|,,,,,Psychic]Kommo-o||Leftovers|Overcoat|ClangingScales,ClangorousSoul,AuraSphere,Protect|||F|||50|,,,,,Steel]Sinistcha||RockyHelmet|Hospitality|MatchaGotcha,RagePowder,TrickRoom,LifeDew||||||50|,,,,,Fairy]Magmar||Eviolite|FlameBody|Overheat,ClearSmog,FollowMe,Protect|||F|||50|,,,,,Grass
|inactive|Battle timer is ON: inactive players will automatically lose when time's up. (requested by fidelillo)
|inactive|TapuYolo VGC has 60 seconds left.
|
|t:|1756651466
|teamsize|p1|4
|teamsize|p2|4
|start
|switch|p1a: Annihilape|Annihilape, L50, M|100/100
|switch|p1b: Indeedee|Indeedee-F, L50, F|100/100
|switch|p2a: Gholdengo|Gholdengo, L50|100/100
|switch|p2b: Kommo-o|Kommo-o, L50, F|100/100
|-fieldstart|move: Psychic Terrain|[from] ability: Psychic Surge|[of] p1b: Indeedee
|-enditem|p1b: Indeedee|Psychic Seed
|-boost|p1b: Indeedee|spd|1|[from] item: Psychic Seed
|turn|1
|
|t:|1756651485
|-terastallize|p2a: Gholdengo|Steel
|move|p1a: Annihilape|Final Gambit|p2b: Kommo-o
|-damage|p2b: Kommo-o|0 fnt
|faint|p1a: Annihilape
|faint|p2b: Kommo-o
|move|p2a: Gholdengo|Make It Rain|p1b: Indeedee
|-damage|p1b: Indeedee|18/100
|-unboost|p2a: Gholdengo|spa|1
|move|p1b: Indeedee|Trick Room|p1b: Indeedee
|-fieldstart|move: Trick Room|[of] p1b: Indeedee
|
|upkeep
|
|t:|1756651496
|switch|p2b: Indeedee|Indeedee, L50, M|100/100
|switch|p1a: Torkoal|Torkoal, L50, M|100/100
|-weather|SunnyDay|[from] ability: Drought|[of] p1a: Torkoal
|turn|2
|
|t:|1756651504
|switch|p2a: Sinistcha|Sinistcha, L50|100/100
|-terastallize|p1a: Torkoal|Fire
|move|p1a: Torkoal|Eruption|p2b: Indeedee|[spread] p2a,p2b
|-supereffective|p2a: Sinistcha
|-damage|p2a: Sinistcha|0 fnt
|-enditem|p2b: Indeedee|Focus Sash
|-damage|p2b: Indeedee|1/100
|faint|p2a: Sinistcha
|move|p1b: Indeedee|Psychic|p2b: Indeedee
|-resisted|p2b: Indeedee
|-damage|p2b: Indeedee|0 fnt
|faint|p2b: Indeedee
|
|-weather|SunnyDay|[upkeep]
|upkeep
|-message|TapuYolo VGC forfeited.
|
|win|fidelillo
|raw|fidelillo's rating: 1078 → 1104(+26 for winning)
|raw|TapuYolo VGC's rating: 1052 → 1036(-16 for losing)
|l|☆TapuYolo VGC
|player|p2|
