|j|☆selmir suljkanovic
|j|☆282839393m
|html|selmir suljkanovic282839393m    
|uhtml|bestof|Game 2 of a best-of-3
|t:|1783959929
|gametype|doubles
|player|p1|selmir suljkanovic|ballguy|1192
|player|p2|282839393m|266|1113
|gen|9
|tier|[Gen 9 Champions] VGC 2026 Reg M-B (Bo3)
|rated|
|rule|Species Clause: Limit one of each Pokémon
|rule|Item Clause: Limit 1 of each item
|clearpoke
|poke|p1|Sinistcha-Masterpiece, L50|
|poke|p1|Kingambit, L50, F|
|poke|p1|Sneasler, L50, M|
|poke|p1|Blastoise, L50, F|
|poke|p1|Delphox, L50, M|
|poke|p1|Incineroar, L50, F|
|poke|p2|Gengar, L50, M|
|poke|p2|Basculegion, L50, M|
|poke|p2|Incineroar, L50, M|
|poke|p2|Politoed, L50, F|
|poke|p2|Archaludon, L50, M|
|poke|p2|Vivillon-Pokeball, L50, M|
|teampreview|4
|showteam|p1|Sinistcha-Masterpiece||OccaBerry|Hospitality|MatchaGotcha,RagePowder,TrickRoom,Protect|Bold|||||50|]Kingambit||LifeOrb|Defiant|KowtowCleave,SuckerPunch,SwordsDance,Protect|Adamant||F|||50|]Sneasler||FocusSash|PoisonTouch|FakeOut,CloseCombat,DireClaw,QuickGuard|Jolly||M|||50|]Blastoise||Blastoisinite|RainDish|WaterSpout,DarkPulse,ShellSmash,Protect|Modest||F|||50|]Delphox||Delphoxite|Blaze|HeatWave,Psyshock,NastyPlot,Protect|Timid||M|||50|]Incineroar||SitrusBerry|Intimidate|PartingShot,FlareBlitz,ThroatChop,FakeOut|Careful||F|||50|
|showteam|p2|Gengar||Gengarite|CursedBody|Protect,ShadowBall,Disable,PerishSong|Calm||M|||50|]Basculegion||LifeOrb|SwiftSwim|WaveCrash,LastRespects,FlipTurn,Protect|Adamant||M|||50|]Incineroar||PasshoBerry|Intimidate|FakeOut,PartingShot,Protect,ThroatChop|Impish||M|||50|]Politoed||SitrusBerry|Drizzle|PerishSong,Protect,Encore,WeatherBall|Calm||F|||50|]Archaludon||Magnet|Sturdy|ElectroShot,Protect,FlashCannon,DragonPulse|Timid||M|||50|]Vivillon-Pokeball||FocusSash|CompoundEyes|SleepPowder,Tailwind,Protect,PollenPuff|Jolly||M|||50|
|
|t:|1783959956
|teamsize|p1|4
|teamsize|p2|4
|start
|switch|p1a: Blastoise|Blastoise, L50, F|100/100
|switch|p1b: Incineroar|Incineroar, L50, F|100/100
|switch|p2a: Gengar|Gengar, L50, M|100/100
|switch|p2b: Archaludon|Archaludon, L50, M|100/100
|-ability|p1b: Incineroar|Intimidate|boost
|-unboost|p2a: Gengar|atk|1
|-unboost|p2b: Archaludon|atk|1
|turn|1
|inactive|Battle timer is ON: inactive players will automatically lose when time's up. (requested by selmir suljkanovic)
|
|t:|1783960005
|detailschange|p2a: Gengar|Gengar-Mega, L50, M
|-mega|p2a: Gengar|Gengar|Gengarite
|detailschange|p1a: Blastoise|Blastoise-Mega, L50, F
|-mega|p1a: Blastoise|Blastoise|Blastoisinite
|move|p2a: Gengar|Protect|p2a: Gengar
|-singleturn|p2a: Gengar|Protect
|move|p2b: Archaludon|Protect|p2b: Archaludon
|-singleturn|p2b: Archaludon|Protect
|move|p1b: Incineroar|Fake Out|p2b: Archaludon
|-activate|p2b: Archaludon|move: Protect
|move|p1a: Blastoise|Shell Smash|p1a: Blastoise
|-unboost|p1a: Blastoise|def|1
|-unboost|p1a: Blastoise|spd|1
|-boost|p1a: Blastoise|atk|2
|-boost|p1a: Blastoise|spa|2
|-boost|p1a: Blastoise|spe|2
|
|upkeep
|turn|2
|
|t:|1783960022
|switch|p2a: Vivillon|Vivillon-Pokeball, L50, M|100/100
|move|p1a: Blastoise|Dark Pulse|p2b: Archaludon
|-ability|p2b: Archaludon|Sturdy
|-damage|p2b: Archaludon|1/100
|move|p2b: Archaludon|Electro Shot||[still]
|-prepare|p2b: Archaludon|Electro Shot
|-boost|p2b: Archaludon|spa|1
|move|p1b: Incineroar|Flare Blitz|p2b: Archaludon
|-damage|p2b: Archaludon|0 fnt
|faint|p2b: Archaludon
|-damage|p1b: Incineroar|99/100|[from] Recoil
|
|upkeep
|
|t:|1783960033
|switch|p2b: Gengar|Gengar-Mega, L50, M|100/100
|turn|3
|
|t:|1783960044
|move|p1a: Blastoise|Water Spout|p2a: Vivillon|[spread] p2a,p2b
|-enditem|p2a: Vivillon|Focus Sash
|-damage|p2a: Vivillon|1/100
|-damage|p2b: Gengar|0 fnt
|faint|p2b: Gengar
|move|p2a: Vivillon|Sleep Powder|p1a: Blastoise
|-status|p1a: Blastoise|slp|[from] move: Sleep Powder
|move|p1b: Incineroar|Throat Chop|p2a: Vivillon
|-damage|p2a: Vivillon|0 fnt
|faint|p2a: Vivillon
|
|upkeep
|
|t:|1783960047
|switch|p2b: Politoed|Politoed, L50, F|100/100
|-weather|RainDance|[from] ability: Drizzle|[of] p2b: Politoed
|turn|4
|c|☆282839393m|Bro sybau
|c|☆selmir suljkanovic|why
|-message|282839393m forfeited.
|
|win|selmir suljkanovic
