|j|ÔİåDrChunkalicious
|j|Ôİådr. colress acroma
|html|DrChunkaliciousdr. colress acroma    
|uhtml|bestof|Game 2 of a best-of-3
|t:|1783451681
|gametype|doubles
|player|p1|DrChunkalicious|scientist-gen4|
|player|p2|dr. colress acroma|colress|
|gen|9
|tier|[Gen 9 Champions] VGC 2026 Reg M-B (Bo3)
|rule|Species Clause: Limit one of each Pok├®mon
|rule|Item Clause: Limit 1 of each item
|clearpoke
|poke|p1|Raichu, L50, F, shiny|
|poke|p1|Sinistcha-Masterpiece, L50, shiny|
|poke|p1|Sneasler, L50, M, shiny|
|poke|p1|Primarina, L50, M, shiny|
|poke|p1|Gengar, L50, M, shiny|
|poke|p1|Ditto, L50, shiny|
|poke|p2|Gardevoir, L50, M|
|poke|p2|Heracross, L50, M|
|poke|p2|Drampa, L50, F|
|poke|p2|Azumarill, L50, F|
|poke|p2|Corviknight, L50, M, shiny|
|poke|p2|Basculegion-F, L50, F|
|teampreview|4
|showteam|p1|Raichu||RaichuniteY|LightningRod|ZapCannon,FocusBlast,Surf,NastyPlot|Timid||F|||50|]Sinistcha-Masterpiece||Leftovers|Hospitality|RagePowder,MatchaGotcha,Hex,LifeDew|Bold|||||50|]Sneasler||WhiteHerb|Unburden|Acrobatics,CloseCombat,DireClaw,FakeOut|Adamant||M|||50|]Primarina||ShedShell|LiquidVoice|PerishSong,HyperVoice,Moonblast,IceBeam|Modest||M|||50|]Gengar||Gengarite|CursedBody|DestinyBond,DarkPulse,SludgeWave,ShadowBall|Timid||M|||50|]Ditto||ChoiceScarf|Imposter|Transform|Bold|||||50|
|showteam|p2|Gardevoir||ExpertBelt|Synchronize|MysticalFire,Psychic,CalmMind,DazzlingGleam|Timid||M|||50|]Heracross||SilverPowder|Swarm|Megahorn,Lunge,SwordsDance,LowKick|Jolly||M|||50|]Drampa||RoseliBerry|Berserk|FireBlast,CalmMind,Earthquake,DragonPulse|Quiet||F|||50|]Azumarill||FocusSash|HugePower|PlayRough,IceSpinner,Liquidation,Encore|Adamant||F|||50|]Corviknight||SharpBeak|MirrorArmor|DrillPeck,Roost,Agility,IronHead|Adamant||M|||50|]Basculegion-F||DampRock|SwiftSwim|RainDance,Surf,Hex,Blizzard|Modest||F|||50|
|
|t:|1783451710
|teamsize|p1|4
|teamsize|p2|4
|start
|switch|p1a: Spatk. go brrrr|Raichu, L50, F, shiny|100/100
|switch|p1b: Salon|Sneasler, L50, M, shiny|100/100
|switch|p2a: Bug|Heracross, L50, M|100/100
|switch|p2b: Big Stall|Azumarill, L50, F|100/100
|turn|1
|c|ÔİåDrChunkalicious|it worked last time!
|
|t:|1783451739
|detailschange|p1a: Spatk. go brrrr|Raichu-Mega-Y, L50, F, shiny
|-mega|p1a: Spatk. go brrrr|Raichu|Raichunite Y
|move|p1b: Salon|Fake Out|p2b: Big Stall
|-damage|p2b: Big Stall|84/100
|move|p1a: Spatk. go brrrr|Zap Cannon|p2a: Bug
|-damage|p2a: Bug|15/100
|-status|p2a: Bug|par
|move|p2a: Bug|Low Kick|p1b: Salon
|-resisted|p1b: Salon|1
|-damage|p1b: Salon|75/100
|cant|p2b: Big Stall|flinch
|
|upkeep
|turn|2
|c|Ôİådr. colress acroma|I'm gonna fuckupagain watch
|c|ÔİåDrChunkalicious|i wish you the best
|
|t:|1783451761
|move|p1a: Spatk. go brrrr|Zap Cannon|p2b: Big Stall
|-supereffective|p2b: Big Stall|1
|-damage|p2b: Big Stall|0 fnt
|faint|p2b: Big Stall
|move|p1b: Salon|Close Combat|p2a: Bug
|-resisted|p2a: Bug|1
|-damage|p2a: Bug|0 fnt
|-unboost|p1b: Salon|def|1
|-unboost|p1b: Salon|spd|1
|faint|p2a: Bug
|-enditem|p1b: Salon|White Herb
|-clearnegativeboost|p1b: Salon|[silent]
|
|upkeep
|
|t:|1783451773
|switch|p2a: Big Boi|Corviknight, L50, M, shiny|100/100
|switch|p2b: Gwyn|Gardevoir, L50, M|100/100
|turn|3
|c|ÔİåDrChunkalicious|oh
|c|ÔİåDrChunkalicious|oh i'm sorry little one
|c|Ôİådr. colress acroma|sadge
|c|Ôİådr. colress acroma|I was horrible at competitive when mking this
|c|Ôİådr. colress acroma|still am
|c|Ôİådr. colress acroma|just less so
|
|t:|1783451815
|move|p1b: Salon|Dire Claw|p2b: Gwyn
|-supereffective|p2b: Gwyn|1
|-damage|p2b: Gwyn|0 fnt
|faint|p2b: Gwyn
|move|p1a: Spatk. go brrrr|Zap Cannon|p2a: Big Boi
|-supereffective|p2a: Big Boi|1
|-damage|p2a: Big Boi|0 fnt
|faint|p2a: Big Boi
|
|win|DrChunkalicious
|c|Ôİådr. colress acroma|gg
|c|ÔİåDrChunkalicious|gg
|c|ÔİåDrChunkalicious|do you want to post?
|c|Ôİådr. colress acroma|you gonna do the link or me
|c|ÔİåDrChunkalicious|you can
|c|Ôİådr. colress acroma|kk
