|j|☆cm3112
|j|‽Desertfreak
|html|cm3112Desertfreak    
|uhtml|bestof|Game 2 of a best-of-3
|t:|1757667909
|gametype|doubles
|player|p1|cm3112|169|1353
|player|p2|Desertfreak|266|1341
|gen|9
|tier|[Gen 9] VGC 2025 Reg H (Bo3)
|rated|
|rule|Species Clause: Limit one of each Pokémon
|rule|Item Clause: Limit 1 of each item
|clearpoke
|poke|p1|Archaludon, L50, M|
|poke|p1|Maushold-Four, L50|
|poke|p1|Pelipper, L50, F|
|poke|p1|Amoonguss, L50, F|
|poke|p1|Basculegion, L50, M|
|poke|p1|Incineroar, L50, F|
|poke|p2|Gholdengo, L50|
|poke|p2|Kilowattrel, L50, M|
|poke|p2|Incineroar, L50, M|
|poke|p2|Amoonguss, L50, F|
|poke|p2|Porygon2, L50|
|poke|p2|Ursaluna, L50, M|
|teampreview|4
|showteam|p1|Archaludon||AssaultVest|Stamina|FlashCannon,ElectroShot,DracoMeteor,BodyPress|||M|||50|,,,,,Fairy]Maushold-Four||WideLens|Technician|PopulationBomb,BeatUp,FollowMe,Protect||||||50|,,,,,Ghost]Pelipper||FocusSash|Drizzle|MuddyWater,Hurricane,WideGuard,Protect|||F|||50|,,,,,Grass]Amoonguss||CovertCloak|Regenerator|Spore,RagePowder,PollenPuff,ClearSmog|||F|||50|,,,,,Dark]Basculegion||ChoiceBand|SwiftSwim|WaveCrash,FlipTurn,AquaJet,LastRespects|||M|||50|,,,,,Grass]Incineroar||SafetyGoggles|Intimidate|FakeOut,PartingShot,KnockOff,WillOWisp|||F|||50|,,,,,Bug
|showteam|p2|Gholdengo||LifeOrb|GoodasGold|MakeItRain,ShadowBall,Protect,NastyPlot||||||50|,,,,,Water]Kilowattrel||FocusSash|Competitive|AirSlash,Thunderbolt,Tailwind,Protect|||M|||50|,,,,,Ghost]Incineroar||SafetyGoggles|Intimidate|FakeOut,FlareBlitz,KnockOff,PartingShot|||M|||50|,,,,,Ghost]Amoonguss||SitrusBerry|Regenerator|PollenPuff,Spore,RagePowder,Protect|||F|||50|,,,,,Water]Porygon2||Eviolite|Download|TeraBlast,IceBeam,Recover,TrickRoom||||||50|,,,,,Fighting]Ursaluna||FlameOrb|Guts|Earthquake,Facade,HeadlongRush,Protect|||M|||50|,,,,,Ghost
|
|t:|1757667923
|teamsize|p1|4
|teamsize|p2|4
|start
|switch|p1a: Maushold|Maushold-Four, L50|100/100
|switch|p1b: Pelipper|Pelipper, L50, F|100/100
|switch|p2a: Gholdengo|Gholdengo, L50|100/100
|switch|p2b: Kilowattrel|Kilowattrel, L50, M, shiny|100/100
|-weather|RainDance|[from] ability: Drizzle|[of] p1b: Pelipper
|turn|1
|inactive|Battle timer is ON: inactive players will automatically lose when time's up. (requested by cm3112)
|
|t:|1757667930
|move|p2b: Kilowattrel|Tailwind|p2b: Kilowattrel
|-sidestart|p2: Desertfreak|move: Tailwind
|move|p2a: Gholdengo|Make It Rain|p1a: Maushold|[spread] p1a,p1b
|-resisted|p1b: Pelipper
|-damage|p1a: Maushold|17/100
|-damage|p1b: Pelipper|53/100
|-unboost|p2a: Gholdengo|spa|1
|-damage|p2a: Gholdengo|91/100|[from] item: Life Orb
|move|p1a: Maushold|Population Bomb|p2b: Kilowattrel
|-damage|p2b: Kilowattrel|79/100
|-damage|p2b: Kilowattrel|61/100
|-damage|p2b: Kilowattrel|40/100
|-damage|p2b: Kilowattrel|18/100
|-damage|p2b: Kilowattrel|0 fnt
|faint|p2b: Kilowattrel
|-hitcount|p2: Kilowattrel|5
|move|p1b: Pelipper|Muddy Water|p2a: Gholdengo
|-damage|p2a: Gholdengo|28/100
|-unboost|p2a: Gholdengo|accuracy|1
|
|-weather|RainDance|[upkeep]
|upkeep
|
|t:|1757667939
|switch|p2b: Ursaluna|Ursaluna, L50, M, shiny|100/100
|turn|2
|inactive|cm3112 has 30 seconds left.
|
|t:|1757667965
|switch|p1a: Archaludon|Archaludon, L50, M|100/100
|move|p2a: Gholdengo|Make It Rain|p1a: Archaludon|[spread] p1a,p1b
|-resisted|p1a: Archaludon
|-resisted|p1b: Pelipper
|-damage|p1a: Archaludon|87/100
|-damage|p1b: Pelipper|18/100
|-unboost|p2a: Gholdengo|spa|1
|-ability|p1a: Archaludon|Stamina|boost
|-boost|p1a: Archaludon|def|1
|-damage|p2a: Gholdengo|19/100|[from] item: Life Orb
|move|p2b: Ursaluna|Facade|p1b: Pelipper
|-damage|p1b: Pelipper|0 fnt
|faint|p1b: Pelipper
|
|-weather|RainDance|[upkeep]
|-status|p2b: Ursaluna|brn|[from] item: Flame Orb
|upkeep
|
|t:|1757667989
|switch|p1b: Maushold|Maushold-Four, L50|17/100
|turn|3
|inactive|cm3112 has 30 seconds left.
|
|t:|1757668020
|switch|p2a: Porygon2|Porygon2, L50, shiny|100/100
|-ability|p2a: Porygon2|Download|boost
|-boost|p2a: Porygon2|spa|1
|switch|p1b: Basculegion|Basculegion, L50, M|100/100
|-terastallize|p2b: Ursaluna|Ghost
|move|p2b: Ursaluna|Earthquake|p1a: Archaludon|[spread] p2a,p1a,p1b
|-supereffective|p1a: Archaludon
|-damage|p2a: Porygon2|60/100
|-damage|p1a: Archaludon|17/100
|-damage|p1b: Basculegion|13/100
|-ability|p1a: Archaludon|Stamina|boost
|-boost|p1a: Archaludon|def|1
|move|p1a: Archaludon|Electro Shot||[still]
|-prepare|p1a: Archaludon|Electro Shot
|-boost|p1a: Archaludon|spa|1
|-anim|p1a: Archaludon|Electro Shot|p2a: Porygon2
|-damage|p2a: Porygon2|21/100
|
|-weather|RainDance|[upkeep]
|-damage|p2b: Ursaluna|95/100 brn|[from] brn
|upkeep
|turn|4
|inactive|cm3112 has 30 seconds left.
|inactive|Desertfreak has 30 seconds left.
|inactive|cm3112 has 20 seconds left.
|inactive|cm3112 has 15 seconds left.
|
|t:|1757668065
|-terastallize|p1a: Archaludon|Fairy
|move|p1b: Basculegion|Aqua Jet|p2a: Porygon2
|-damage|p2a: Porygon2|0 fnt
|faint|p2a: Porygon2
|move|p2b: Ursaluna|Earthquake|p1b: Basculegion|[spread] p1a,p1b
|-damage|p1a: Archaludon|0 fnt
|-damage|p1b: Basculegion|0 fnt
|faint|p1a: Archaludon
|faint|p1b: Basculegion
|
|-weather|RainDance|[upkeep]
|-damage|p2b: Ursaluna|89/100 brn|[from] brn
|-sideend|p2: Desertfreak|move: Tailwind
|upkeep
|-message|cm3112 forfeited.
|
|win|Desertfreak
|l|☆cm3112
|player|p1|
||cm3112 is ready for game 3.
||Desertfreak is ready for game 3.
|uhtml|next|Next: Game 3 of 3
|l|‽Desertfreak
|player|p2|
