|j|ŌśåYoshiForLife
|j|Ōśåsenthe
|html|YoshiForLifesenthe    
|uhtml|bestof|Game 2 of a best-of-3
|t:|1783814408
|gametype|doubles
|player|p1|YoshiForLife|169|
|player|p2|senthe|102|
|gen|9
|tier|[Gen 9 Champions] VGC 2026 Reg M-B (Bo3)
|rule|Species Clause: Limit one of each Pok├®mon
|rule|Item Clause: Limit 1 of each item
|clearpoke
|poke|p1|Steelix, L50, M|
|poke|p1|Slowbro, L50, M|
|poke|p1|Hippowdon, L50, M|
|poke|p1|Conkeldurr, L50, M|
|poke|p1|Rotom, L50|
|poke|p1|Reuniclus, L50, F|
|poke|p2|Scolipede, L50, F|
|poke|p2|Greninja, L50, F|
|poke|p2|Liepard, L50, M|
|poke|p2|Noivern, L50, F, shiny|
|poke|p2|Diggersby, L50, M|
|poke|p2|Mr. Rime, L50, F|
|teampreview|4
|showteam|p1|Steelix||Steelixite|Sturdy|Protect,HeavySlam,WideGuard,HighHorsepower|Brave||M|||50|]Slowbro||Slowbronite|Oblivious|SlackOff,BodyPress,Psychic,TrickRoom|Relaxed||M|||50|]Hippowdon||SitrusBerry|SandStream|Earthquake,RockSlide,Protect,Yawn|Brave||M|||50|]Conkeldurr|||IronFist|DrainPunch,MachPunch,IcePunch,Protect|Brave||M|||50|]Rotom||Leftovers|Levitate|WillOWisp,VoltSwitch,Hex,Protect|Quiet|||||50|]Reuniclus||LifeOrb|MagicGuard|TrickRoom,Psychic,FocusBlast,Protect|Quiet||F|||50|
|showteam|p2|Scolipede||Scolipite|SpeedBoost|PoisonJab,LeechLife,StompingTantrum,Protect|Adamant||F|||50|]Greninja||Greninjite|Protean|HydroCannon,DarkPulse,IceBeam,Protect|Modest||F|||50|]Liepard||FocusSash|Prankster|FakeOut,SuckerPunch,Yawn,Protect|Jolly||M|||50|]Noivern||LifeOrb|Infiltrator|DracoMeteor,AirSlash,Tailwind,Protect|Timid||F|||50|]Diggersby||WhiteHerb|HugePower|Superpower,HighHorsepower,RockSlide,Protect|Adamant||M|||50|]Mr. Rime||SitrusBerry|ScreenCleaner|FakeOut,IceBeam,Thunderbolt,Protect|Modest||F|||50|
|inactive|Battle timer is ON: inactive players will automatically lose when time's up. (requested by YoshiForLife)
|inactive|senthe has 60 seconds left.
|
|t:|1783814463
|teamsize|p1|4
|teamsize|p2|4
|start
|switch|p1a: Slowbro|Slowbro, L50, M|100/100
|switch|p1b: Reuniclus|Reuniclus, L50, F|100/100
|switch|p2a: Greninja|Greninja, L50, F|100/100
|switch|p2b: Mr. Rime|Mr. Rime, L50, F|100/100
|turn|1
|inactive|senthe has 30 seconds left.
|
|t:|1783814496
|detailschange|p1a: Slowbro|Slowbro-Mega, L50, M
|-mega|p1a: Slowbro|Slowbro|Slowbronite
|move|p2a: Greninja|Hydro Cannon|p1b: Reuniclus
|-start|p2a: Greninja|typechange|Water|[from] ability: Protean
|-crit|p1b: Reuniclus
|-damage|p1b: Reuniclus|4/100
|-mustrecharge|p2a: Greninja
|move|p2b: Mr. Rime|Thunderbolt|p1a: Slowbro
|-supereffective|p1a: Slowbro|1
|-damage|p1a: Slowbro|39/100
|move|p1a: Slowbro|Body Press|p2a: Greninja
|-damage|p2a: Greninja|31/100
|move|p1b: Reuniclus|Trick Room|p1b: Reuniclus
|-fieldstart|move: Trick Room|[of] p1b: Reuniclus
|
|upkeep
|turn|2
|inactive|senthe has 30 seconds left.
|
|t:|1783814521
|move|p1a: Slowbro|Body Press|p2b: Mr. Rime
|-damage|p2b: Mr. Rime|55/100
|move|p1b: Reuniclus|Psychic|p2a: Greninja
|-damage|p2a: Greninja|0 fnt
|faint|p2a: Greninja
|move|p2b: Mr. Rime|Thunderbolt|p1b: Reuniclus
|-damage|p1b: Reuniclus|0 fnt
|faint|p1b: Reuniclus
|
|upkeep
|
|t:|1783814539
|switch|p1b: Conkeldurr|Conkeldurr, L50, M|100/100
|switch|p2a: Scolipede|Scolipede, L50, F|100/100
|turn|3
|
|t:|1783814559
|move|p2a: Scolipede|Protect|p2a: Scolipede
|-singleturn|p2a: Scolipede|Protect
|move|p1a: Slowbro|Psychic|p2a: Scolipede
|-activate|p2a: Scolipede|move: Protect
|move|p1b: Conkeldurr|Drain Punch|p2b: Mr. Rime
|-damage|p2b: Mr. Rime|0 fnt
|faint|p2b: Mr. Rime
|
|-ability|p2a: Scolipede|Speed Boost|boost
|-boost|p2a: Scolipede|spe|1
|upkeep
|
|t:|1783814566
|switch|p2b: Diggersby|Diggersby, L50, M|100/100
|turn|4
|inactive|senthe has 30 seconds left.
|inactive|senthe has 20 seconds left.
|
|t:|1783814606
|move|p2a: Scolipede|Protect||[still]
|-fail|p2a: Scolipede
|move|p1a: Slowbro|Psychic|p2a: Scolipede
|-supereffective|p2a: Scolipede|1
|-damage|p2a: Scolipede|0 fnt
|faint|p2a: Scolipede
|move|p1b: Conkeldurr|Drain Punch|p2b: Diggersby
|-supereffective|p2b: Diggersby|1
|-damage|p2b: Diggersby|0 fnt
|faint|p2b: Diggersby
|
|win|YoshiForLife
|c|Ōśåsenthe|yep
|c|ŌśåYoshiForLife|GGs
|c|Ōśåsenthe|hard trick room is my worst matchup
|c|Ōśåsenthe|gg :)
|c|ŌśåYoshiForLife|I felt like TR fit with steelix really well
|c|Ōśåsenthe|I probably shouldve imported your teamsheet somewhere to see the calcs
|c|Ōśåsenthe|I had no idea who in my team has enough damage to kill what
|c|ŌśåYoshiForLife|I probably need to find one of those too
|c|ŌśåYoshiForLife|All these low use ones are calcs I've never seen lol
|c|Ōśåsenthe|https://nerd-of-now.github.io/NCP-VGC-Damage-Calculator/ this one is great, Wolfe uses it too, you just have to learn how because the UI is kinda weird
|c|Ōśåsenthe|but you can import both rooms on opposite sides and click through all the pokemon to see who does how much to whom
|c|Ōśåsenthe|both teams*
|c|ŌśåYoshiForLife|Pop the teams in the middle and then import left/right?
|c|Ōśåsenthe|something like that
|c|ŌśåYoshiForLife|Nice, thanks for that!
|c|Ōśåsenthe|though I still don't get what the various export/import/save buttons do exactly xD
|c|Ōśåsenthe|anyways thanks for playing, have a nice day/evening : )
