|j|☆taka89
|j|☆breadconsumer124
|html|taka89breadconsumer124    
|uhtml|bestof|Game 1 of a best-of-3
|t:|1756815976
|gametype|doubles
|player|p1|taka89|clerk-boss|1114
|player|p2|breadconsumer124|169|1090
|gen|9
|tier|[Gen 9] VGC 2025 Reg H (Bo3)
|rated|
|rule|Species Clause: Limit one of each Pokémon
|rule|Item Clause: Limit 1 of each item
|clearpoke
|poke|p1|Flamigo, L50, F|
|poke|p1|Porygon2, L50|
|poke|p1|Ursaluna, L50, F|
|poke|p1|Archaludon, L50, M|
|poke|p1|Tyranitar, L50, M|
|poke|p1|Incineroar, L50, F|
|poke|p2|Farigiraf, L50, F|
|poke|p2|Ursaluna, L50, F|
|poke|p2|Whimsicott, L50, F|
|poke|p2|Incineroar, L50, F|
|poke|p2|Annihilape, L50, M|
|poke|p2|Archaludon, L50, F|
|teampreview|4
|showteam|p1|Flamigo||ChoiceScarf|Scrappy|BraveBird,DualWingbeat,CloseCombat,Uturn|||F|||50|,,,,,Grass]Porygon2||Eviolite|Download|Thunderbolt,TeraBlast,TrickRoom,Protect||||||50|,,,,,Flying]Ursaluna||FlameOrb|Guts|Facade,Earthquake,HeadlongRush,Protect|||F|||50|,,,,,Ghost]Archaludon||AssaultVest|Stamina|ElectroShot,DarkPulse,BodyPress,DracoMeteor|||M|||50|,,,,,Grass]Tyranitar||FocusSash|SandStream|RockSlide,LowKick,KnockOff,Protect|||M|||50|,,,,,Flying]Incineroar||PasshoBerry|Intimidate|KnockOff,FlareBlitz,FakeOut,PartingShot|||F|||50|,,,,,Ghost
|showteam|p2|Farigiraf||ThroatSpray|ArmorTail|HyperVoice,Psychic,TrickRoom,Protect|||F|||50|,,,,,Grass]Ursaluna||FlameOrb|Guts|Facade,HeadlongRush,Earthquake,Protect|||F|||50|,,,,,Ghost]Whimsicott||CovertCloak|Prankster|Moonblast,Tailwind,BeatUp,LightScreen|||F|||50|,,,,,Dark]Incineroar||SafetyGoggles|Intimidate|FlareBlitz,KnockOff,FakeOut,Uturn|||F|||50|,,,,,Bug]Annihilape||AssaultVest|Defiant|DrainPunch,RageFist,CloseCombat,FinalGambit|||M|||50|,,,,,Water]Archaludon||PowerHerb|Stalwart|ElectroShot,Thunderbolt,DragonPulse,Protect|||F|||50|,,,,,Electric
|inactive|Battle timer is ON: inactive players will automatically lose when time's up. (requested by taka89)
|inactive|taka89 has 60 seconds left.
|inactive|breadconsumer124 has 60 seconds left.
|inactive|breadconsumer124 has 30 seconds left.
|inactive|breadconsumer124 has 20 seconds left.
|inactive|breadconsumer124 has 15 seconds left.
|
|t:|1756816056
|teamsize|p1|4
|teamsize|p2|4
|start
|switch|p1a: swatchling|Porygon2, L50|100/100
|switch|p1b: Winglade|Flamigo, L50, F|100/100
|switch|p2a: Whimsicott|Whimsicott, L50, F|100/100
|switch|p2b: Archaludon|Archaludon, L50, F|100/100
|-ability|p1a: swatchling|Download|boost
|-boost|p1a: swatchling|spa|1
|turn|1
|inactive|taka89 has 30 seconds left.
|inactive|breadconsumer124 has 30 seconds left.
|inactive|taka89 has 20 seconds left.
|inactive|taka89 has 15 seconds left.
|inactive|breadconsumer124 has 20 seconds left.
|inactive|breadconsumer124 has 15 seconds left.
|inactive|breadconsumer124 has 10 seconds left.
|
|t:|1756816108
|switch|p1b: Balthizard|Ursaluna, L50, F, shiny|100/100
|move|p2b: Archaludon|Protect|p2b: Archaludon
|-singleturn|p2b: Archaludon|Protect
|move|p2a: Whimsicott|Light Screen|p2a: Whimsicott
|-sidestart|p2: breadconsumer124|move: Light Screen
|move|p1a: swatchling|Trick Room|p1a: swatchling
|-fieldstart|move: Trick Room|[of] p1a: swatchling
|
|-status|p1b: Balthizard|brn|[from] item: Flame Orb
|upkeep
|turn|2
|inactive|taka89 has 30 seconds left.
|inactive|breadconsumer124 has 30 seconds left.
|inactive|taka89 has 20 seconds left.
|inactive|taka89 has 15 seconds left.
|
|t:|1756816152
|-terastallize|p1a: swatchling|Flying
|move|p1b: Balthizard|Earthquake|p2a: Whimsicott|[spread] p2a,p2b
|-immune|p1a: swatchling
|-resisted|p2a: Whimsicott
|-supereffective|p2b: Archaludon
|-damage|p2a: Whimsicott|61/100
|-damage|p2b: Archaludon|7/100
|move|p1a: swatchling|Tera Blast|p2b: Archaludon|[anim] Tera Blast Flying
|-resisted|p2b: Archaludon
|-damage|p2b: Archaludon|0 fnt
|faint|p2b: Archaludon
|move|p2a: Whimsicott|Moonblast|p1b: Balthizard
|-damage|p1b: Balthizard|74/100 brn
|-unboost|p1b: Balthizard|spa|1
|
|-damage|p1b: Balthizard|68/100 brn|[from] brn
|upkeep
|
|t:|1756816164
|switch|p2b: Ursaluna|Ursaluna, L50, F|100/100
|turn|3
|-message|breadconsumer124 forfeited.
|
|win|taka89
||breadconsumer124 is ready for game 2.
|inactive|taka89 has 30 seconds to confirm battle start!
