|j|☆castoriceball
|j|☆jrizzo7576
|html|castoriceballjrizzo7576    
|uhtml|bestof|Game 1 of a best-of-3
|t:|1783813810
|gametype|doubles
|player|p1|castoriceball|miku-flying|1324
|player|p2|jrizzo7576|harlequin|1226
|gen|9
|tier|[Gen 9 Champions] VGC 2026 Reg M-B (Bo3)
|rated|
|rule|Species Clause: Limit one of each Pokémon
|rule|Item Clause: Limit 1 of each item
|clearpoke
|poke|p1|Garchomp, L50, F|
|poke|p1|Floette-Eternal, L50, F|
|poke|p1|Talonflame, L50, F|
|poke|p1|Rotom-Wash, L50, shiny|
|poke|p1|Sinistcha, L50|
|poke|p1|Glimmora, L50, M|
|poke|p2|Blastoise, L50, M, shiny|
|poke|p2|Incineroar, L50, F|
|poke|p2|Kingambit, L50, M|
|poke|p2|Sinistcha, L50|
|poke|p2|Sneasler, L50, M|
|poke|p2|Aerodactyl, L50, M|
|teampreview|4
|showteam|p1|Garchomp||LifeOrb|RoughSkin|DragonClaw,Earthquake,RockSlide,Protect|Adamant||F|||50|]Floette-Eternal||Floettite|FlowerVeil|Moonblast,DazzlingGleam,LightofRuin,Protect|Modest||F|||50|]Talonflame||SharpBeak|GaleWings|Tailwind,DualWingbeat,QuickGuard,Protect|Jolly||F|||50|]Rotom-Wash||Magnet|Levitate|Thunderbolt,HydroPump,Electroweb,Protect|Modest|||||50|]Sinistcha||OccaBerry|Hospitality|TrickRoom,ShadowBall,RagePowder,MatchaGotcha|Calm|||||50|]Glimmora||FocusSash|ToxicDebris|PowerGem,SludgeBomb,EarthPower,SpikyShield|Timid||M|||50|
|showteam|p2|Blastoise||Blastoisinite|RainDish|WaterSpout,DarkPulse,ShellSmash,Protect|Modest||M|||50|]Incineroar||SitrusBerry|Intimidate|FlareBlitz,HelpingHand,PartingShot,FakeOut|Careful||F|||50|]Kingambit||BlackGlasses|Defiant|SuckerPunch,KowtowCleave,SwordsDance,Protect|Adamant||M|||50|]Sinistcha||OccaBerry|Hospitality|MatchaGotcha,RagePowder,TrickRoom,Protect|Bold|||||50|]Sneasler||FocusSash|PoisonTouch|PoisonJab,CloseCombat,FakeOut,QuickGuard|Jolly||M|||50|]Aerodactyl||Aerodactylite|RockHead|IceFang,DualWingbeat,RockSlide,Protect|Adamant||M|||50|
|inactive|Battle timer is ON: inactive players will automatically lose when time's up. (requested by jrizzo7576)
|inactive|castoriceball has 60 seconds left.
|inactive|jrizzo7576 has 60 seconds left.
|
|t:|1783813884
|teamsize|p1|4
|teamsize|p2|4
|start
|switch|p1a: BIRDD|Talonflame, L50, F|100/100
|switch|p1b: Laundry List|Rotom-Wash, L50, shiny|100/100
|switch|p2a: Blastoise|Blastoise, L50, M, shiny|100/100
|switch|p2b: Incineroar|Incineroar, L50, F|100/100
|-ability|p2b: Incineroar|Intimidate|boost
|-unboost|p1a: BIRDD|atk|1
|-unboost|p1b: Laundry List|atk|1
|turn|1
|
|t:|1783813902
|detailschange|p2a: Blastoise|Blastoise-Mega, L50, M, shiny
|-mega|p2a: Blastoise|Blastoise|Blastoisinite
|move|p1a: BIRDD|Quick Guard|p1a: BIRDD
|-singleturn|p1a: BIRDD|Quick Guard
|move|p2b: Incineroar|Fake Out|p1b: Laundry List
|-activate|p1b: Laundry List|move: Quick Guard
|move|p2a: Blastoise|Water Spout|p1b: Laundry List|[spread] p1a,p1b
|-supereffective|p1a: BIRDD|1
|-resisted|p1b: Laundry List|1
|-damage|p1a: BIRDD|0 fnt
|-damage|p1b: Laundry List|64/100
|faint|p1a: BIRDD
|move|p1b: Laundry List|Thunderbolt|p2a: Blastoise
|-supereffective|p2a: Blastoise|1
|-damage|p2a: Blastoise|0 fnt
|faint|p2a: Blastoise
|
|upkeep
|inactive|castoriceball has 30 seconds left.
|
|t:|1783813928
|switch|p1a: $70 flutter|Floette-Eternal, L50, F|100/100
|switch|p2a: Sinistcha|Sinistcha, L50|100/100
|turn|2
|
|t:|1783813942
|detailschange|p1a: $70 flutter|Floette-Mega, L50, F
|-mega|p1a: $70 flutter|Floette|Floettite
|-ability|p1a: $70 flutter|Fairy Aura
|move|p1a: $70 flutter|Light of Ruin|p2a: Sinistcha
|-damage|p2a: Sinistcha|0 fnt
|faint|p2a: Sinistcha
|-damage|p1a: $70 flutter|43/100|[from] Recoil
|move|p1b: Laundry List|Hydro Pump|p2b: Incineroar
|-supereffective|p2b: Incineroar|1
|-crit|p2b: Incineroar
|-damage|p2b: Incineroar|0 fnt
|faint|p2b: Incineroar
|
|upkeep
|
|t:|1783813954
|switch|p2b: Sneasler|Sneasler, L50, M|100/100
|turn|3
|
|t:|1783813962
|move|p2b: Sneasler|Poison Jab|p1b: Laundry List
|-damage|p1b: Laundry List|19/100
|-status|p1b: Laundry List|psn
|move|p1a: $70 flutter|Moonblast|p2b: Sneasler
|-enditem|p2b: Sneasler|Focus Sash
|-damage|p2b: Sneasler|1/100
|move|p1b: Laundry List|Electroweb|p2b: Sneasler
|-damage|p2b: Sneasler|0 fnt
|faint|p2b: Sneasler
|
|win|castoriceball
