|j|☆ALP_Fire
|j|☆ortainee
|html|ALP_Fireortainee    
|uhtml|bestof|Game 1 of a best-of-3
|t:|1782400921
|gametype|doubles
|player|p1|ALP_Fire|benga|1093
|player|p2|ortainee|grimsley-gen7|1080
|gen|9
|tier|[Gen 9 Champions] VGC 2026 Reg M-B (Bo3)
|rated|
|rule|Species Clause: Limit one of each Pokémon
|rule|Item Clause: Limit 1 of each item
|clearpoke
|poke|p1|Staraptor, L50, F, shiny|
|poke|p1|Gholdengo, L50, shiny|
|poke|p1|Incineroar, L50, F, shiny|
|poke|p1|Whimsicott, L50, M, shiny|
|poke|p1|Rotom-Wash, L50, shiny|
|poke|p1|Dragalge, L50, F, shiny|
|poke|p2|Charizard, L50, F|
|poke|p2|Garchomp, L50, M|
|poke|p2|Mawile, L50, M|
|poke|p2|Whimsicott, L50, M|
|poke|p2|Farigiraf, L50, F|
|poke|p2|Basculegion, L50, M|
|teampreview|4
|showteam|p1|Staraptor||Staraptite|Intimidate|CloseCombat,SkyAttack,Protect,BlazeKick|Adamant||F|||50|]Gholdengo||WiseGlasses|GoodasGold|NastyPlot,MakeItRain,ShadowBall,Protect|Timid|||||50|]Incineroar||SitrusBerry|Intimidate|PartingShot,ThroatChop,BodySlam,FakeOut|Adamant||F|||50|]Whimsicott||MentalHerb|Prankster|Tailwind,Encore,FakeTears,Charm|Calm||M|||50|]Rotom-Wash||LightClay|Levitate|Thunderbolt,LightScreen,Reflect,HydroPump|Timid|||||50|]Dragalge||Dragalgite|Adaptability|DragonPulse,SludgeBomb,PlayRough,ToxicSpikes|Calm||F|||50|
|showteam|p2|Charizard||CharizarditeY|Blaze|SolarBeam,HeatWave,WeatherBall,Protect|Modest||F|||50|]Garchomp||LifeOrb|RoughSkin|Earthquake,DragonClaw,RockSlide,Protect|Jolly||M|||50|]Mawile||Mawilite|HyperCutter|PlayRough,IronHead,SuckerPunch,Protect|Adamant||M|||50|]Whimsicott||FocusSash|Prankster|Moonblast,Tailwind,Encore,Protect|Timid||M|||50|]Farigiraf||SitrusBerry|ArmorTail|Psychic,TrickRoom,HelpingHand,Protect|Bold||F|||50|]Basculegion||MysticWater|Adaptability|WaveCrash,LastRespects,AquaJet,Protect|Adamant||M|||50|
|inactive|Battle timer is ON: inactive players will automatically lose when time's up. (requested by ortainee)
|inactive|ortainee has 60 seconds left.
|
|t:|1782400958
|teamsize|p1|4
|teamsize|p2|4
|start
|switch|p1a: Reaper|Staraptor, L50, F, shiny|100/100
|switch|p1b: Q-Tip|Whimsicott, L50, M, shiny|100/100
|switch|p2a: Charizard|Charizard, L50, F|100/100
|switch|p2b: Basculegion|Basculegion, L50, M|100/100
|-ability|p1a: Reaper|Intimidate|boost
|-unboost|p2a: Charizard|atk|1
|-unboost|p2b: Basculegion|atk|1
|turn|1
|
|t:|1782400979
|switch|p2b: Farigiraf|Farigiraf, L50, F|100/100
|detailschange|p2a: Charizard|Charizard-Mega-Y, L50, F
|-mega|p2a: Charizard|Charizard|Charizardite Y
|-weather|SunnyDay|[from] ability: Drought|[of] p2a: Charizard
|detailschange|p1a: Reaper|Staraptor-Mega, L50, F, shiny
|-mega|p1a: Reaper|Staraptor|Staraptite
|move|p1b: Q-Tip|Tailwind|p1b: Q-Tip
|-sidestart|p1: ALP_Fire|move: Tailwind
|move|p1a: Reaper|Sky Attack||[still]
|-prepare|p1a: Reaper|Sky Attack
|move|p2a: Charizard|Heat Wave|p1b: Q-Tip|[spread] p1a,p1b
|-supereffective|p1b: Q-Tip|1
|-damage|p1a: Reaper|37/100
|-damage|p1b: Q-Tip|0 fnt
|faint|p1b: Q-Tip
|
|-weather|SunnyDay|[upkeep]
|upkeep
|
|t:|1782400999
|switch|p1b: Midas|Gholdengo, L50, shiny|100/100
|turn|2
|
|t:|1782401020
|move|p1b: Midas|Protect|p1b: Midas
|-singleturn|p1b: Midas|Protect
|move|p1a: Reaper|Sky Attack|p2b: Farigiraf|[from] lockedmove
|-damage|p2b: Farigiraf|41/100
|-enditem|p2b: Farigiraf|Sitrus Berry|[eat]
|-heal|p2b: Farigiraf|66/100|[from] item: Sitrus Berry
|move|p2a: Charizard|Heat Wave|p1b: Midas|[spread] p1a
|-activate|p1b: Midas|move: Protect
|-damage|p1a: Reaper|0 fnt
|faint|p1a: Reaper
|move|p2b: Farigiraf|Trick Room|p2b: Farigiraf
|-fieldstart|move: Trick Room|[of] p2b: Farigiraf
|
|-weather|SunnyDay|[upkeep]
|upkeep
|
|t:|1782401032
|switch|p1a: Seaweed|Dragalge, L50, F, shiny|100/100
|turn|3
|
|t:|1782401044
|move|p2b: Farigiraf|Psychic|p1a: Seaweed
|-supereffective|p1a: Seaweed|1
|-damage|p1a: Seaweed|54/100
|-unboost|p1a: Seaweed|spd|1
|move|p1a: Seaweed|Sludge Bomb|p2a: Charizard
|-damage|p2a: Charizard|61/100
|move|p2a: Charizard|Weather Ball|p1b: Midas
|-supereffective|p1b: Midas|1
|-damage|p1b: Midas|0 fnt
|faint|p1b: Midas
|
|-weather|SunnyDay|[upkeep]
|upkeep
|turn|4
|
|t:|1782401060
|move|p2b: Farigiraf|Psychic|p1a: Seaweed
|-supereffective|p1a: Seaweed|1
|-damage|p1a: Seaweed|0 fnt
|faint|p1a: Seaweed
|
|win|ortainee
