|j|☆mariocansado
|j|☆berg0123
|html|mariocansadoberg0123    
|uhtml|bestof|Game 2 of a best-of-3
|t:|1756575323
|gametype|doubles
|player|p1|mariocansado|arven-v|1081
|player|p2|berg0123|hoopster|1164
|gen|9
|tier|[Gen 9] VGC 2025 Reg H (Bo3)
|rated|
|rule|Species Clause: Limit one of each Pokémon
|rule|Item Clause: Limit 1 of each item
|clearpoke
|poke|p1|Incineroar, L50, F|
|poke|p1|Rillaboom, L50, F|
|poke|p1|Primarina, L50, F|
|poke|p1|Dragapult, L50, M|
|poke|p1|Electabuzz, L50, M|
|poke|p1|Volcarona, L50, F|
|poke|p2|Dragapult, L50, M|
|poke|p2|Kingambit, L50, F|
|poke|p2|Sneasler, L50, F|
|poke|p2|Rillaboom, L50, F|
|poke|p2|Magmar, L50, F|
|poke|p2|Scrafty, L50, F|
|teampreview|4
|showteam|p1|Incineroar||SafetyGoggles|Intimidate|FakeOut,FlareBlitz,KnockOff,PartingShot|||F|||50|,,,,,Ghost]Rillaboom||AssaultVest|GrassySurge|FakeOut,WoodHammer,Uturn,HighHorsepower|||F|||50|,,,,,Fire]Primarina||SitrusBerry|LiquidVoice|HyperVoice,Moonblast,Haze,Protect|||F|||50|,,,,,Poison]Dragapult||ChoiceBand|ClearBody|DragonDarts,DragonClaw,PhantomForce,Uturn|||M|||50|,,,,,Dragon]Electabuzz||Eviolite|VitalSpirit|Electroweb,Taunt,FollowMe,Protect|||M|||50|,,,,,Ghost]Volcarona||Leftovers|FlameBody|HeatWave,QuiverDance,Protect,GigaDrain|||F|||50|,,,,,Grass
|showteam|p2|Dragapult||ChoiceBand|ClearBody|DragonDarts,Outrage,Uturn,PhantomForce|||M|||50|,,,,,Dragon]Kingambit||BlackGlasses|Defiant|KowtowCleave,SuckerPunch,SwordsDance,Protect|||F|||50|,,,,,Dark]Sneasler||FocusSash|PoisonTouch|CloseCombat,DireClaw,Coaching,Protect|||F|||50|,,,,,Fighting]Rillaboom||AssaultVest|GrassySurge|WoodHammer,GrassyGlide,HighHorsepower,FakeOut|||F|||50|,,,,,Grass]Magmar||Eviolite|VitalSpirit|Overheat,FollowMe,WillOWisp,Protect|||F|||50|,,,,,Fairy]Scrafty||GrassySeed|Intimidate|KnockOff,DrainPunch,FakeOut,Protect|||F|||50|,,,,,Flying
|inactive|Battle timer is ON: inactive players will automatically lose when time's up. (requested by berg0123)
|
|t:|1756575343
|teamsize|p1|4
|teamsize|p2|4
|start
|switch|p1a: Dragapult|Dragapult, L50, M|100/100
|switch|p1b: Electabuzz|Electabuzz, L50, M|100/100
|switch|p2a: Sneasler|Sneasler, L50, F|100/100
|switch|p2b: Dragapult|Dragapult, L50, M|100/100
|turn|1
|
|t:|1756575364
|-terastallize|p1a: Dragapult|Dragon
|move|p1b: Electabuzz|Follow Me|p1b: Electabuzz
|-singleturn|p1b: Electabuzz|move: Follow Me
|move|p1a: Dragapult|Dragon Darts|p2b: Dragapult
|-supereffective|p2b: Dragapult
|-damage|p2b: Dragapult|0 fnt
|-anim|p1a: Dragapult|Dragon Darts|p2a: Sneasler
|-damage|p2a: Sneasler|11/100
|faint|p2b: Dragapult
|move|p2a: Sneasler|Dire Claw|p1b: Electabuzz
|-damage|p1b: Electabuzz|62/100
|
|upkeep
|
|t:|1756575367
|switch|p2b: Kingambit|Kingambit, L50, F|100/100
|turn|2
|
|t:|1756575380
|move|p1a: Dragapult|Dragon Darts|p2a: Sneasler
|-damage|p2a: Sneasler|0 fnt
|-anim|p1a: Dragapult|Dragon Darts|p2b: Kingambit
|-resisted|p2b: Kingambit
|-damage|p2b: Kingambit|82/100
|faint|p2a: Sneasler
|move|p1b: Electabuzz|Taunt|p2b: Kingambit
|-start|p2b: Kingambit|move: Taunt
|cant|p2b: Kingambit|move: Taunt|Swords Dance
|
|upkeep
|-message|berg0123 forfeited.
|
|win|mariocansado
|raw|mariocansado's rating: 1081 → 1115(+34 for winning)
|raw|berg0123's rating: 1164 → 1133(-31 for losing)
|l|☆berg0123
|player|p2|
