|j|☆UndeadParadox
|j|☆lexerthanatauros
|html|UndeadParadoxlexerthanatauros    
|uhtml|bestof|Game 1 of a best-of-3
|t:|1756784034
|gametype|doubles
|player|p1|UndeadParadox|guitarist|1095
|player|p2|lexerthanatauros|lucas|1000
|gen|9
|tier|[Gen 9] VGC 2025 Reg H (Bo3)
|rated|
|rule|Species Clause: Limit one of each Pokémon
|rule|Item Clause: Limit 1 of each item
|clearpoke
|poke|p1|Sneasler, L50, F|
|poke|p1|Rillaboom, L50, M|
|poke|p1|Incineroar, L50, M|
|poke|p1|Gholdengo, L50|
|poke|p1|Hydreigon, L50, M|
|poke|p1|Gengar, L50, F|
|poke|p2|Garchomp, L50, F|
|poke|p2|Grimmsnarl, L50, M|
|poke|p2|Tinkaton, L50, F|
|poke|p2|Incineroar, L50, F|
|poke|p2|Gholdengo, L50|
|poke|p2|Altaria, L50, F|
|teampreview|4
|showteam|p1|Sneasler||GrassySeed|Unburden|CloseCombat,DireClaw,Acrobatics,Protect|||F|||50|,,,,,Flying]Rillaboom||AssaultVest|GrassySurge|WoodHammer,GrassyGlide,FakeOut,HighHorsepower|||M|||50|,,,,,Fire]Incineroar||SafetyGoggles|Intimidate|FlareBlitz,KnockOff,PartingShot,FakeOut|||M|||50|,,,,,Ghost]Gholdengo||MetalCoat|GoodasGold|Protect,MakeItRain,ShadowBall,NastyPlot||||||50|,,,,,Water]Hydreigon||LifeOrb|Levitate|Flamethrower,DracoMeteor,DarkPulse,Protect|||M|||50|,,,,,Fire]Gengar||FocusSash|CursedBody|ShadowBall,Haze,Taunt,IcyWind|||F|||50|,,,,,Ghost
|showteam|p2|Garchomp||LumBerry|RoughSkin|Earthquake,Outrage,RockSlide,Protect|||F|||50|,,,,,Ground]Grimmsnarl||SitrusBerry|Prankster|Swagger,MistyTerrain,SpiritBreak,FoulPlay|||M|||50|,,,,,Ghost]Tinkaton||AssaultVest|OwnTempo|GigatonHammer,FakeOut,PlayRough,KnockOff|||F|||50|,,,,,Steel]Incineroar||MirrorHerb|Intimidate|FakeOut,FlareBlitz,KnockOff,PartingShot|||F|||50|,,,,,Ghost]Gholdengo||ChoiceSpecs|GoodasGold|MakeItRain,ShadowBall,PowerGem,DazzlingGleam||||||50|,,,,,Steel]Altaria||ChoiceScarf|CloudNine|DragonCheer,Tailwind,Haze,Moonblast|||F|||50|,,,,,Fairy
|l|☆lexerthanatauros
|player|p2|
|j|☆lexerthanatauros
|player|p2|lexerthanatauros|lucas|
|inactive|Battle timer is ON: inactive players will automatically lose when time's up. (requested by lexerthanatauros)
|inactive|UndeadParadox has 60 seconds left.
|
|t:|1756784088
|teamsize|p1|4
|teamsize|p2|4
|start
|switch|p1a: Gholdengo|Gholdengo, L50, shiny|100/100
|switch|p1b: Gengar|Gengar, L50, F|100/100
|switch|p2a: Gholdengo|Gholdengo, L50|100/100
|switch|p2b: Altaria|Altaria, L50, F|100/100
|-ability|p2b: Altaria|Cloud Nine
|turn|1
|l|☆lexerthanatauros
|inactive|lexerthanatauros disconnected and has a minute to reconnect!
|player|p2|
|inactive|UndeadParadox has 30 seconds left.
|inactive|lexerthanatauros has 30 seconds left.
|inactive|lexerthanatauros has 20 seconds left.
|j|☆lexerthanatauros
|inactive|lexerthanatauros reconnected and has 20 seconds left.
|player|p2|lexerthanatauros|lucas|
|inactive|lexerthanatauros has 15 seconds left.
|inactive|lexerthanatauros has 10 seconds left.
|inactive|lexerthanatauros has 5 seconds left.
|
|t:|1756784142
|-terastallize|p1a: Gholdengo|Water
|move|p2b: Altaria|Tailwind|p2b: Altaria
|-sidestart|p2: lexerthanatauros|move: Tailwind
|move|p2a: Gholdengo|Make It Rain|p1a: Gholdengo|[spread] p1a,p1b
|-resisted|p1a: Gholdengo
|-damage|p1a: Gholdengo|62/100
|-damage|p1b: Gengar|12/100
|-unboost|p2a: Gholdengo|spa|1
|-start|p2a: Gholdengo|Disable|Make It Rain|[from] ability: Cursed Body|[of] p1b: Gengar
|move|p1b: Gengar|Icy Wind|p2b: Altaria|[spread] p2a,p2b
|-resisted|p2a: Gholdengo
|-supereffective|p2b: Altaria
|-damage|p2a: Gholdengo|94/100
|-damage|p2b: Altaria|52/100
|-unboost|p2a: Gholdengo|spe|1
|-unboost|p2b: Altaria|spe|1
|move|p1a: Gholdengo|Nasty Plot|p1a: Gholdengo
|-boost|p1a: Gholdengo|spa|2
|
|upkeep
|turn|2
|inactive|UndeadParadox has 30 seconds left.
|inactive|UndeadParadox has 20 seconds left.
|
|t:|1756784179
|switch|p2b: Grimmsnarl|Grimmsnarl, L50, M|100/100
|switch|p1b: Incineroar|Incineroar, L50, M, shiny|100/100
|-ability|p1b: Incineroar|Intimidate|boost
|-unboost|p2a: Gholdengo|atk|1
|-unboost|p2b: Grimmsnarl|atk|1
|-activate|p2a: Gholdengo|move: Struggle
|move|p2a: Gholdengo|Struggle|p1a: Gholdengo
|-crit|p1a: Gholdengo
|-damage|p1a: Gholdengo|51/100
|-damage|p2a: Gholdengo|69/100|[from] recoil
|move|p1a: Gholdengo|Make It Rain|p2b: Grimmsnarl|[spread] p2a,p2b
|-resisted|p2a: Gholdengo
|-supereffective|p2b: Grimmsnarl
|-damage|p2a: Gholdengo|12/100
|-damage|p2b: Grimmsnarl|0 fnt
|-unboost|p1a: Gholdengo|spa|1
|faint|p2b: Grimmsnarl
|
|upkeep
|
|t:|1756784186
|switch|p2b: Garchomp|Garchomp, L50, F, shiny|100/100
|turn|3
|
|t:|1756784206
|move|p2b: Garchomp|Protect|p2b: Garchomp
|-singleturn|p2b: Garchomp|Protect
|move|p1b: Incineroar|Fake Out|p2b: Garchomp
|-activate|p2b: Garchomp|move: Protect
|-activate|p2a: Gholdengo|move: Struggle
|move|p2a: Gholdengo|Struggle|p1a: Gholdengo
|-damage|p1a: Gholdengo|46/100
|-damage|p2a: Gholdengo|0 fnt|[from] recoil
|faint|p2a: Gholdengo
|move|p1a: Gholdengo|Make It Rain|p2b: Garchomp
|-activate|p2b: Garchomp|move: Protect
|
|upkeep
|c|☆lexerthanatauros|H
|
|t:|1756784226
|switch|p2a: Altaria|Altaria, L50, F|52/100
|-ability|p2a: Altaria|Cloud Nine
|turn|4
|
|t:|1756784236
|-terastallize|p2b: Garchomp|Ground
|move|p1a: Gholdengo|Protect|p1a: Gholdengo
|-singleturn|p1a: Gholdengo|Protect
|move|p2a: Altaria|Dragon Cheer|p2b: Garchomp
|-start|p2b: Garchomp|move: Dragon Cheer
|move|p2b: Garchomp|Earthquake|p1a: Gholdengo|[spread] p1b
|-activate|p1a: Gholdengo|move: Protect
|-immune|p2a: Altaria
|-supereffective|p1b: Incineroar
|-damage|p1b: Incineroar|0 fnt
|faint|p1b: Incineroar
|
|-sideend|p2: lexerthanatauros|move: Tailwind
|upkeep
|
|t:|1756784250
|switch|p1b: Gengar|Gengar, L50, F|12/100
|turn|5
|l|☆lexerthanatauros
|inactive|lexerthanatauros disconnected and has a minute to reconnect!
|player|p2|
|c|☆UndeadParadox|cool alt set
|inactive|lexerthanatauros has 30 seconds left.
|inactive|lexerthanatauros has 20 seconds left.
|inactive|lexerthanatauros has 15 seconds left.
|j|☆lexerthanatauros
|inactive|lexerthanatauros reconnected and has 15 seconds left.
|player|p2|lexerthanatauros|lucas|
|inactive|lexerthanatauros has 10 seconds left.
|
|t:|1756784299
|move|p2a: Altaria|Dragon Cheer||[still]
|-fail|p2a: Altaria
|move|p1b: Gengar|Icy Wind|p2a: Altaria|[spread] p2a,p2b
|-supereffective|p2a: Altaria
|-supereffective|p2b: Garchomp
|-damage|p2a: Altaria|4/100
|-damage|p2b: Garchomp|72/100
|-unboost|p2a: Altaria|spe|1
|-unboost|p2b: Garchomp|spe|1
|move|p1a: Gholdengo|Make It Rain|p2a: Altaria|[spread] p2a,p2b
|-damage|p2a: Altaria|0 fnt
|-damage|p2b: Garchomp|0 fnt
|-unboost|p1a: Gholdengo|spa|1
|faint|p2a: Altaria
|faint|p2b: Garchomp
|
|win|UndeadParadox
|l|☆lexerthanatauros
|player|p2|
||UndeadParadox is ready for game 2.
||lexerthanatauros is ready for game 2.
|uhtml|next|Next: Game 2 of 3
