|j|☆marcusquinn
|j|‽Livnlarge27
|html|marcusquinnLivnlarge27    
|uhtml|bestof|Game 3 of a best-of-3
|t:|1755463049
|gametype|doubles
|player|p1|marcusquinn|hilbert-wonderlauncher|1208
|player|p2|Livnlarge27|red|1344
|gen|9
|tier|[Gen 9] VGC 2025 Reg H (Bo3)
|rated|
|rule|Species Clause: Limit one of each Pokémon
|rule|Item Clause: Limit 1 of each item
|clearpoke
|poke|p1|Archaludon, L50, M|
|poke|p1|Porygon2, L50|
|poke|p1|Incineroar, L50, F|
|poke|p1|Ursaluna, L50, M|
|poke|p1|Sneasler, L50, M|
|poke|p1|Dragonite, L50, F|
|poke|p2|Blastoise, L50, F|
|poke|p2|Charizard, L50, F|
|poke|p2|Whimsicott, L50, M|
|poke|p2|Indeedee-F, L50, F|
|poke|p2|Sneasler, L50, F|
|poke|p2|Politoed, L50, M|
|teampreview|4
|showteam|p1|Archaludon||PowerHerb|Sturdy|Protect,ElectroShot,DracoMeteor,FlashCannon|||M|||50|,,,,,Electric]Porygon2||Eviolite|Download|TeraBlast,IceBeam,Recover,TrickRoom||||||50|,,,,,Fighting]Incineroar||SitrusBerry|Intimidate|FlareBlitz,KnockOff,FakeOut,PartingShot|||F|||50|,,,,,Ghost]Ursaluna||FlameOrb|Guts|HeadlongRush,Facade,Earthquake,Protect|||M|||50|,,,,,Ghost]Sneasler||FocusSash|Unburden|Protect,CloseCombat,DireClaw,ThroatChop|||M|||50|,,,,,Stellar]Dragonite||LoadedDice|Multiscale|ScaleShot,Tailwind,Haze,Protect|||F|||50|,,,,,Steel
|showteam|p2|Blastoise||MysticWater|Torrent|Protect,WaterSpout,ShellSmash,WeatherBall|||F|||50|,,,,,Water]Charizard||LifeOrb|SolarPower|HeatWave,WeatherBall,Hurricane,Protect|||F|||50|,,,,,Water]Whimsicott||CovertCloak|Prankster|Tailwind,Moonblast,SunnyDay,Encore|||M|||50|,,,,,Dark]Indeedee-F||SafetyGoggles|PsychicSurge|FollowMe,HelpingHand,TrickRoom,Imprison|||F|||50|,,,,,Fairy]Sneasler||PsychicSeed|Unburden|FakeOut,CloseCombat,DireClaw,ThroatChop|||F|||50|,,,,,Dark]Politoed||SitrusBerry|Drizzle|IcyWind,Protect,Haze,MuddyWater|||M|||50|,,,,,Fairy
|inactive|Battle timer is ON: inactive players will automatically lose when time's up. (requested by marcusquinn)
|inactive|marcusquinn has 60 seconds left.
|inactive|Livnlarge27 has 60 seconds left.
|
|t:|1755463083
|teamsize|p1|4
|teamsize|p2|4
|start
|switch|p1a: Archaludon|Archaludon, L50, M|100/100
|switch|p1b: Ursaluna|Ursaluna, L50, M|100/100
|switch|p2a: Charizard|Charizard, L50, F|100/100
|switch|p2b: Whimsicott|Whimsicott, L50, M|100/100
|turn|1
|inactive|marcusquinn has 30 seconds left.
|
|t:|1755463111
|move|p1b: Ursaluna|Protect|p1b: Ursaluna
|-singleturn|p1b: Ursaluna|Protect
|move|p2a: Charizard|Heat Wave|p1b: Ursaluna|[spread] p1a
|-activate|p1b: Ursaluna|move: Protect
|-damage|p1a: Archaludon|36/100
|-damage|p2a: Charizard|91/100|[from] item: Life Orb
|move|p2b: Whimsicott|Moonblast|p1a: Archaludon
|-damage|p1a: Archaludon|0 fnt
|faint|p1a: Archaludon
|
|-status|p1b: Ursaluna|brn|[from] item: Flame Orb
|upkeep
|
|t:|1755463125
|switch|p1a: Sneasler|Sneasler, L50, M|100/100
|turn|2
|
|t:|1755463138
|switch|p1b: Dragonite|Dragonite, L50, F, shiny|100/100
|-terastallize|p2b: Whimsicott|Dark
|move|p2b: Whimsicott|Encore||[still]
|-fail|p2b: Whimsicott
|move|p1a: Sneasler|Dire Claw|p2b: Whimsicott
|-damage|p2b: Whimsicott|53/100
|move|p2a: Charizard|Heat Wave|p1b: Dragonite|[spread] p1a,p1b
|-resisted|p1b: Dragonite
|-crit|p1b: Dragonite
|-damage|p1a: Sneasler|42/100
|-damage|p1b: Dragonite|84/100
|-status|p1a: Sneasler|brn
|-damage|p2a: Charizard|81/100|[from] item: Life Orb
|
|-damage|p1a: Sneasler|36/100 brn|[from] brn
|upkeep
|turn|3
|inactive|marcusquinn has 30 seconds left.
|inactive|marcusquinn has 20 seconds left.
|inactive|marcusquinn has 15 seconds left.
|
|t:|1755463181
|move|p1a: Sneasler|Protect|p1a: Sneasler
|-singleturn|p1a: Sneasler|Protect
|move|p2b: Whimsicott|Tailwind|p2b: Whimsicott
|-sidestart|p2: Livnlarge27|move: Tailwind
|move|p2a: Charizard|Heat Wave|p1a: Sneasler|[spread] p1b
|-activate|p1a: Sneasler|move: Protect
|-resisted|p1b: Dragonite
|-damage|p1b: Dragonite|60/100
|-damage|p2a: Charizard|71/100|[from] item: Life Orb
|move|p1b: Dragonite|Scale Shot|p2a: Charizard
|-damage|p2a: Charizard|53/100
|-damage|p2a: Charizard|35/100
|-damage|p2a: Charizard|15/100
|-damage|p2a: Charizard|0 fnt
|faint|p2a: Charizard
|-hitcount|p2: Charizard|4
|-unboost|p1b: Dragonite|def|1
|-boost|p1b: Dragonite|spe|1
|
|-damage|p1a: Sneasler|30/100 brn|[from] brn
|upkeep
|
|t:|1755463188
|switch|p2a: Blastoise|Blastoise, L50, F|100/100
|turn|4
|inactive|marcusquinn has 30 seconds left.
|
|t:|1755463223
|switch|p1a: Ursaluna|Ursaluna, L50, M|100/100 brn
|move|p2b: Whimsicott|Moonblast|p1b: Dragonite
|-supereffective|p1b: Dragonite
|-damage|p1b: Dragonite|9/100
|-unboost|p1b: Dragonite|spa|1
|move|p2a: Blastoise|Water Spout|p1a: Ursaluna|[spread] p1a,p1b
|-supereffective|p1a: Ursaluna
|-resisted|p1b: Dragonite
|-damage|p1a: Ursaluna|0 fnt
|-damage|p1b: Dragonite|0 fnt
|faint|p1a: Ursaluna
|faint|p1b: Dragonite
|
|upkeep
|-message|marcusquinn forfeited.
|
|win|Livnlarge27
|raw|marcusquinn's rating: 1208 → 1192(-16 for losing)
|raw|Livnlarge27's rating: 1344 → 1357(+13 for winning)
|l|☆marcusquinn
|player|p1|
|l|‽Livnlarge27
|player|p2|
|j|☆marcusquinn
|player|p1|marcusquinn|hilbert-wonderlauncher|
