|j|☆ogden2
|j|☆hexagonfoot
|html|ogden2hexagonfoot    
|uhtml|bestof|Game 1 of a best-of-3
|t:|1757745152
|gametype|doubles
|player|p1|ogden2|gambler|1156
|player|p2|hexagonfoot|caitlin|1219
|gen|9
|tier|[Gen 9] VGC 2025 Reg H (Bo3)
|rated|
|rule|Species Clause: Limit one of each Pokémon
|rule|Item Clause: Limit 1 of each item
|clearpoke
|poke|p1|Tyranitar, L50, M|
|poke|p1|Excadrill, L50, M|
|poke|p1|Dragapult, L50, F|
|poke|p1|Farigiraf, L50, F|
|poke|p1|Volcarona, L50, M|
|poke|p1|Amoonguss, L50, F|
|poke|p2|Sneasler, L50, M|
|poke|p2|Dragonite, L50, M|
|poke|p2|Ursaluna-Bloodmoon, L50, M|
|poke|p2|Rillaboom, L50, M|
|poke|p2|Gholdengo, L50|
|poke|p2|Electabuzz, L50, F|
|teampreview|4
|showteam|p1|Tyranitar||AssaultVest|SandStream|KnockOff,RockSlide,TeraBlast,LowKick|||M|||50|,,,,,Flying]Excadrill||FocusSash|SandRush|IronHead,Earthquake,Protect,HighHorsepower|||M|||50|,,,,,Ground]Dragapult||ChoiceBand|ClearBody|DragonDarts,PhantomForce,TeraBlast,Uturn|||F|||50|,,,,,Ghost]Farigiraf||ThroatSpray|ArmorTail|Psychic,HyperVoice,TrickRoom,Protect|||F|||50|,,,,,Grass]Volcarona||CovertCloak|FlameBody|QuiverDance,Flamethrower,BugBuzz,Protect|||M|||50|,,,,,Dragon]Amoonguss||SitrusBerry|Regenerator|SludgeBomb,Spore,RagePowder,Protect|||F|||50|,,,,,Water
|showteam|p2|Sneasler||WhiteHerb|Unburden|CloseCombat,DireClaw,Coaching,Protect|||M|||50|,,,,,Ghost]Dragonite||LoadedDice|Multiscale|ScaleShot,Haze,Tailwind,Protect|||M|||50|,,,,,Fairy]Ursaluna-Bloodmoon||FocusSash|MindsEye|BloodMoon,HyperVoice,EarthPower,Protect|||M|||50|,,,,,Normal]Rillaboom||AssaultVest|GrassySurge|WoodHammer,GrassyGlide,Uturn,FakeOut|||M|||50|,,,,,Fire]Gholdengo||GrassySeed|GoodasGold|NastyPlot,MakeItRain,ShadowBall,Protect||||||50|,,,,,Water]Electabuzz||Eviolite|VitalSpirit|Electroweb,Taunt,FollowMe,Protect|||F|||50|,,,,,Ghost
|
|t:|1757745227
|teamsize|p1|4
|teamsize|p2|4
|start
|switch|p1a: Volcarona|Volcarona, L50, M|100/100
|switch|p1b: Dragapult|Dragapult, L50, F|100/100
|switch|p2a: Sneasler|Sneasler, L50, M|100/100
|switch|p2b: Dragonite|Dragonite, L50, M|100/100
|turn|1
|
|t:|1757745265
|-terastallize|p2b: Dragonite|Fairy
|move|p2a: Sneasler|Protect|p2a: Sneasler
|-singleturn|p2a: Sneasler|Protect
|move|p1b: Dragapult|U-turn|p2b: Dragonite
|-resisted|p2b: Dragonite
|-damage|p2b: Dragonite|91/100
|
|t:|1757745270
|switch|p1b: Excadrill|Excadrill, L50, M|100/100|[from] U-turn
|move|p1a: Volcarona|Flamethrower|p2a: Sneasler
|-activate|p2a: Sneasler|move: Protect
|move|p2b: Dragonite|Tailwind|p2b: Dragonite
|-sidestart|p2: hexagonfoot|move: Tailwind
|
|upkeep
|turn|2
|
|t:|1757745295
|switch|p1a: Tyranitar|Tyranitar, L50, M|100/100
|-weather|Sandstorm|[from] ability: Sand Stream|[of] p1a: Tyranitar
|move|p1b: Excadrill|Protect|p1b: Excadrill
|-singleturn|p1b: Excadrill|Protect
|move|p2a: Sneasler|Coaching|p2b: Dragonite
|-boost|p2b: Dragonite|atk|1
|-boost|p2b: Dragonite|def|1
|move|p2b: Dragonite|Scale Shot|p1a: Tyranitar
|-damage|p1a: Tyranitar|81/100
|-damage|p1a: Tyranitar|62/100
|-damage|p1a: Tyranitar|43/100
|-damage|p1a: Tyranitar|22/100
|-damage|p1a: Tyranitar|4/100
|-hitcount|p1a: Tyranitar|5
|-unboost|p2b: Dragonite|def|1
|-boost|p2b: Dragonite|spe|1
|
|-weather|Sandstorm|[upkeep]
|-damage|p2b: Dragonite|85/100|[from] Sandstorm
|-damage|p2a: Sneasler|95/100|[from] Sandstorm
|upkeep
|turn|3
|
|t:|1757745338
|-terastallize|p1b: Excadrill|Ground
|move|p2b: Dragonite|Scale Shot|p1b: Excadrill
|-damage|p1b: Excadrill|66/100
|-damage|p1b: Excadrill|31/100
|-damage|p1b: Excadrill|0 fnt
|faint|p1b: Excadrill
|-hitcount|p1: Excadrill|3
|-unboost|p2b: Dragonite|def|1
|-boost|p2b: Dragonite|spe|1
|move|p2a: Sneasler|Close Combat|p1a: Tyranitar
|-supereffective|p1a: Tyranitar
|-damage|p1a: Tyranitar|0 fnt
|-unboost|p2a: Sneasler|def|1
|-unboost|p2a: Sneasler|spd|1
|faint|p1a: Tyranitar
|-enditem|p2a: Sneasler|White Herb
|-clearnegativeboost|p2a: Sneasler|[silent]
|
|-weather|Sandstorm|[upkeep]
|-damage|p2a: Sneasler|89/100|[from] Sandstorm
|-damage|p2b: Dragonite|79/100|[from] Sandstorm
|upkeep
|
|t:|1757745342
|switch|p1b: Volcarona|Volcarona, L50, M|100/100
|switch|p1a: Dragapult|Dragapult, L50, F|100/100
|turn|4
|-message|ogden2 forfeited.
|
|win|hexagonfoot
|l|☆ogden2
|player|p1|
||ogden2 is ready for game 2.
||hexagonfoot is ready for game 2.
|uhtml|next|Next: Game 2 of 3
|l|☆hexagonfoot
|player|p2|
|j|☆hexagonfoot
|player|p2|hexagonfoot|caitlin|
|l|☆hexagonfoot
|player|p2|
