|j|☆BlackAshura
|j|☆suzerdito
|html|BlackAshurasuzerdito    
|uhtml|bestof|Game 3 of a best-of-3
|t:|1783453428
|gametype|doubles
|player|p1|BlackAshura|samsonoak|1077
|player|p2|suzerdito|169|1091
|gen|9
|tier|[Gen 9 Champions] VGC 2026 Reg M-B (Bo3)
|rated|
|rule|Species Clause: Limit one of each Pokémon
|rule|Item Clause: Limit 1 of each item
|clearpoke
|poke|p1|Metagross, L50, shiny|
|poke|p1|Kleavor, L50, F|
|poke|p1|Hydreigon, L50, M|
|poke|p1|Venusaur, L50, F, shiny|
|poke|p1|Simipour, L50, F, shiny|
|poke|p1|Talonflame, L50, F, shiny|
|poke|p2|Aerodactyl, L50, M|
|poke|p2|Kingambit, L50, F, shiny|
|poke|p2|Charizard, L50, F, shiny|
|poke|p2|Sylveon, L50, F, shiny|
|poke|p2|Farigiraf, L50, M|
|poke|p2|Garchomp, L50, M|
|teampreview|4
|showteam|p1|Metagross||Metagrossite|ClearBody|IronHead,PsychicFangs,IcePunch,Protect|Jolly|||||50|]Kleavor||ChoiceScarf|Sharpness|StoneAxe,CloseCombat,NightSlash,XScissor|Jolly||F|||50|]Hydreigon||LifeOrb|Levitate|DracoMeteor,DarkPulse,EarthPower,Protect|Timid||M|||50|]Venusaur||Venusaurite|Overgrow|GigaDrain,SludgeBomb,EarthPower,Protect|Modest||F|||50|]Simipour||FocusSash|Torrent|FakeOut,Scald,IceBeam,Protect|Timid||F|||50|]Talonflame||Charcoal|GaleWings|Overheat,Taunt,QuickGuard,Tailwind|Timid||F|||50|
|showteam|p2|Aerodactyl||Aerodactylite|RockHead|RockSlide,IceFang,Tailwind,DualWingbeat|Jolly||M|||50|]Kingambit||FocusSash|Defiant|KowtowCleave,IronHead,SuckerPunch,LowKick|Adamant||F|||50|]Charizard||CharizarditeY|Blaze|Protect,HeatWave,SolarBeam,WeatherBall|Timid||F|||50|]Sylveon||FairyFeather|Pixilate|Detect,QuickAttack,HyperVoice,HyperBeam|Timid||F|||50|]Farigiraf||SitrusBerry|ArmorTail|Psychic,Thunderbolt,TrickRoom,Roar|Bold||M|||50|]Garchomp||LifeOrb|RoughSkin|Protect,StompingTantrum,Earthquake,DragonClaw|Jolly||M|||50|
|
|t:|1783453498
|teamsize|p1|4
|teamsize|p2|4
|start
|switch|p1a: Talonflame|Talonflame, L50, F, shiny|100/100
|switch|p1b: Kleavor|Kleavor, L50, F|100/100
|switch|p2a: Aerodactyl|Aerodactyl, L50, M|100/100
|switch|p2b: Kingambit|Kingambit, L50, F, shiny|100/100
|turn|1
|
|t:|1783453528
|switch|p2b: Sylveon|Sylveon, L50, F, shiny|100/100
|detailschange|p2a: Aerodactyl|Aerodactyl-Mega, L50, M
|-mega|p2a: Aerodactyl|Aerodactyl|Aerodactylite
|move|p1b: Kleavor|Stone Axe|p2a: Aerodactyl
|-supereffective|p2a: Aerodactyl|1
|-damage|p2a: Aerodactyl|0 fnt
|-sidestart|p2: suzerdito|move: Stealth Rock
|faint|p2a: Aerodactyl
|move|p1a: Talonflame|Overheat|p2b: Sylveon
|-damage|p2b: Sylveon|50/100g
|-unboost|p1a: Talonflame|spa|2
|
|upkeep
|-message|suzerdito forfeited.
|
|win|BlackAshura
