|j|☆sandy ghost 5
|j|☆Urkin' Pincurchin
|html|sandy ghost 5Urkin' Pincurchin    
|uhtml|bestof|Game 1 of a best-of-3
|t:|1757081742
|gametype|doubles
|player|p1|sandy ghost 5|baker|1376
|player|p2|Urkin' Pincurchin|fisherman-gen4|1445
|gen|9
|tier|[Gen 9] VGC 2025 Reg H (Bo3)
|rated|
|rule|Species Clause: Limit one of each Pokémon
|rule|Item Clause: Limit 1 of each item
|clearpoke
|poke|p1|Tyranitar, L50, F|
|poke|p1|Excadrill, L50, F|
|poke|p1|Sinistcha-Masterpiece, L50|
|poke|p1|Salamence, L50, M|
|poke|p1|Blaziken, L50, M|
|poke|p1|Bruxish, L50, M|
|poke|p2|Ninetales-Alola, L50, F|
|poke|p2|Dragonite, L50, M|
|poke|p2|Volcarona, L50, F|
|poke|p2|Incineroar, L50, M|
|poke|p2|Rillaboom, L50, M|
|poke|p2|Basculegion, L50, M|
|teampreview|4
|showteam|p1|Tyranitar||ClearAmulet|SandStream|RockSlide,KnockOff,DragonDance,Protect|||F|||50|,,,,,Grass]Excadrill||AssaultVest|SandRush|Earthquake,IronHead,HighHorsepower,RockSlide|||F|||50|,,,,,Ghost]Sinistcha-Masterpiece||SitrusBerry|Hospitality|ShadowBall,MatchaGotcha,RagePowder,Protect||||||50|,,,,,Dark]Salamence||LifeOrb|Intimidate|DracoMeteor,AirSlash,Protect,Tailwind|||M|||50|,,,,,Ghost]Blaziken||CovertCloak|SpeedBoost|AuraSphere,HeatWave,Coaching,WillOWisp|||M|||50|,,,,,Dragon]Bruxish||ChoiceScarf|Dazzling|PsychicFangs,FlipTurn,WaveCrash,SuperFang|||M|||50|,,,,,Water
|showteam|p2|Ninetales-Alola||FocusSash|SnowWarning|Blizzard,IcyWind,AuroraVeil,Encore|||F|||50|,,,,,Ghost]Dragonite||LoadedDice|Multiscale|ScaleShot,Tailwind,Protect,Haze|||M|||50|,,,,,Fairy]Volcarona||Leftovers|FlameBody|HeatWave,TeraBlast,QuiverDance,Protect|||F|||50|,,,,,Fairy]Incineroar||SafetyGoggles|Intimidate|FlareBlitz,KnockOff,FakeOut,PartingShot|||M|||50|,,,,,Ghost]Rillaboom||AssaultVest|GrassySurge|WoodHammer,GrassyGlide,HighHorsepower,FakeOut|||M|||50|,,,,,Ghost]Basculegion||ChoiceScarf|SwiftSwim|WaveCrash,LastRespects,FlipTurn,AquaJet|||M|||50|,,,,,Water
|inactive|Battle timer is ON: inactive players will automatically lose when time's up. (requested by Urkin' Pincurchin)
|inactive|sandy ghost 5 has 60 seconds left.
|inactive|Urkin' Pincurchin has 60 seconds left.
|inactive|Urkin' Pincurchin has 30 seconds left.
|inactive|Urkin' Pincurchin has 20 seconds left.
|inactive|Urkin' Pincurchin has 15 seconds left.
|inactive|Urkin' Pincurchin has 10 seconds left.
|inactive|Urkin' Pincurchin has 5 seconds left.
|
|t:|1757081828
|teamsize|p1|4
|teamsize|p2|4
|start
|switch|p1a: Tyranitar|Tyranitar, L50, F|100/100
|switch|p1b: Salamence|Salamence, L50, M|100/100
|switch|p2a: Incineroar|Incineroar, L50, M|100/100
|switch|p2b: Rillaboom|Rillaboom, L50, M|100/100
|-ability|p1b: Salamence|Intimidate|boost
|-unboost|p2a: Incineroar|atk|1
|-unboost|p2b: Rillaboom|atk|1
|-weather|Sandstorm|[from] ability: Sand Stream|[of] p1a: Tyranitar
|-fieldstart|move: Grassy Terrain|[from] ability: Grassy Surge|[of] p2b: Rillaboom
|-ability|p2a: Incineroar|Intimidate|boost
|-fail|p1a: Tyranitar|unboost|[from] item: Clear Amulet|[of] p1a: Tyranitar
|-unboost|p1b: Salamence|atk|1
|turn|1
|
|t:|1757081844
|switch|p1b: Blaziken|Blaziken, L50, M|100/100
|-terastallize|p1a: Tyranitar|Grass
|move|p2b: Rillaboom|Fake Out|p1b: Blaziken
|-damage|p1b: Blaziken|88/100
|move|p1a: Tyranitar|Dragon Dance|p1a: Tyranitar
|-boost|p1a: Tyranitar|atk|1
|-boost|p1a: Tyranitar|spe|1
|move|p2a: Incineroar|Knock Off|p1a: Tyranitar
|-damage|p1a: Tyranitar|77/100
|-enditem|p1a: Tyranitar|Clear Amulet|[from] move: Knock Off|[of] p2a: Incineroar
|
|-weather|Sandstorm|[upkeep]
|-damage|p1a: Tyranitar|70/100|[from] Sandstorm
|-damage|p1b: Blaziken|83/100|[from] Sandstorm
|-damage|p2b: Rillaboom|95/100|[from] Sandstorm
|-heal|p1a: Tyranitar|77/100|[from] Grassy Terrain
|-heal|p1b: Blaziken|88/100|[from] Grassy Terrain
|-heal|p2b: Rillaboom|100/100|[from] Grassy Terrain
|upkeep
|turn|2
|
|t:|1757081867
|move|p1a: Tyranitar|Rock Slide|p2b: Rillaboom|[spread] p2a,p2b
|-supereffective|p2a: Incineroar
|-damage|p2a: Incineroar|14/100
|-damage|p2b: Rillaboom|55/100
|move|p1b: Blaziken|Coaching|p1a: Tyranitar
|-boost|p1a: Tyranitar|atk|1
|-boost|p1a: Tyranitar|def|1
|move|p2b: Rillaboom|High Horsepower|p1b: Blaziken
|-supereffective|p1b: Blaziken
|-damage|p1b: Blaziken|34/100
|move|p2a: Incineroar|Parting Shot|p1b: Blaziken
|-unboost|p1b: Blaziken|atk|1
|-unboost|p1b: Blaziken|spa|1
|
|t:|1757081878
|switch|p2a: Volcarona|Volcarona, L50, F|100/100|[from] Parting Shot
|
|-weather|Sandstorm|[upkeep]
|-damage|p1a: Tyranitar|70/100|[from] Sandstorm
|-damage|p2a: Volcarona|94/100|[from] Sandstorm
|-damage|p1b: Blaziken|29/100|[from] Sandstorm
|-damage|p2b: Rillaboom|49/100|[from] Sandstorm
|-heal|p1a: Tyranitar|77/100|[from] Grassy Terrain
|-heal|p2a: Volcarona|100/100|[from] Grassy Terrain
|-heal|p1b: Blaziken|34/100|[from] Grassy Terrain
|-heal|p2b: Rillaboom|55/100|[from] Grassy Terrain
|-ability|p1b: Blaziken|Speed Boost|boost
|-boost|p1b: Blaziken|spe|1
|upkeep
|turn|3
|
|t:|1757081896
|switch|p2b: Incineroar|Incineroar, L50, M|14/100
|-ability|p2b: Incineroar|Intimidate|boost
|-unboost|p1a: Tyranitar|atk|1
|-unboost|p1b: Blaziken|atk|1
|-terastallize|p2a: Volcarona|Fairy
|move|p1b: Blaziken|Coaching|p1a: Tyranitar
|-boost|p1a: Tyranitar|atk|1
|-boost|p1a: Tyranitar|def|1
|move|p1a: Tyranitar|Rock Slide|p2b: Incineroar|[spread] p2a,p2b
|-crit|p2a: Volcarona
|-supereffective|p2b: Incineroar
|-damage|p2a: Volcarona|0 fnt
|-damage|p2b: Incineroar|0 fnt
|faint|p2a: Volcarona
|faint|p2b: Incineroar
|
|-weather|Sandstorm|[upkeep]
|-damage|p1b: Blaziken|29/100|[from] Sandstorm
|-damage|p1a: Tyranitar|70/100|[from] Sandstorm
|-heal|p1b: Blaziken|34/100|[from] Grassy Terrain
|-heal|p1a: Tyranitar|77/100|[from] Grassy Terrain
|-ability|p1b: Blaziken|Speed Boost|boost
|-boost|p1b: Blaziken|spe|1
|upkeep
|-message|Urkin' Pincurchin forfeited.
|
|win|sandy ghost 5
|l|☆Urkin' Pincurchin
|player|p2|
||Urkin' Pincurchin is ready for game 2.
|j|☆Urkin' Pincurchin
|player|p2|Urkin' Pincurchin|fisherman-gen4|
||sandy ghost 5 is ready for game 2.
|uhtml|next|Next: Game 2 of 3
|l|☆Urkin' Pincurchin
|player|p2|
