|j|☆mario16172005
|j|☆Traindelpivgc
|html|mario16172005Traindelpivgc    
|uhtml|bestof|Game 1 of a best-of-3
|t:|1756465484
|gametype|doubles
|player|p1|mario16172005|workerice|1213
|player|p2|Traindelpivgc|hilbert-wonderlauncher|1178
|gen|9
|tier|[Gen 9] VGC 2025 Reg H (Bo3)
|rated|
|rule|Species Clause: Limit one of each Pokémon
|rule|Item Clause: Limit 1 of each item
|clearpoke
|poke|p1|Excadrill, L50, F|
|poke|p1|Tyranitar, L50, M|
|poke|p1|Dragonite, L50, M|
|poke|p1|Indeedee-F, L50, F|
|poke|p1|Gholdengo, L50|
|poke|p1|Sneasler, L50, F|
|poke|p2|Incineroar, L50, M|
|poke|p2|Amoonguss, L50, F|
|poke|p2|Ursaluna-Bloodmoon, L50, M|
|poke|p2|Sneasler, L50, M|
|poke|p2|Gholdengo, L50|
|poke|p2|Dragonite, L50, F|
|teampreview|4
|showteam|p1|Excadrill||FocusSash|SandRush|Earthquake,HighHorsepower,IronHead,Protect|||F|||50|,,,,,Stellar]Tyranitar||AssaultVest|SandStream|KnockOff,RockSlide,LowKick,TeraBlast|||M|||50|,,,,,Flying]Dragonite||LoadedDice|Multiscale|ScaleShot,Tailwind,Haze,Protect|||M|||50|,,,,,Fairy]Indeedee-F||PsychicSeed|PsychicSurge|Psychic,Imprison,TrickRoom,Protect|||F|||50|,,,,,Psychic]Gholdengo||LifeOrb|GoodasGold|MakeItRain,ShadowBall,NastyPlot,Protect||||||50|,,,,,Water]Sneasler||WhiteHerb|Unburden|DireClaw,CloseCombat,Coaching,FakeOut|||F|||50|,,,,,Flying
|showteam|p2|Incineroar||SafetyGoggles|Intimidate|FlareBlitz,KnockOff,PartingShot,FakeOut|||M|||50|,,,,,Ghost]Amoonguss||SitrusBerry|Regenerator|Spore,RagePowder,PollenPuff,Protect|||F|||50|,,,,,Psychic]Ursaluna-Bloodmoon||AssaultVest|MindsEye|HyperVoice,BloodMoon,EarthPower,VacuumWave|||M|||50|,,,,,Water]Sneasler||FocusSash|Unburden|CloseCombat,DireClaw,ThroatChop,Protect|||M|||50|,,,,,Stellar]Gholdengo||LifeOrb|GoodasGold|MakeItRain,ShadowBall,NastyPlot,Protect||||||50|,,,,,Water]Dragonite||LoadedDice|Multiscale|ScaleShot,Tailwind,Haze,Protect|||F|||50|,,,,,Fairy
|inactive|Battle timer is ON: inactive players will automatically lose when time's up. (requested by Traindelpivgc)
|
|t:|1756465610
|teamsize|p1|4
|teamsize|p2|4
|start
|switch|p1a: Sneasler|Sneasler, L50, F|100/100
|switch|p1b: Gholdengo|Gholdengo, L50|100/100
|switch|p2a: Dragonite|Dragonite, L50, F|100/100
|switch|p2b: Ursaluna|Ursaluna-Bloodmoon, L50, M|100/100
|turn|1
|inactive|mario16172005 has 30 seconds left.
|inactive|Traindelpivgc has 30 seconds left.
|inactive|Traindelpivgc has 20 seconds left.
|inactive|Traindelpivgc has 15 seconds left.
|inactive|Traindelpivgc has 10 seconds left.
|inactive|Traindelpivgc has 5 seconds left.
|
|t:|1756465661
|move|p1a: Sneasler|Fake Out|p2b: Ursaluna
|-damage|p2b: Ursaluna|91/100
|move|p1b: Gholdengo|Nasty Plot|p1b: Gholdengo
|-boost|p1b: Gholdengo|spa|2
|move|p2a: Dragonite|Tailwind|p2a: Dragonite
|-sidestart|p2: Traindelpivgc|move: Tailwind
|cant|p2b: Ursaluna|flinch
|
|upkeep
|turn|2
|inactive|Traindelpivgc has 30 seconds left.
|
|t:|1756465689
|-terastallize|p2b: Ursaluna|Water
|-terastallize|p1b: Gholdengo|Water
|move|p2a: Dragonite|Haze|p2a: Dragonite
|-clearallboost
|move|p1a: Sneasler|Close Combat|p2b: Ursaluna
|-damage|p2b: Ursaluna|41/100
|-unboost|p1a: Sneasler|def|1
|-unboost|p1a: Sneasler|spd|1
|-enditem|p1a: Sneasler|White Herb
|-clearnegativeboost|p1a: Sneasler|[silent]
|move|p2b: Ursaluna|Earth Power|p1a: Sneasler
|-supereffective|p1a: Sneasler
|-damage|p1a: Sneasler|0 fnt
|faint|p1a: Sneasler
|move|p1b: Gholdengo|Make It Rain|p2b: Ursaluna|[spread] p2a,p2b
|-resisted|p2b: Ursaluna
|-damage|p2a: Dragonite|73/100
|-damage|p2b: Ursaluna|22/100
|-unboost|p1b: Gholdengo|spa|1
|-damage|p1b: Gholdengo|91/100|[from] item: Life Orb
|
|upkeep
|
|t:|1756465706
|switch|p1a: Indeedee|Indeedee-F, L50, F|100/100
|-fieldstart|move: Psychic Terrain|[from] ability: Psychic Surge|[of] p1a: Indeedee
|-enditem|p1a: Indeedee|Psychic Seed
|-boost|p1a: Indeedee|spd|1|[from] item: Psychic Seed
|turn|3
|inactive|mario16172005 has 30 seconds left.
|inactive|Traindelpivgc has 30 seconds left.
|inactive|mario16172005 has 20 seconds left.
|inactive|mario16172005 has 15 seconds left.
|
|t:|1756465747
|switch|p2b: Incineroar|Incineroar, L50, M|100/100
|-ability|p2b: Incineroar|Intimidate|boost
|-unboost|p1a: Indeedee|atk|1
|-unboost|p1b: Gholdengo|atk|1
|move|p1b: Gholdengo|Protect|p1b: Gholdengo
|-singleturn|p1b: Gholdengo|Protect
|move|p2a: Dragonite|Scale Shot|p1b: Gholdengo
|-activate|p1b: Gholdengo|move: Protect
|move|p1a: Indeedee|Psychic|p2b: Incineroar
|-immune|p2b: Incineroar
|
|upkeep
|turn|4
|inactive|mario16172005 has 30 seconds left.
|
|t:|1756465774
|switch|p1b: Dragonite|Dragonite, L50, M|100/100
|move|p2a: Dragonite|Scale Shot|p1b: Dragonite
|-supereffective|p1b: Dragonite
|-damage|p1b: Dragonite|83/100
|-supereffective|p1b: Dragonite
|-damage|p1b: Dragonite|49/100
|-supereffective|p1b: Dragonite
|-damage|p1b: Dragonite|13/100
|-supereffective|p1b: Dragonite
|-damage|p1b: Dragonite|0 fnt
|faint|p1b: Dragonite
|-hitcount|p1: Dragonite|4
|-unboost|p2a: Dragonite|def|1
|-boost|p2a: Dragonite|spe|1
|move|p2b: Incineroar|Knock Off|p1a: Indeedee
|-supereffective|p1a: Indeedee
|-damage|p1a: Indeedee|39/100
|move|p1a: Indeedee|Psychic|p2a: Dragonite
|-damage|p2a: Dragonite|23/100
|-unboost|p2a: Dragonite|spd|1
|
|-sideend|p2: Traindelpivgc|move: Tailwind
|upkeep
|-message|mario16172005 forfeited.
|
|win|Traindelpivgc
|l|☆mario16172005
|player|p1|
||mario16172005 is ready for game 2.
||Traindelpivgc is ready for game 2.
|uhtml|next|Next: Game 2 of 3
