|j|☆Linkmasterjr
|j|☆jonathan53332
|html|Linkmasterjrjonathan53332    
|uhtml|bestof|Game 3 of a best-of-3
|t:|1782460416
|gametype|doubles
|player|p1|Linkmasterjr|265|
|player|p2|jonathan53332|266|
|gen|9
|tier|[Gen 9 Champions] VGC 2026 Reg M-B (Bo3)
|rule|Species Clause: Limit one of each Pokémon
|rule|Item Clause: Limit 1 of each item
|clearpoke
|poke|p1|Raichu, L50, F|
|poke|p1|Staraptor, L50, M|
|poke|p1|Grimmsnarl, L50, M|
|poke|p1|Scizor, L50, M|
|poke|p1|Archaludon, L50, M|
|poke|p1|Whimsicott, L50, M|
|poke|p2|Primarina, L50, M|
|poke|p2|Sinistcha-Masterpiece, L50, shiny|
|poke|p2|Pelipper, L50, F|
|poke|p2|Meganium, L50, F, shiny|
|poke|p2|Excadrill, L50, F|
|poke|p2|Sceptile, L50, F|
|teampreview|4
|showteam|p1|Raichu||RaichuniteY|LightningRod|Thunder,KnockOff,AlluringVoice,FakeOut|Hasty||F|||50|]Staraptor||Staraptite|Intimidate|CloseCombat,Tailwind,BraveBird,Protect|Jolly||M|||50|]Grimmsnarl||LightClay|Prankster|LightScreen,Reflect,PartingShot,SpiritBreak|Careful||M|||50|]Scizor||MuscleBand|Technician|BulletPunch,DualWingbeat,Tailwind,CloseCombat|Adamant||M|||50|]Archaludon||FocusSash|Stamina|FlashCannon,ElectroShot,AuraSphere,Protect|Timid||M|||50|]Whimsicott||SitrusBerry|Prankster|TrickRoom,Tailwind,Protect,GigaDrain|Relaxed||M|||50|
|showteam|p2|Primarina||Leftovers|LiquidVoice|HyperVoice,Blizzard,EnergyBall,ShadowBall|Modest||M|||50|]Sinistcha-Masterpiece||SitrusBerry|Hospitality|MatchaGotcha,StrengthSap,ShadowBall,Scald|Modest|||||50|]Pelipper||FocusSash|Drizzle|Hurricane,WideGuard,IcyWind,Tailwind|Modest||F|||50|]Meganium||Meganiumite|LeafGuard|WeatherBall,SolarBeam,DazzlingGleam,Synthesis|Timid||F|||50|]Excadrill||Excadrite|SandRush|Earthquake,IronHead,BrickBreak,Protect|Jolly||F|||50|]Sceptile||Sceptilite|Overgrow|DragonPulse,FrenzyPlant,VacuumWave,Endeavor|Timid||F|||50|
|
|t:|1782460476
|teamsize|p1|4
|teamsize|p2|4
|start
|switch|p1a: Archaludon|Archaludon, L50, M|100/100
|switch|p1b: Scizor|Scizor, L50, M|100/100
|switch|p2a: Pelipper|Pelipper, L50, F|100/100
|switch|p2b: Excadrill|Excadrill, L50, F|100/100
|-weather|RainDance|[from] ability: Drizzle|[of] p2a: Pelipper
|turn|1
|
|t:|1782460486
|move|p1a: Archaludon|Protect|p1a: Archaludon
|-singleturn|p1a: Archaludon|Protect
|move|p2b: Excadrill|Earthquake|p1b: Scizor|[spread] p1b
|-activate|p1a: Archaludon|move: Protect
|-immune|p2a: Pelipper
|-damage|p1b: Scizor|61/100
|move|p2a: Pelipper|Hurricane|p1b: Scizor
|-damage|p1b: Scizor|1/100
|move|p1b: Scizor|Tailwind|p1b: Scizor
|-sidestart|p1: Linkmasterjr|move: Tailwind
|
|-weather|RainDance|[upkeep]
|upkeep
|turn|2
|
|t:|1782460513
|move|p1b: Scizor|Bullet Punch|p2a: Pelipper
|-resisted|p2a: Pelipper|1
|-damage|p2a: Pelipper|75/100
|move|p1a: Archaludon|Electro Shot||[still]
|-prepare|p1a: Archaludon|Electro Shot
|-boost|p1a: Archaludon|spa|1
|-anim|p1a: Archaludon|Electro Shot|p2a: Pelipper
|-supereffective|p2a: Pelipper|2
|-damage|p2a: Pelipper|0 fnt
|faint|p2a: Pelipper
|move|p2b: Excadrill|Earthquake|p1a: Archaludon|[spread] p1a,p1b
|-supereffective|p1a: Archaludon|1
|-damage|p1a: Archaludon|35/100
|-damage|p1b: Scizor|0 fnt
|-ability|p1a: Archaludon|Stamina|boost
|-boost|p1a: Archaludon|def|1
|faint|p1b: Scizor
|
|-weather|RainDance|[upkeep]
|upkeep
|
|t:|1782460527
|switch|p2a: Meganium|Meganium, L50, F, shiny|100/100
|switch|p1b: Staraptor|Staraptor, L50, M|100/100
|-ability|p1b: Staraptor|Intimidate|boost
|-unboost|p2a: Meganium|atk|1
|-unboost|p2b: Excadrill|atk|1
|turn|3
|
|t:|1782460573
|detailschange|p1b: Staraptor|Staraptor-Mega, L50, M
|-mega|p1b: Staraptor|Staraptor|Staraptite
|detailschange|p2a: Meganium|Meganium-Mega, L50, F, shiny
|-mega|p2a: Meganium|Meganium|Meganiumite
|move|p1b: Staraptor|Brave Bird|p2a: Meganium
|-supereffective|p2a: Meganium|1
|-damage|p2a: Meganium|0 fnt
|faint|p2a: Meganium
|-damage|p1b: Staraptor|67/100|[from] Recoil
|move|p1a: Archaludon|Aura Sphere|p2b: Excadrill
|-supereffective|p2b: Excadrill|1
|-damage|p2b: Excadrill|0 fnt
|faint|p2b: Excadrill
|
|-weather|RainDance|[upkeep]
|upkeep
|
|t:|1782460585
|switch|p2b: Primarina|Primarina, L50, M|100/100
|turn|4
|
|t:|1782460588
|move|p1b: Staraptor|Protect|p1b: Staraptor
|-singleturn|p1b: Staraptor|Protect
|move|p1a: Archaludon|Electro Shot||[still]
|-prepare|p1a: Archaludon|Electro Shot
|-boost|p1a: Archaludon|spa|1
|-anim|p1a: Archaludon|Electro Shot|p2b: Primarina
|-supereffective|p2b: Primarina|1
|-damage|p2b: Primarina|0 fnt
|faint|p2b: Primarina
|
|win|Linkmasterjr
