|j|☆Lucario Palworld
|j|☆blaze7989
|html|Lucario Palworldblaze7989    
|uhtml|bestof|Game 1 of a best-of-3
|t:|1757812413
|gametype|doubles
|player|p1|Lucario Palworld|169|1385
|player|p2|blaze7989|grimsley|1379
|gen|9
|tier|[Gen 9] VGC 2025 Reg H (Bo3)
|rated|
|rule|Species Clause: Limit one of each Pokémon
|rule|Item Clause: Limit 1 of each item
|clearpoke
|poke|p1|Whimsicott, L50, M|
|poke|p1|Pelipper, L50, F|
|poke|p1|Tatsugiri, L50, F|
|poke|p1|Dondozo, L50, F|
|poke|p1|Gholdengo, L50|
|poke|p1|Perrserker, L50, M|
|poke|p2|Indeedee-F, L50, F|
|poke|p2|Torkoal, L50, F|
|poke|p2|Hatterene, L50, F|
|poke|p2|Gallade, L50, M|
|poke|p2|Maushold, L50|
|poke|p2|Ursaluna, L50, F|
|teampreview|4
|showteam|p1|Whimsicott||CovertCloak|Prankster|Moonblast,LightScreen,Tailwind,Encore|||M|||50|,,,,,Fire]Pelipper||FocusSash|Drizzle|Hurricane,WeatherBall,Tailwind,WideGuard|||F|||50|,,,,,Ghost]Tatsugiri||ChoiceScarf|Commander|MuddyWater,DracoMeteor,DragonPulse,IcyWind|||F|||50|,,,,,Steel]Dondozo||ClearAmulet|Unaware|Earthquake,WaveCrash,OrderUp,Protect|||F|||50|,,,,,Grass]Gholdengo||ChoiceSpecs|GoodasGold|ShadowBall,MakeItRain,FocusBlast,Thunderbolt||||||50|,,,,,Steel]Perrserker||ChopleBerry|SteelySpirit|FakeOut,IronHead,Taunt,KnockOff|||M|||50|,,,,,Steel
|showteam|p2|Indeedee-F||PsychicSeed|PsychicSurge|Psychic,HelpingHand,FollowMe,TrickRoom|||F|||50|,,,,,Grass]Torkoal||ChoiceSpecs|Drought|Eruption,HeatWave,WeatherBall,EarthPower|||F|||50|,,,,,Fire]Hatterene||LifeOrb|MagicBounce|ExpandingForce,DazzlingGleam,TeraBlast,TrickRoom|||F|||50|,,,,,Fire]Gallade||ClearAmulet|Sharpness|SacredSword,PsychoCut,WideGuard,TrickRoom|||M|||50|,,,,,Grass]Maushold||WideLens|Technician|PopulationBomb,Taunt,FollowMe,Protect||||||50|,,,,,Poison]Ursaluna||FlameOrb|Guts|Facade,HeadlongRush,Earthquake,Protect|||F|||50|,,,,,Ghost
|inactive|Battle timer is ON: inactive players will automatically lose when time's up. (requested by blaze7989)
|inactive|blaze7989 has 60 seconds left.
|
|t:|1757812457
|teamsize|p1|4
|teamsize|p2|4
|start
|switch|p1a: Gholdengo|Gholdengo, L50|100/100
|switch|p1b: Perrserker|Perrserker, L50, M|100/100
|switch|p2a: Indeedee|Indeedee-F, L50, F|100/100
|switch|p2b: Gallade|Gallade, L50, M|100/100
|-fieldstart|move: Psychic Terrain|[from] ability: Psychic Surge|[of] p2a: Indeedee
|-enditem|p2a: Indeedee|Psychic Seed
|-boost|p2a: Indeedee|spd|1|[from] item: Psychic Seed
|turn|1
|
|t:|1757812476
|move|p2b: Gallade|Wide Guard|p2b: Gallade
|-singleturn|p2b: Gallade|Wide Guard
|move|p1a: Gholdengo|Make It Rain|p2b: Gallade|[spread] 
|-activate|p2a: Indeedee|move: Wide Guard
|-activate|p2b: Gallade|move: Wide Guard
|move|p1b: Perrserker|Taunt|p2a: Indeedee
|-start|p2a: Indeedee|move: Taunt
|cant|p2a: Indeedee|move: Taunt|Trick Room
|
|upkeep
|turn|2
|
|t:|1757812493
|switch|p2a: Torkoal|Torkoal, L50, F|100/100
|-weather|SunnyDay|[from] ability: Drought|[of] p2a: Torkoal
|move|p2b: Gallade|Wide Guard|p2b: Gallade
|-singleturn|p2b: Gallade|Wide Guard
|move|p1a: Gholdengo|Make It Rain|p2a: Torkoal|[spread] 
|-activate|p2a: Torkoal|move: Wide Guard
|-activate|p2b: Gallade|move: Wide Guard
|move|p1b: Perrserker|Taunt|p2b: Gallade
|-start|p2b: Gallade|move: Taunt
|
|-weather|SunnyDay|[upkeep]
|upkeep
|turn|3
|
|t:|1757812506
|-terastallize|p1a: Gholdengo|Steel
|-terastallize|p2a: Torkoal|Fire
|move|p1a: Gholdengo|Make It Rain|p2a: Torkoal|[spread] p2a,p2b
|-resisted|p2a: Torkoal
|-damage|p2a: Torkoal|3/100
|-damage|p2b: Gallade|0 fnt
|-unboost|p1a: Gholdengo|spa|1
|faint|p2b: Gallade
|move|p1b: Perrserker|Iron Head|p2a: Torkoal
|-resisted|p2a: Torkoal
|-damage|p2a: Torkoal|0 fnt
|faint|p2a: Torkoal
|
|-weather|SunnyDay|[upkeep]
|upkeep
|
|t:|1757812512
|switch|p2b: Indeedee|Indeedee-F, L50, F|100/100
|switch|p2a: Hatterene|Hatterene, L50, F|100/100
|turn|4
|
|t:|1757812519
|move|p1a: Gholdengo|Make It Rain|p2b: Indeedee|[spread] p2a,p2b
|-supereffective|p2a: Hatterene
|-crit|p2b: Indeedee
|-damage|p2a: Hatterene|0 fnt
|-damage|p2b: Indeedee|0 fnt
|-unboost|p1a: Gholdengo|spa|1
|faint|p2a: Hatterene
|faint|p2b: Indeedee
|
|win|Lucario Palworld
||blaze7989 is ready for game 2.
||Lucario Palworld is ready for game 2.
|uhtml|next|Next: Game 2 of 3
|l|☆Lucario Palworld
|player|p1|
