|j|☆KirboVGC
|j|☆honeybadgergms1994
|html|KirboVGChoneybadgergms1994    
|uhtml|bestof|Game 1 of a best-of-3
|t:|1757801716
|gametype|doubles
|player|p1|KirboVGC|shadowtriad|1032
|player|p2|honeybadgergms1994|266|1000
|gen|9
|tier|[Gen 9] VGC 2025 Reg H (Bo3)
|rated|
|rule|Species Clause: Limit one of each Pokémon
|rule|Item Clause: Limit 1 of each item
|clearpoke
|poke|p1|Metagross, L50|
|poke|p1|Tyranitar, L50, M|
|poke|p1|Kommo-o, L50, F|
|poke|p1|Talonflame, L50, F|
|poke|p1|Sinistcha, L50|
|poke|p1|Primarina, L50, F|
|poke|p2|Tyranitar, L50, M|
|poke|p2|Excadrill, L50, M|
|poke|p2|Amoonguss, L50, M|
|poke|p2|Salamence, L50, M|
|poke|p2|Rotom-Heat, L50|
|poke|p2|Primarina, L50, F|
|teampreview|4
|showteam|p1|Metagross||AssaultVest|ClearBody|HeavySlam,PsychicFangs,BulletPunch,StompingTantrum||||||50|,,,,,Water]Tyranitar||ClearAmulet|SandStream|RockSlide,KnockOff,DragonDance,Protect|||M|||50|,,,,,Flying]Kommo-o||ThroatSpray|Overcoat|AuraSphere,ClangingScales,ClangorousSoul,Protect|||F|||50|,,,,,Steel]Talonflame||CovertCloak|GaleWings|BraveBird,FlareBlitz,Tailwind,WillOWisp|||F|||50|,,,,,Ghost]Sinistcha||SitrusBerry|Hospitality|MatchaGotcha,RagePowder,TrickRoom,Protect||||||50|,,,,,Water]Primarina||LifeOrb|LiquidVoice|HyperVoice,Moonblast,Protect,Haze|||F|||50|,,,,,Grass
|showteam|p2|Tyranitar||AssaultVest|SandStream|RockSlide,KnockOff,TeraBlast,LowKick|||M|||50|,,,,,Flying]Excadrill||ClearAmulet|SandRush|Earthquake,IronHead,RockSlide,Protect|||M|||50|,,,,,Ground]Amoonguss||SitrusBerry|Regenerator|RagePowder,PollenPuff,Spore,Protect|||M|||50|,,,,,Water]Salamence||LifeOrb|Intimidate|AirSlash,DracoMeteor,Tailwind,Protect|||M|||50|,,,,,Poison]Rotom-Heat||SafetyGoggles|Levitate|Overheat,Thunderbolt,WillOWisp,Protect||||||50|,,,,,Electric]Primarina||ThroatSpray|LiquidVoice|Moonblast,HyperVoice,Haze,Protect|||F|||50|,,,,,Grass
|inactive|Battle timer is ON: inactive players will automatically lose when time's up. (requested by KirboVGC)
|
|t:|1757801779
|teamsize|p1|4
|teamsize|p2|4
|start
|switch|p1a: Talonflame|Talonflame, L50, F|100/100
|switch|p1b: Kommo-o|Kommo-o, L50, F|100/100
|switch|p2a: Salamence|Salamence, L50, M|100/100
|switch|p2b: Rotom|Rotom-Heat, L50|100/100
|-ability|p2a: Salamence|Intimidate|boost
|-unboost|p1a: Talonflame|atk|1
|-unboost|p1b: Kommo-o|atk|1
|turn|1
|inactive|KirboVGC has 30 seconds left.
|
|t:|1757801805
|-terastallize|p2b: Rotom|Electric
|move|p1a: Talonflame|Tailwind|p1a: Talonflame
|-sidestart|p1: KirboVGC|move: Tailwind
|move|p1b: Kommo-o|Clanging Scales|p2a: Salamence|[spread] p2a,p2b
|-supereffective|p2a: Salamence
|-damage|p2a: Salamence|12/100
|-damage|p2b: Rotom|62/100
|-unboost|p1b: Kommo-o|def|1
|-enditem|p1b: Kommo-o|Throat Spray
|-boost|p1b: Kommo-o|spa|1|[from] item: Throat Spray
|move|p2a: Salamence|Draco Meteor|p1b: Kommo-o
|-supereffective|p1b: Kommo-o
|-damage|p1b: Kommo-o|0 fnt
|-unboost|p2a: Salamence|spa|2
|faint|p1b: Kommo-o
|-damage|p2a: Salamence|2/100|[from] item: Life Orb
|move|p2b: Rotom|Thunderbolt|p1a: Talonflame
|-supereffective|p1a: Talonflame
|-damage|p1a: Talonflame|0 fnt
|faint|p1a: Talonflame
|
|upkeep
|-message|KirboVGC forfeited.
|
|win|honeybadgergms1994
|l|☆KirboVGC
|player|p1|
|raw|KirboVGC's rating: 1032 → 1016(-16 for losing)
|raw|honeybadgergms1994's rating: 1000 → 1044(+44 for winning)
