|j|☆Caporosso74
|j|☆PamamoDaisukiKo
|html|Caporosso74PamamoDaisukiKo    
|uhtml|bestof|Game 3 of a best-of-3
|t:|1756231877
|gametype|doubles
|player|p1|Caporosso74|2|1013
|player|p2|PamamoDaisukiKo|dawn|1148
|gen|9
|tier|[Gen 9] VGC 2025 Reg H (Bo3)
|rated|
|rule|Species Clause: Limit one of each Pokémon
|rule|Item Clause: Limit 1 of each item
|clearpoke
|poke|p1|Pelipper, L50, M|
|poke|p1|Basculegion, L50, M|
|poke|p1|Archaludon, L50, M|
|poke|p1|Amoonguss, L50, F|
|poke|p1|Kingambit, L50, M|
|poke|p1|Incineroar, L50, F|
|poke|p2|Ursaluna-Bloodmoon, L50, M|
|poke|p2|Murkrow, L50, M|
|poke|p2|Gholdengo, L50|
|poke|p2|Pawmot, L50, F|
|poke|p2|Indeedee, L50, M|
|poke|p2|Sneasler, L50, F|
|teampreview|4
|showteam|p1|Pelipper||FocusSash|Drizzle|Hurricane,Protect,WeatherBall,Tailwind|||M|||50|,,,,,Grass]Basculegion||LifeOrb|SwiftSwim|LastRespects,AquaJet,WaveCrash,PsychicFangs|||M|||50|,,,,,Water]Archaludon||AssaultVest|Stamina|DracoMeteor,ElectroShot,FlashCannon,Thunder|||M|||50|,,,,,Fairy]Amoonguss||SitrusBerry|EffectSpore|PollenPuff,RagePowder,Protect,Spore|||F|||50|,,,,,Water]Kingambit||SafetyGoggles|Defiant|LowKick,KowtowCleave,SuckerPunch,Protect|||M|||50|,,,,,Dark]Incineroar||CovertCloak|Intimidate|FlareBlitz,FakeOut,Uturn,KnockOff|||F|||50|,,,,,Dragon
|showteam|p2|Ursaluna-Bloodmoon||LifeOrb|MindsEye|EarthPower,BloodMoon,HyperVoice,Protect|||M|||50|,,,,,Normal]Murkrow||Eviolite|Prankster|Tailwind,Haze,FoulPlay,Quash|||M|||50|,,,,,Ghost]Gholdengo||ChoiceSpecs|GoodasGold|MakeItRain,ShadowBall,PowerGem,Trick||||||50|,,,,,Steel]Pawmot||FocusSash|VoltAbsorb|FakeOut,DoubleShock,CloseCombat,Nuzzle|||F|||50|,,,,,Stellar]Indeedee||ChoiceScarf|PsychicSurge|ExpandingForce,TeraBlast,Trick,Protect|||M|||50|,,,,,Psychic]Sneasler||PsychicSeed|Unburden|CloseCombat,DireClaw,ThroatChop,Protect|||F|||50|,,,,,Dark
|inactive|Battle timer is ON: inactive players will automatically lose when time's up. (requested by PamamoDaisukiKo)
|
|t:|1756231911
|teamsize|p1|4
|teamsize|p2|4
|start
|switch|p1a: Incineroar|Incineroar, L50, F|100/100
|switch|p1b: Kingambit|Kingambit, L50, M|100/100
|switch|p2a: Indeedee|Indeedee, L50, M|100/100
|switch|p2b: Sneasler|Sneasler, L50, F|100/100
|-fieldstart|move: Psychic Terrain|[from] ability: Psychic Surge|[of] p2a: Indeedee
|-enditem|p2b: Sneasler|Psychic Seed
|-boost|p2b: Sneasler|spd|1|[from] item: Psychic Seed
|-ability|p1a: Incineroar|Intimidate|boost
|-unboost|p2a: Indeedee|atk|1
|-unboost|p2b: Sneasler|atk|1
|turn|1
|inactive|Caporosso74 has 30 seconds left.
|inactive|PamamoDaisukiKo has 30 seconds left.
|inactive|Caporosso74 has 20 seconds left.
|inactive|PamamoDaisukiKo has 20 seconds left.
|inactive|PamamoDaisukiKo has 15 seconds left.
|
|t:|1756231954
|-terastallize|p1b: Kingambit|Dark
|move|p1a: Incineroar|Fake Out|p2b: Sneasler
|-activate|p2b: Sneasler|move: Psychic Terrain
|move|p2b: Sneasler|Close Combat|p1b: Kingambit
|-supereffective|p1b: Kingambit
|-damage|p1b: Kingambit|33/100
|-unboost|p2b: Sneasler|def|1
|-unboost|p2b: Sneasler|spd|1
|move|p2a: Indeedee|Tera Blast|p1a: Incineroar
|-damage|p1a: Incineroar|70/100
|move|p1b: Kingambit|Kowtow Cleave|p2b: Sneasler
|-resisted|p2b: Sneasler
|-damage|p2b: Sneasler|20/100
|
|upkeep
|turn|2
|inactive|PamamoDaisukiKo has 30 seconds left.
|
|t:|1756231984
|move|p1b: Kingambit|Sucker Punch|p2b: Sneasler
|-activate|p2b: Sneasler|move: Psychic Terrain
|move|p2b: Sneasler|Close Combat|p1a: Incineroar
|-supereffective|p1a: Incineroar
|-damage|p1a: Incineroar|0 fnt
|-unboost|p2b: Sneasler|def|1
|-unboost|p2b: Sneasler|spd|1
|faint|p1a: Incineroar
|move|p2a: Indeedee|Tera Blast|p1b: Kingambit
|-damage|p1b: Kingambit|0 fnt
|faint|p1b: Kingambit
|
|upkeep
|
|t:|1756231997
|switch|p1a: Pelipper|Pelipper, L50, M|100/100
|switch|p1b: Archaludon|Archaludon, L50, M|100/100
|-weather|RainDance|[from] ability: Drizzle|[of] p1a: Pelipper
|turn|3
|
|t:|1756232013
|move|p2b: Sneasler|Close Combat|p1b: Archaludon
|-supereffective|p1b: Archaludon
|-damage|p1b: Archaludon|13/100
|-unboost|p2b: Sneasler|def|1
|-unboost|p2b: Sneasler|spd|1
|-ability|p1b: Archaludon|Stamina|boost
|-boost|p1b: Archaludon|def|1
|move|p2a: Indeedee|Tera Blast|p1a: Pelipper
|-damage|p1a: Pelipper|44/100
|move|p1b: Archaludon|Electro Shot||[still]
|-prepare|p1b: Archaludon|Electro Shot
|-boost|p1b: Archaludon|spa|1
|-anim|p1b: Archaludon|Electro Shot|p2a: Indeedee
|-damage|p2a: Indeedee|17/100
|move|p1a: Pelipper|Weather Ball|p2b: Sneasler
|-damage|p2b: Sneasler|0 fnt
|faint|p2b: Sneasler
|
|-weather|RainDance|[upkeep]
|upkeep
|
|t:|1756232032
|switch|p2b: Ursaluna|Ursaluna-Bloodmoon, L50, M|100/100
|turn|4
|-message|Caporosso74 forfeited.
|raw|Caporosso74's rating: 1013 → 1005(-8 for losing)
|raw|PamamoDaisukiKo's rating: 1148 → 1164(+16 for winning)
|
|win|PamamoDaisukiKo
