|j|☆eggwich69
|j|☆Church of Chiyu
|html|eggwich69Church of Chiyu    
|uhtml|bestof|Game 1 of a best-of-3
|t:|1757824117
|gametype|doubles
|player|p1|eggwich69|266|1196
|player|p2|Church of Chiyu|red|1225
|gen|9
|tier|[Gen 9] VGC 2025 Reg H (Bo3)
|rated|
|rule|Species Clause: Limit one of each Pokémon
|rule|Item Clause: Limit 1 of each item
|clearpoke
|poke|p1|Sneasler, L50, M|
|poke|p1|Indeedee, L50, M|
|poke|p1|Incineroar, L50, M|
|poke|p1|Dragonite, L50, F|
|poke|p1|Ursaluna-Bloodmoon, L50, M|
|poke|p1|Milotic, L50, M|
|poke|p2|Rillaboom, L50, M|
|poke|p2|Incineroar, L50, F|
|poke|p2|Basculegion, L50, M|
|poke|p2|Ninetales-Alola, L50, F|
|poke|p2|Gholdengo, L50|
|poke|p2|Kommo-o, L50, F|
|teampreview|4
|showteam|p1|Sneasler||PsychicSeed|Unburden|DireClaw,CloseCombat,ThroatChop,Protect|||M|||50|,,,,,Stellar]Indeedee||FocusSash|PsychicSurge|ExpandingForce,TrickRoom,Protect,TeraBlast|||M|||50|,,,,,Fighting]Incineroar||SafetyGoggles|Intimidate|FakeOut,FlareBlitz,KnockOff,PartingShot|||M|||50|,,,,,Water]Dragonite||LoadedDice|Multiscale|ScaleShot,Haze,Protect,Tailwind|||F|||50|,,,,,Fairy]Ursaluna-Bloodmoon||LifeOrb|MindsEye|BloodMoon,HyperVoice,EarthPower,Protect|||M|||50|,,,,,Normal]Milotic||SitrusBerry|Competitive|Scald,IcyWind,Haze,Protect|||M|||50|,,,,,Grass
|showteam|p2|Rillaboom||AssaultVest|GrassySurge|DrumBeating,GrassyGlide,KnockOff,FakeOut|||M|||50|,,,,,Ghost]Incineroar||SitrusBerry|Intimidate|KnockOff,FlareBlitz,PartingShot,FakeOut|||F|||50|,,,,,Grass]Basculegion||ChoiceScarf|Adaptability|WaveCrash,LastRespects,FlipTurn,TeraBlast|||M|||50|,,,,,Fighting]Ninetales-Alola||FocusSash|SnowWarning|Blizzard,IcyWind,Encore,Protect|||F|||50|,,,,,Ice]Gholdengo||LifeOrb|GoodasGold|MakeItRain,ShadowBall,NastyPlot,Protect||||||50|,,,,,Water]Kommo-o||Leftovers|Overcoat|BodyPress,Flamethrower,IronDefense,Protect|||F|||50|,,,,,Fire
|inactive|Battle timer is ON: inactive players will automatically lose when time's up. (requested by Church of Chiyu)
|inactive|eggwich69 has 60 seconds left.
|
|t:|1757824223
|teamsize|p1|4
|teamsize|p2|4
|start
|switch|p1a: Milotic|Milotic, L50, M|100/100
|switch|p1b: Sneasler|Sneasler, L50, M|100/100
|switch|p2a: Gholdengo|Gholdengo, L50|100/100
|switch|p2b: Rillaboom|Rillaboom, L50, M|100/100
|-fieldstart|move: Grassy Terrain|[from] ability: Grassy Surge|[of] p2b: Rillaboom
|turn|1
|inactive|eggwich69 has 30 seconds left.
|inactive|Church of Chiyu has 30 seconds left.
|inactive|Church of Chiyu has 20 seconds left.
|inactive|eggwich69 has 20 seconds left.
|inactive|Church of Chiyu has 15 seconds left.
|inactive|eggwich69 has 15 seconds left.
|inactive|Church of Chiyu has 10 seconds left.
|
|t:|1757824273
|-terastallize|p1a: Milotic|Grass
|move|p1b: Sneasler|Protect|p1b: Sneasler
|-singleturn|p1b: Sneasler|Protect
|move|p2a: Gholdengo|Protect|p2a: Gholdengo
|-singleturn|p2a: Gholdengo|Protect
|move|p2b: Rillaboom|Drum Beating|p1a: Milotic
|-resisted|p1a: Milotic
|-damage|p1a: Milotic|76/100
|-unboost|p1a: Milotic|spe|1
|-ability|p1a: Milotic|Competitive|boost
|-boost|p1a: Milotic|spa|2
|move|p1a: Milotic|Icy Wind|p2b: Rillaboom|[spread] p2b
|-activate|p2a: Gholdengo|move: Protect
|-supereffective|p2b: Rillaboom
|-damage|p2b: Rillaboom|67/100
|-unboost|p2b: Rillaboom|spe|1
|
|-heal|p2b: Rillaboom|74/100|[from] Grassy Terrain
|-heal|p1a: Milotic|82/100|[from] Grassy Terrain
|upkeep
|turn|2
|l|☆eggwich69
|inactive|eggwich69 disconnected and has a minute to reconnect!
|player|p1|
|inactive|eggwich69 has 30 seconds left.
|inactive|eggwich69 has 20 seconds left.
|inactive|eggwich69 has 15 seconds left.
|inactive|eggwich69 has 10 seconds left.
|inactive|Church of Chiyu has 30 seconds left.
|inactive|eggwich69 has 5 seconds left.
|-message|eggwich69 lost due to inactivity.
|
|win|Church of Chiyu
