|j|☆SuprEpcGuy
|j|☆gbaromsenjoyer
|html|SuprEpcGuygbaromsenjoyer    
|uhtml|bestof|Game 1 of a best-of-3
|t:|1784268217
|gametype|doubles
|player|p1|SuprEpcGuy|shauntal|1093
|player|p2|gbaromsenjoyer|265|1131
|gen|9
|tier|[Gen 9 Champions] VGC 2026 Reg M-B (Bo3)
|rated|
|rule|Species Clause: Limit one of each Pokémon
|rule|Item Clause: Limit 1 of each item
|clearpoke
|poke|p1|Zoroark-Hisui, L50, F|
|poke|p1|Goodra-Hisui, L50, F|
|poke|p1|Sinistcha, L50|
|poke|p1|Sneasler, L50, M|
|poke|p1|Aerodactyl, L50, M|
|poke|p1|Grimmsnarl, L50, M|
|poke|p2|Blastoise, L50, F|
|poke|p2|Sinistcha-Masterpiece, L50|
|poke|p2|Gallade, L50, M|
|poke|p2|Farigiraf, L50, F|
|poke|p2|Mawile, L50, M|
|poke|p2|Maushold-Four, L50|
|teampreview|4
|showteam|p1|Zoroark-Hisui||FocusSash|Illusion|ShadowBall,WillOWisp,Taunt,Snarl|Timid||F|||50|]Goodra-Hisui||Leftovers|ShellArmor|DracoMeteor,BodyPress,Shelter,Protect|Bold||F|||50|]Sinistcha||SitrusBerry|Hospitality|MatchaGotcha,RagePowder,LifeDew,Protect|Bold|||||50|]Sneasler||WhiteHerb|Unburden|CloseCombat,DireClaw,FakeOut,Protect|Jolly||M|||50|]Aerodactyl||Aerodactylite|RockHead|RockSlide,DualWingbeat,Tailwind,Protect|Jolly||M|||50|]Grimmsnarl||LightClay|Prankster|Reflect,LightScreen,PartingShot,SpiritBreak|Careful||M|||50|
|showteam|p2|Blastoise||Blastoisinite|RainDish|WaterSpout,DarkPulse,ShellSmash,Protect|Modest||F|||50|]Sinistcha-Masterpiece||SitrusBerry|Hospitality|MatchaGotcha,RagePowder,Protect,LifeDew|Relaxed|||||50|]Gallade||IronBall|Sharpness|SacredSword,PsychoCut,LeafBlade,TrickRoom|Brave||M|||50|]Farigiraf||ColburBerry|ArmorTail|Psychic,Thunderbolt,HelpingHand,TrickRoom|Quiet||F|||50|]Mawile||Mawilite|HyperCutter|RockSlide,PlayRough,KnockOff,Protect|Brave||M|||50|]Maushold-Four||WideLens|Technician|PopulationBomb,Protect,FollowMe,Taunt|Jolly|||||50|
|inactive|Battle timer is ON: inactive players will automatically lose when time's up. (requested by SuprEpcGuy)
|inactive|SuprEpcGuy has 60 seconds left.
|inactive|gbaromsenjoyer has 60 seconds left.
|inactive|gbaromsenjoyer has 30 seconds left.
|
|t:|1784268286
|teamsize|p1|4
|teamsize|p2|4
|start
|switch|p1a: Goodra|Goodra-Hisui, L50, F|100/100
|switch|p1b: Grimmsnarl|Grimmsnarl, L50, M|100/100
|switch|p2a: Blastoise|Blastoise, L50, F|100/100
|switch|p2b: Maushold|Maushold-Four, L50|100/100
|turn|1
|inactive|SuprEpcGuy has 30 seconds left.
|inactive|gbaromsenjoyer has 30 seconds left.
|inactive|gbaromsenjoyer has 20 seconds left.
|inactive|gbaromsenjoyer has 15 seconds left.
|inactive|gbaromsenjoyer has 10 seconds left.
|l|☆gbaromsenjoyer
|inactive|gbaromsenjoyer disconnected and has a minute to reconnect!
|player|p2|
|inactive|gbaromsenjoyer has 5 seconds left.
|-message|gbaromsenjoyer lost due to inactivity.
|
|win|SuprEpcGuy
