|j|鈽咹uasometa
|j|鈽哅aster600
|html|HuasometaMaster600    
|uhtml|bestof|Game 2 of a best-of-3
|t:|1783735605
|gametype|doubles
|player|p1|Huasometa|elesa|1289
|player|p2|Master600|red|1360
|gen|9
|tier|[Gen 9 Champions] VGC 2026 Reg M-B (Bo3)
|rated|
|rule|Species Clause: Limit one of each Pok茅mon
|rule|Item Clause: Limit 1 of each item
|clearpoke
|poke|p1|Chandelure, L50, F|
|poke|p1|Kangaskhan, L50, F|
|poke|p1|Sylveon, L50, F|
|poke|p1|Kingambit, L50, M|
|poke|p1|Rotom-Wash, L50|
|poke|p1|Venusaur, L50, M|
|poke|p2|Charizard, L50, M|
|poke|p2|Farigiraf, L50, F, shiny|
|poke|p2|Garchomp, L50, F, shiny|
|poke|p2|Aerodactyl, L50, M, shiny|
|poke|p2|Sylveon, L50, F, shiny|
|poke|p2|Kingambit, L50, M, shiny|
|teampreview|4
|showteam|p1|Chandelure||FocusSash|FlashFire|HeatWave,ShadowBall,TrickRoom,Taunt|Quiet||F|||50|]Kangaskhan||Kangaskhanite|InnerFocus|FakeOut,DoubleEdge,SuckerPunch,HammerArm|Brave||F|||50|]Sylveon||FairyFeather|Pixilate|HyperVoice,Protect,HyperBeam,QuickAttack|Quiet||F|||50|]Kingambit||BlackGlasses|Defiant|KowtowCleave,SuckerPunch,IronHead,Protect|Brave||M|||50|]Rotom-Wash||SitrusBerry|Levitate|ThunderWave,VoltSwitch,HydroPump,Protect|Calm|||||50|]Venusaur||Venusaurite|Chlorophyll|EarthPower,SleepPowder,GigaDrain,Protect|Modest||M|||50|
|showteam|p2|Charizard||CharizarditeY|Blaze|HeatWave,WeatherBall,SolarBeam,Protect|Modest||M|||50|]Farigiraf||SitrusBerry|ArmorTail|PsychicFangs,Thunderbolt,TrickRoom,SunnyDay|Relaxed||F|||50|]Garchomp||LifeOrb|SandVeil|DragonClaw,Earthquake,StompingTantrum,Protect|Adamant||F|||50|]Aerodactyl||Aerodactylite|Unnerve|RockSlide,Tailwind,DualWingbeat,IceFang|Jolly||M|||50|]Sylveon||FairyFeather|Pixilate|HyperVoice,HyperBeam,QuickAttack,Protect|Modest||F|||50|]Kingambit||FocusSash|Defiant|KowtowCleave,IronHead,SuckerPunch,LowKick|Adamant||M|||50|
|inactive|Battle timer is ON: inactive players will automatically lose when time's up. (requested by Master600)
|
|t:|1783735667
|teamsize|p1|4
|teamsize|p2|4
|start
|switch|p1a: Rotom|Rotom-Wash, L50|100/100
|switch|p1b: Kangaskhan|Kangaskhan, L50, F|100/100
|switch|p2a: Su|Farigiraf, L50, F, shiny|100/100
|switch|p2b: Narty|Garchomp, L50, F, shiny|100/100
|turn|1
|
|t:|1783735684
|detailschange|p1b: Kangaskhan|Kangaskhan-Mega, L50, F
|-mega|p1b: Kangaskhan|Kangaskhan|Kangaskhanite
|move|p2b: Narty|Dragon Claw|p1a: Rotom
|-damage|p1a: Rotom|42/100
|-enditem|p1a: Rotom|Sitrus Berry|[eat]
|-heal|p1a: Rotom|66/100|[from] item: Sitrus Berry
|-damage|p2b: Narty|90/100|[from] item: Life Orb
|move|p1b: Kangaskhan|Double-Edge|p2b: Narty
|-damage|p2b: Narty|35/100
|-damage|p2b: Narty|20/100y
|-hitcount|p2b: Narty|2
|-damage|p1b: Kangaskhan|79/100|[from] Recoil
|move|p1a: Rotom|Hydro Pump|p2b: Narty
|-damage|p2b: Narty|0 fnt
|faint|p2b: Narty
|move|p2a: Su|Thunderbolt|p1a: Rotom
|-damage|p1a: Rotom|48/100
|
|upkeep
|
|t:|1783735689
|switch|p2b: Ajedrez|Kingambit, L50, M, shiny|100/100
|turn|2
|
|t:|1783735711
|move|p1b: Kangaskhan|Hammer Arm|p2b: Ajedrez
|-supereffective|p2b: Ajedrez|2
|-enditem|p2b: Ajedrez|Focus Sash
|-damage|p2b: Ajedrez|1/100
|-unboost|p1b: Kangaskhan|spe|1
|-supereffective|p2b: Ajedrez|2
|-damage|p2b: Ajedrez|0 fnt
|-unboost|p1b: Kangaskhan|spe|1
|faint|p2b: Ajedrez
|-hitcount|p2: Ajedrez|2
|move|p1a: Rotom|Volt Switch|p2a: Su
|-damage|p2a: Su|75/100
|
|t:|1783735716
|switch|p1a: Sylveon|Sylveon, L50, F|100/100|[from] Volt Switch
|move|p2a: Su|Thunderbolt|p1a: Sylveon
|-damage|p1a: Sylveon|83/100
|
|upkeep
|c|鈽哅aster600|Fuck
|
|t:|1783735721
|switch|p2b: Astrodactyl|Aerodactyl, L50, M, shiny|100/100
|-ability|p2b: Astrodactyl|Unnerve
|turn|3
|c|鈽哅aster600|Ya tienes estudiado el mu
|c|鈽咹uasometa|tienes que iniciar el match con m谩s presi贸n
|c|鈽哅aster600|A chinga
|inactive|Huasometa has 30 seconds left.
|c|鈽咹uasometa|se parte charizard garchomp siempre
|c|鈽哅aster600|T煤 qu茅 tanto sabes
|
|t:|1783735756
|detailschange|p2b: Astrodactyl|Aerodactyl-Mega, L50, M, shiny
|-mega|p2b: Astrodactyl|Aerodactyl|Aerodactylite
|move|p2b: Astrodactyl|Rock Slide|p1a: Sylveon|[spread] p1a,p1b
|-damage|p1a: Sylveon|55/100
|-damage|p1b: Kangaskhan|59/100
|move|p1a: Sylveon|Hyper Voice|p2a: Su|[spread] p2a,p2b
|-damage|p2a: Su|31/100
|-damage|p2b: Astrodactyl|48/100
|-enditem|p2a: Su|Sitrus Berry|[eat]
|-heal|p2a: Su|56/100|[from] item: Sitrus Berry
|move|p2a: Su|Thunderbolt|p1a: Sylveon
|-damage|p1a: Sylveon|40/100
|cant|p1b: Kangaskhan|flinch
|
|upkeep
|turn|4
|c|鈽哅aster600|Para empezar no
|c|鈽哅aster600|Porque Fake out garchomp y yo no te toco al chande
|inactive|Huasometa has 30 seconds left.
|inactive|Huasometa has 20 seconds left.
|inactive|Huasometa has 15 seconds left.
|
|t:|1783735800
|move|p2b: Astrodactyl|Rock Slide|p1b: Kangaskhan|[spread] p1a,p1b
|-damage|p1a: Sylveon|10/100
|-damage|p1b: Kangaskhan|39/100
|move|p1a: Sylveon|Hyper Voice|p2b: Astrodactyl|[spread] p2a,p2b
|-damage|p2a: Su|12/100
|-damage|p2b: Astrodactyl|1/100
|move|p2a: Su|Thunderbolt|p1b: Kangaskhan
|-damage|p1b: Kangaskhan|21/100
|move|p1b: Kangaskhan|Double-Edge|p2a: Su
|-damage|p2a: Su|0 fnt
|faint|p2a: Su
|-damage|p1b: Kangaskhan|17/100|[from] Recoil
|
|upkeep
|turn|5
|c|鈽哅aster600|Este equipo ya todos sabemos c贸mo pararlo por desgracia
|c|鈽咹uasometa|he jugado muchas veces contra ese team
|inactive|Huasometa has 30 seconds left.
|c|鈽咹uasometa|aunque setee trick room me puedes ganar igual
|inactive|Huasometa has 20 seconds left.
|inactive|Huasometa has 15 seconds left.
|c|鈽哅aster600|Cr茅eme que no
|c|鈽哅aster600|Sylveon hace estragos
|c|鈽咹uasometa|solo debes meter presion con el garchomp y despues cuidarlo
|inactive|Huasometa has 10 seconds left.
|inactive|Huasometa has 5 seconds left.
|
|t:|1783735851
|move|p2b: Astrodactyl|Rock Slide|p1b: Kangaskhan|[spread] p1a,p1b
|-damage|p1a: Sylveon|0 fnt
|-damage|p1b: Kangaskhan|0 fnt
|faint|p1a: Sylveon
|faint|p1b: Kangaskhan
|
|upkeep
|
|t:|1783735857
|switch|p1b: Rotom|Rotom-Wash, L50|48/100
|switch|p1a: Chandelure|Chandelure, L50, F|100/100
|turn|6
|c|鈽哅aster600|Garchomp es un pecho fr铆o en cualquier temporada
|c|鈽咹uasometa|amigo
|c|鈽咹uasometa|es la experiencia
|
|t:|1783735876
|move|p2b: Astrodactyl|Rock Slide|p1b: Rotom|[spread] p1a,p1b
|-supereffective|p1a: Chandelure|1
|-damage|p1a: Chandelure|41/100
|-damage|p1b: Rotom|21/100
|cant|p1b: Rotom|flinch
|move|p1a: Chandelure|Shadow Ball|p2b: Astrodactyl
|-damage|p2b: Astrodactyl|0 fnt
|faint|p2b: Astrodactyl
|
|win|Huasometa
|raw|Huasometa's rating: 1289 → 1319(+30 for winning)
|raw|Master600's rating: 1360 → 1336(-24 for losing)
|c|鈽哅aster600|No perd铆 tantos puntos
|c|鈽哅aster600|Por lo menos
|c|鈽咹uasometa|suerte
|c|鈽咹uasometa|analiza tus partidas
|c|鈽哅aster600|Ya lo hago
