|j|☆Luckstat10
|j|☆Hackervgc
|html|Luckstat10Hackervgc    
|uhtml|bestof|Game 1 of a best-of-3
|t:|1756490424
|gametype|doubles
|player|p1|Luckstat10|1|1153
|player|p2|Hackervgc|gentleman-gen4|1168
|gen|9
|tier|[Gen 9] VGC 2025 Reg H (Bo3)
|rated|
|rule|Species Clause: Limit one of each Pokémon
|rule|Item Clause: Limit 1 of each item
|clearpoke
|poke|p1|Typhlosion-Hisui, L50, M|
|poke|p1|Jumpluff, L50, F|
|poke|p1|Torkoal, L50, M|
|poke|p1|Porygon2, L50|
|poke|p1|Ursaluna, L50, M|
|poke|p1|Mienshao, L50, F|
|poke|p2|Kingambit, L50, F|
|poke|p2|Magmar, L50, M|
|poke|p2|Dragonite, L50, F|
|poke|p2|Sneasler, L50, M|
|poke|p2|Ursaluna-Bloodmoon, L50, M|
|poke|p2|Farigiraf, L50, M|
|teampreview|4
|showteam|p1|Typhlosion-Hisui||ChoiceSpecs|Blaze|Eruption,HeatWave,ShadowBall,Overheat|||M|||50|,,,,,Fire]Jumpluff||CovertCloak|Chlorophyll|Tailwind,SleepPowder,RagePowder,SunnyDay|||F|||50|,,,,,Dark]Torkoal||EjectButton|Drought|Eruption,HeatWave,HelpingHand,Protect|||M|||50|,,,,,Fire]Porygon2||Eviolite|Download|TrickRoom,TeraBlast,IceBeam,Recover||||||50|,,,,,Fighting]Ursaluna||FlameOrb|Guts|Facade,HeadlongRush,Earthquake,Protect|||M|||50|,,,,,Ghost]Mienshao||FocusSash|InnerFocus|FakeOut,Feint,CloseCombat,Protect|||F|||50|,,,,,Fighting
|showteam|p2|Kingambit||AssaultVest|Defiant|KowtowCleave,SuckerPunch,LowKick,TeraBlast|||F|||50|,,,,,Flying]Magmar||Eviolite|VitalSpirit|FollowMe,Protect,Flamethrower,WillOWisp|||M|||50|,,,,,Grass]Dragonite||LoadedDice|Multiscale|ScaleShot,Protect,Haze,Tailwind|||F|||50|,,,,,Fairy]Sneasler||FocusSash|Unburden|ThroatChop,DireClaw,CloseCombat,Protect|||M|||50|,,,,,Stellar]Ursaluna-Bloodmoon||LifeOrb|MindsEye|BloodMoon,Protect,EarthPower,HyperVoice|||M|||50|,,,,,Normal]Farigiraf||SitrusBerry|ArmorTail|TrickRoom,HelpingHand,Psychic,Protect|||M|||50|,,,,,Water
|
|t:|1756490499
|teamsize|p1|4
|teamsize|p2|4
|start
|switch|p1a: Jumpluff|Jumpluff, L50, F, shiny|100/100
|switch|p1b: Typhlosion|Typhlosion-Hisui, L50, M|100/100
|switch|p2a: Kingambit|Kingambit, L50, F|100/100
|switch|p2b: Sneasler|Sneasler, L50, M|100/100
|turn|1
|
|t:|1756490528
|-terastallize|p1a: Jumpluff|Dark
|move|p1a: Jumpluff|Rage Powder|p1a: Jumpluff
|-singleturn|p1a: Jumpluff|move: Rage Powder
|move|p2a: Kingambit|Sucker Punch||[still]
|-fail|p2a: Kingambit
|move|p2b: Sneasler|Dire Claw|p1a: Jumpluff
|-damage|p1a: Jumpluff|55/100
|move|p1b: Typhlosion|Eruption|p2b: Sneasler|[spread] p2a,p2b
|-supereffective|p2a: Kingambit
|-crit|p2a: Kingambit
|-damage|p2a: Kingambit|0 fnt
|-enditem|p2b: Sneasler|Focus Sash
|-damage|p2b: Sneasler|1/100
|faint|p2a: Kingambit
|
|upkeep
|
|t:|1756490538
|switch|p2a: Ursaluna|Ursaluna-Bloodmoon, L50, M|100/100
|turn|2
|
|t:|1756490550
|move|p1a: Jumpluff|Rage Powder|p1a: Jumpluff
|-singleturn|p1a: Jumpluff|move: Rage Powder
|move|p2b: Sneasler|Close Combat|p1a: Jumpluff
|-supereffective|p1a: Jumpluff
|-damage|p1a: Jumpluff|0 fnt
|-unboost|p2b: Sneasler|def|1
|-unboost|p2b: Sneasler|spd|1
|faint|p1a: Jumpluff
|move|p1b: Typhlosion|Eruption|p2b: Sneasler|[spread] p2a,p2b
|-damage|p2a: Ursaluna|5/100
|-damage|p2b: Sneasler|0 fnt
|faint|p2b: Sneasler
|move|p2a: Ursaluna|Earth Power|p1b: Typhlosion
|-supereffective|p1b: Typhlosion
|-damage|p1b: Typhlosion|0 fnt
|faint|p1b: Typhlosion
|-damage|p2a: Ursaluna|0 fnt|[from] item: Life Orb
|faint|p2a: Ursaluna
|
|upkeep
|
|t:|1756490558
|switch|p2b: Farigiraf|Farigiraf, L50, M|100/100
|switch|p1a: Ursaluna|Ursaluna, L50, M, shiny|100/100
|switch|p1b: Porygon2|Porygon2, L50|100/100
|-ability|p1b: Porygon2|Download|boost
|-boost|p1b: Porygon2|atk|1
|turn|3
|
|t:|1756490571
|move|p2b: Farigiraf|Psychic|p1a: Ursaluna
|-damage|p1a: Ursaluna|71/100
|move|p1b: Porygon2|Tera Blast|p2b: Farigiraf
|-damage|p2b: Farigiraf|72/100
|move|p1a: Ursaluna|Headlong Rush|p2b: Farigiraf
|-damage|p2b: Farigiraf|10/100
|-unboost|p1a: Ursaluna|def|1
|-unboost|p1a: Ursaluna|spd|1
|-enditem|p2b: Farigiraf|Sitrus Berry|[eat]
|-heal|p2b: Farigiraf|34/100|[from] item: Sitrus Berry
|
|-status|p1a: Ursaluna|brn|[from] item: Flame Orb
|upkeep
|turn|4
|
|t:|1756490585
|move|p2b: Farigiraf|Psychic|p1a: Ursaluna
|-damage|p1a: Ursaluna|24/100 brn
|move|p1b: Porygon2|Tera Blast|p2b: Farigiraf
|-damage|p2b: Farigiraf|6/100
|move|p1a: Ursaluna|Facade|p2b: Farigiraf
|-damage|p2b: Farigiraf|0 fnt
|faint|p2b: Farigiraf
|
|win|Luckstat10
||Hackervgc is ready for game 2.
|inactive|Luckstat10 has 30 seconds to confirm battle start!
|inactive|Luckstat10 has 20 seconds to confirm battle start!
|inactive|Luckstat10 has 10 seconds to confirm battle start!
|uhtml|next|Next: Game 2 of 3
|l|☆Luckstat10
|player|p1|
