|j|☆KatKraydel
|j|☆Grugeater45
|html|KatKraydelGrugeater45    
|uhtml|bestof|Game 1 of a best-of-3
|t:|1757851634
|gametype|doubles
|player|p1|KatKraydel|caitlin-masters|1147
|player|p2|Grugeater45|gentleman|1288
|gen|9
|tier|[Gen 9] VGC 2025 Reg H (Bo3)
|rated|
|rule|Species Clause: Limit one of each Pokémon
|rule|Item Clause: Limit 1 of each item
|clearpoke
|poke|p1|Primarina, L50, M|
|poke|p1|Talonflame, L50, F|
|poke|p1|Garchomp, L50, M|
|poke|p1|Ninetales-Alola, L50, M|
|poke|p1|Sinistcha, L50|
|poke|p1|Conkeldurr, L50, F|
|poke|p2|Ursaluna-Bloodmoon, L50, M|
|poke|p2|Whimsicott, L50, M|
|poke|p2|Arcanine-Hisui, L50, F|
|poke|p2|Annihilape, L50, F|
|poke|p2|Maushold, L50|
|poke|p2|Ninetales-Alola, L50, F|
|teampreview|4
|showteam|p1|Primarina||SitrusBerry|LiquidVoice|HyperVoice,Moonblast,Haze,Protect|||M|||50|,,,,,Poison]Talonflame||SharpBeak|GaleWings|DualWingbeat,FlareBlitz,Tailwind,Taunt|||F|||50|,,,,,Ghost]Garchomp||LifeOrb|RoughSkin|StompingTantrum,Earthquake,Protect,DragonClaw|||M|||50|,,,,,Ground]Ninetales-Alola||FocusSash|SnowWarning|Blizzard,FreezeDry,Moonblast,Protect|||M|||50|,,,,,Fire]Sinistcha||RockyHelmet|Hospitality|MatchaGotcha,RagePowder,LifeDew,Protect||||||50|,,,,,Water]Conkeldurr||FlameOrb|Guts|CloseCombat,KnockOff,WideGuard,MachPunch|||F|||50|,,,,,Dark
|showteam|p2|Ursaluna-Bloodmoon||LifeOrb|MindsEye|BloodMoon,HyperVoice,EarthPower,Protect|||M|||50|,,,,,Normal]Whimsicott||CovertCloak|Prankster|Moonblast,Tailwind,Encore,MistyTerrain|||M|||50|,,,,,Dark]Arcanine-Hisui||ChoiceBand|Intimidate|ExtremeSpeed,RockSlide,FlareBlitz,CloseCombat|||F|||50|,,,,,Normal]Annihilape||Leftovers|Defiant|RageFist,DrainPunch,BulkUp,Protect|||F|||50|,,,,,Grass]Maushold||SafetyGoggles|FriendGuard|FollowMe,BeatUp,Taunt,Protect||||||50|,,,,,Ghost]Ninetales-Alola||FocusSash|SnowWarning|Blizzard,FreezeDry,AuroraVeil,Protect|||F|||50|,,,,,Ice
|c|☆Grugeater45|glhf
|inactive|Battle timer is ON: inactive players will automatically lose when time's up. (requested by Grugeater45)
|c|☆KatKraydel|glhf
|inactive|Grugeater45 has 60 seconds left.
|
|t:|1757851699
|teamsize|p1|4
|teamsize|p2|4
|start
|switch|p1a: Garchomp|Garchomp, L50, M, shiny|100/100
|switch|p1b: Ninetales|Ninetales-Alola, L50, M, shiny|100/100
|switch|p2a: Ursaluna|Ursaluna-Bloodmoon, L50, M|100/100
|switch|p2b: Whimsicott|Whimsicott, L50, M|100/100
|-weather|Snowscape|[from] ability: Snow Warning|[of] p1b: Ninetales
|turn|1
|inactive|KatKraydel has 30 seconds left.
|inactive|Grugeater45 has 30 seconds left.
|
|t:|1757851727
|-terastallize|p2a: Ursaluna|Normal
|move|p2b: Whimsicott|Tailwind|p2b: Whimsicott
|-sidestart|p2: Grugeater45|move: Tailwind
|move|p2a: Ursaluna|Hyper Voice|p1b: Ninetales|[spread] p1a,p1b
|-damage|p1a: Garchomp|28/100
|-damage|p1b: Ninetales|20/100
|-damage|p2a: Ursaluna|91/100|[from] item: Life Orb
|move|p1a: Garchomp|Stomping Tantrum|p2a: Ursaluna
|-damage|p2a: Ursaluna|47/100
|-damage|p1a: Garchomp|18/100|[from] item: Life Orb
|move|p1b: Ninetales|Blizzard|p2b: Whimsicott|[spread] p2a,p2b
|-supereffective|p2b: Whimsicott
|-damage|p2a: Ursaluna|5/100
|-damage|p2b: Whimsicott|0 fnt
|faint|p2b: Whimsicott
|
|-weather|Snowscape|[upkeep]
|upkeep
|
|t:|1757851746
|switch|p2b: Arcanine|Arcanine-Hisui, L50, F|100/100
|-ability|p2b: Arcanine|Intimidate|boost
|-unboost|p1a: Garchomp|atk|1
|-unboost|p1b: Ninetales|atk|1
|turn|2
|
|t:|1757851758
|switch|p2a: Maushold|Maushold, L50|100/100
|switch|p1a: Conkeldurr|Conkeldurr, L50, F, shiny|100/100
|move|p1b: Ninetales|Protect|p1b: Ninetales
|-singleturn|p1b: Ninetales|Protect
|move|p2b: Arcanine|Rock Slide|p1a: Conkeldurr|[spread] p1a
|-activate|p1b: Ninetales|move: Protect
|-resisted|p1a: Conkeldurr
|-damage|p1a: Conkeldurr|82/100
|
|-weather|Snowscape|[upkeep]
|-status|p1a: Conkeldurr|brn|[from] item: Flame Orb
|upkeep
|turn|3
|
|t:|1757851777
|switch|p1b: Talonflame|Talonflame, L50, F, shiny|100/100
|move|p1a: Conkeldurr|Mach Punch|p2a: Maushold
|-supereffective|p2a: Maushold
|-damage|p2a: Maushold|18/100
|move|p2a: Maushold|Taunt|p1a: Conkeldurr
|-start|p1a: Conkeldurr|move: Taunt
|move|p2b: Arcanine|Rock Slide|p1a: Conkeldurr|[spread] p1a
|-miss|p2b: Arcanine|p1b: Talonflame
|-resisted|p1a: Conkeldurr
|-damage|p1a: Conkeldurr|66/100 brn
|
|-weather|Snowscape|[upkeep]
|-damage|p1a: Conkeldurr|60/100 brn|[from] brn
|upkeep
|turn|4
|
|t:|1757851798
|move|p2a: Maushold|Follow Me|p2a: Maushold
|-singleturn|p2a: Maushold|move: Follow Me
|move|p1b: Talonflame|Dual Wingbeat|p2a: Maushold
|-damage|p2a: Maushold|0 fnt
|faint|p2a: Maushold
|-hitcount|p2: Maushold|1
|move|p2b: Arcanine|Rock Slide|p1a: Conkeldurr|[spread] p1a,p1b
|-resisted|p1a: Conkeldurr
|-supereffective|p1b: Talonflame
|-damage|p1a: Conkeldurr|42/100 brn
|-damage|p1b: Talonflame|0 fnt
|faint|p1b: Talonflame
|move|p1a: Conkeldurr|Close Combat|p2b: Arcanine
|-supereffective|p2b: Arcanine
|-damage|p2b: Arcanine|0 fnt
|-unboost|p1a: Conkeldurr|def|1
|-unboost|p1a: Conkeldurr|spd|1
|faint|p2b: Arcanine
|
|-weather|Snowscape|[upkeep]
|-damage|p1a: Conkeldurr|35/100 brn|[from] brn
|-sideend|p2: Grugeater45|move: Tailwind
|upkeep
|-message|Grugeater45 forfeited.
|
|win|KatKraydel
||Grugeater45 is ready for game 2.
||KatKraydel is ready for game 2.
|uhtml|next|Next: Game 2 of 3
|l|☆Grugeater45
|player|p2|
|l|☆KatKraydel
|player|p1|
