|j|☆King Drakkon
|j|☆ming0mang0
|html|King Drakkonming0mang0    
|uhtml|bestof|Game 1 of a best-of-3
|t:|1757094823
|gametype|doubles
|player|p1|King Drakkon|265|1000
|player|p2|ming0mang0|harlequin|1048
|gen|9
|tier|[Gen 9] VGC 2025 Reg H (Bo3)
|rated|
|rule|Species Clause: Limit one of each Pokémon
|rule|Item Clause: Limit 1 of each item
|clearpoke
|poke|p1|Metagross, L50|
|poke|p1|Tyranitar, L50, M|
|poke|p1|Gliscor, L50, F|
|poke|p1|Gholdengo, L50|
|poke|p1|Smeargle, L50, F|
|poke|p1|Scizor, L50, M|
|poke|p2|Excadrill, L50, M|
|poke|p2|Tyranitar, L50, M|
|poke|p2|Sneasler, L50, M|
|poke|p2|Indeedee, L50, M|
|poke|p2|Corviknight, L50, M|
|poke|p2|Annihilape, L50, M|
|teampreview|4
|showteam|p1|Metagross||CovertCloak|ClearBody|Explosion,Agility,Earthquake,KnockOff||||||50|,,,,,Normal]Tyranitar||AssaultVest|SandStream|Bulldoze,BodyPress,FirePunch,IcePunch|||M|||50|,,,,,Grass]Gliscor||ToxicOrb|PoisonHeal|SwordsDance,Earthquake,DualWingbeat,Protect|||F|||50|,,,,,Water]Gholdengo||WeaknessPolicy|GoodasGold|NastyPlot,Protect,MakeItRain,ShadowBall||||||50|,,,,,Steel]Smeargle||FocusSash|OwnTempo|FollowMe,FakeOut,Decorate,Spore|||F|||50|,,,,,Ghost]Scizor||SafetyGoggles|Technician|SwordsDance,CloseCombat,DualWingbeat,BulletPunch|||M|||50|,,,,,Steel
|showteam|p2|Excadrill||FocusSash|SandRush|IronHead,HighHorsepower,Earthquake,Protect|||M|||50|,,,,,Stellar]Tyranitar||AssaultVest|SandStream|RockSlide,KnockOff,TeraBlast,LowKick|||M|||50|,,,,,Flying]Sneasler||PsychicSeed|Unburden|DireClaw,CloseCombat,ThroatChop,Protect|||M|||50|,,,,,Dark]Indeedee||ChoiceScarf|PsychicSurge|ExpandingForce,TeraBlast,Protect,Trick|||M|||50|,,,,,Psychic]Corviknight||Leftovers|MirrorArmor|BulkUp,BraveBird,Roost,Tailwind|||M|||50|,,,,,Dragon]Annihilape||SafetyGoggles|Defiant|CloseCombat,FinalGambit,RageFist,Taunt|||M|||50|,,,,,Water
|inactive|Battle timer is ON: inactive players will automatically lose when time's up. (requested by King Drakkon)
|inactive|ming0mang0 has 60 seconds left.
|
|t:|1757094934
|teamsize|p1|4
|teamsize|p2|4
|start
|switch|p1a: Metagross|Metagross, L50|100/100
|switch|p1b: Gholdengo|Gholdengo, L50|100/100
|switch|p2a: Corviknight|Corviknight, L50, M, shiny|100/100
|switch|p2b: Annihilape|Annihilape, L50, M|100/100
|turn|1
|inactive|ming0mang0 has 30 seconds left.
|inactive|ming0mang0 has 20 seconds left.
|inactive|ming0mang0 has 15 seconds left.
|inactive|ming0mang0 has 10 seconds left.
|
|t:|1757094983
|move|p2b: Annihilape|Rage Fist|p1a: Metagross
|-supereffective|p1a: Metagross
|-damage|p1a: Metagross|70/100
|move|p1b: Gholdengo|Shadow Ball|p2b: Annihilape
|-supereffective|p2b: Annihilape
|-crit|p2b: Annihilape
|-damage|p2b: Annihilape|0 fnt
|faint|p2b: Annihilape
|move|p2a: Corviknight|Tailwind|p2a: Corviknight
|-sidestart|p2: ming0mang0|move: Tailwind
|move|p1a: Metagross|Knock Off|p2a: Corviknight
|-damage|p2a: Corviknight|72/100
|-enditem|p2a: Corviknight|Leftovers|[from] move: Knock Off|[of] p1a: Metagross
|
|upkeep
|
|t:|1757094999
|switch|p2b: Excadrill|Excadrill, L50, M|100/100
|turn|2
|inactive|ming0mang0 has 30 seconds left.
|
|t:|1757095034
|-terastallize|p2b: Excadrill|Stellar
|-terastallize|p1a: Metagross|Normal
|move|p1b: Gholdengo|Protect|p1b: Gholdengo
|-singleturn|p1b: Gholdengo|Protect
|move|p2b: Excadrill|High Horsepower|p1b: Gholdengo
|-activate|p1b: Gholdengo|move: Protect
|move|p2a: Corviknight|Bulk Up|p2a: Corviknight
|-boost|p2a: Corviknight|atk|1
|-boost|p2a: Corviknight|def|1
|move|p1a: Metagross|Explosion|p2b: Excadrill|[spread] p2a,p2b
|-activate|p1b: Gholdengo|move: Protect
|-resisted|p2a: Corviknight
|-resisted|p2b: Excadrill
|-damage|p2a: Corviknight|43/100
|-damage|p2b: Excadrill|20/100
|faint|p1a: Metagross
|
|upkeep
|
|t:|1757095054
|switch|p1a: Smeargle|Smeargle, L50, F|100/100
|turn|3
|inactive|ming0mang0 has 30 seconds left.
|inactive|ming0mang0 has 20 seconds left.
|inactive|ming0mang0 has 15 seconds left.
|
|t:|1757095096
|switch|p1b: Scizor|Scizor, L50, M|100/100
|move|p1a: Smeargle|Fake Out|p2a: Corviknight
|-resisted|p2a: Corviknight
|-damage|p2a: Corviknight|41/100
|move|p2b: Excadrill|Earthquake|p1a: Smeargle|[spread] p1a,p1b
|-immune|p2a: Corviknight
|-enditem|p1a: Smeargle|Focus Sash
|-damage|p1a: Smeargle|1/100
|-damage|p1b: Scizor|44/100
|cant|p2a: Corviknight|flinch
|
|upkeep
|turn|4
|inactive|King Drakkon has 30 seconds left.
|inactive|ming0mang0 has 30 seconds left.
|l|☆ming0mang0
|inactive|ming0mang0 disconnected and has a minute to reconnect!
|player|p2|
|
|t:|1757095125
|move|p1b: Scizor|Bullet Punch|p2b: Excadrill
|-resisted|p2b: Excadrill
|-damage|p2b: Excadrill|0 fnt
|faint|p2b: Excadrill
|move|p2a: Corviknight|Roost|p2a: Corviknight
|-heal|p2a: Corviknight|92/100
|-singleturn|p2a: Corviknight|move: Roost
|move|p1a: Smeargle|Decorate|p1b: Scizor
|-boost|p1b: Scizor|atk|2
|-boost|p1b: Scizor|spa|2
|
|-sideend|p2: ming0mang0|move: Tailwind
|upkeep
|j|☆ming0mang0
|inactive|ming0mang0 reconnected and has 35 seconds left.
|player|p2|ming0mang0|harlequin|
|inactive|ming0mang0 has 30 seconds left.
|
|t:|1757095160
|switch|p2b: Tyranitar|Tyranitar, L50, M|100/100
|-weather|Sandstorm|[from] ability: Sand Stream|[of] p2b: Tyranitar
|turn|5
|inactive|ming0mang0 has 30 seconds left.
|inactive|ming0mang0 has 20 seconds left.
|inactive|ming0mang0 has 15 seconds left.
|inactive|ming0mang0 has 10 seconds left.
|
|t:|1757095205
|move|p1b: Scizor|Bullet Punch|p2b: Tyranitar
|-supereffective|p2b: Tyranitar
|-damage|p2b: Tyranitar|0 fnt
|faint|p2b: Tyranitar
|move|p1a: Smeargle|Spore|p2a: Corviknight
|-status|p2a: Corviknight|slp|[from] move: Spore
|cant|p2a: Corviknight|slp
|
|-weather|Sandstorm|[upkeep]
|-damage|p1a: Smeargle|0 fnt|[from] Sandstorm
|faint|p1a: Smeargle
|upkeep
|
|t:|1757095215
|switch|p1a: Gholdengo|Gholdengo, L50|100/100
|turn|6
|
|t:|1757095222
|move|p1a: Gholdengo|Shadow Ball|p2a: Corviknight
|-damage|p2a: Corviknight|50/100 slp
|cant|p2a: Corviknight|slp
|move|p1b: Scizor|Close Combat|p2a: Corviknight
|-damage|p2a: Corviknight|6/100 slp
|-unboost|p1b: Scizor|def|1
|-unboost|p1b: Scizor|spd|1
|
|-weather|Sandstorm|[upkeep]
|upkeep
|turn|7
|-message|ming0mang0 forfeited.
|raw|King Drakkon's rating: 1000 → 1045(+45 for winning)
|raw|ming0mang0's rating: 1048 → 1028(-20 for losing)
|
|win|King Drakkon
