|j|☆Ffcfggfffvvv
|j|☆FluppyFan101
|html|FfcfggfffvvvFluppyFan101    
|uhtml|bestof|Game 1 of a best-of-3
|t:|1782298346
|gametype|doubles
|player|p1|Ffcfggfffvvv|266|1000
|player|p2|FluppyFan101|ingo|1000
|gen|9
|tier|[Gen 9 Champions] VGC 2026 Reg M-B (Bo3)
|rated|
|rule|Species Clause: Limit one of each Pokémon
|rule|Item Clause: Limit 1 of each item
|clearpoke
|poke|p1|Whimsicott, L50, F|
|poke|p1|Staraptor, L50, F|
|poke|p1|Garchomp, L50, M|
|poke|p1|Gholdengo, L50|
|poke|p1|Basculegion, L50, M|
|poke|p1|Typhlosion-Hisui, L50, F|
|poke|p2|Pyroar, L50, F, shiny|
|poke|p2|Incineroar, L50, F|
|poke|p2|Sinistcha-Masterpiece, L50|
|poke|p2|Basculegion, L50, M|
|poke|p2|Corviknight, L50, F|
|poke|p2|Glimmora, L50, F|
|teampreview|4
|showteam|p1|Whimsicott||FocusSash|Prankster|Tickle,Tailwind,Moonblast,FakeTears|Timid||F|||50|]Staraptor||Staraptite|Intimidate|BraveBird,CloseCombat,Roost,Protect|Jolly||F|||50|]Garchomp||RoseliBerry|RoughSkin|DragonClaw,StompingTantrum,RockTomb,PoisonJab|Jolly||M|||50|]Gholdengo||LifeOrb|GoodasGold|MakeItRain,ShadowBall,PowerGem,Protect|Modest|||||50|]Basculegion||MysticWater|Adaptability|WaveCrash,LastRespects,AquaJet,Protect|Adamant||M|||50|]Typhlosion-Hisui||ChoiceScarf|Frisk|Eruption,HeatWave,BurnUp,ShadowBall|Modest||F|||50|
|showteam|p2|Pyroar||Pyroarite|Unnerve|HeatWave,HyperVoice,Overheat,Protect|Modest||F|||50|]Incineroar||SitrusBerry|Intimidate|FlareBlitz,ThroatChop,FakeOut,PartingShot|Careful||F|||50|]Sinistcha-Masterpiece||ColburBerry|Hospitality|MatchaGotcha,LifeDew,RagePowder,Protect|Bold|||||50|]Basculegion||ChoiceScarf|Adaptability|WaveCrash,LastRespects,FlipTurn,AquaJet|Adamant||M|||50|]Corviknight||Leftovers|MirrorArmor|BraveBird,BodyPress,BulkUp,Roost|Impish||F|||50|]Glimmora||Glimmoranite|ToxicDebris|PowerGem,SludgeBomb,EarthPower,SpikyShield|Timid||F|||50|
|
|t:|1782298395
|teamsize|p1|4
|teamsize|p2|4
|start
|switch|p1a: Whimsicott|Whimsicott, L50, F|100/100
|switch|p1b: Staraptor|Staraptor, L50, F|100/100
|switch|p2a: Pyroar|Pyroar, L50, F, shiny|100/100
|switch|p2b: Basculegion|Basculegion, L50, M|100/100
|-ability|p2a: Pyroar|Unnerve
|-ability|p1b: Staraptor|Intimidate|boost
|-unboost|p2a: Pyroar|atk|1
|-unboost|p2b: Basculegion|atk|1
|turn|1
|
|t:|1782298416
|detailschange|p2a: Pyroar|Pyroar-Mega, L50, F, shiny
|-mega|p2a: Pyroar|Pyroar|Pyroarite
|move|p1a: Whimsicott|Tickle|p1b: Staraptor
|-unboost|p1b: Staraptor|atk|1
|-unboost|p1b: Staraptor|def|1
|move|p2b: Basculegion|Flip Turn|p1a: Whimsicott
|-resisted|p1a: Whimsicott|1
|-crit|p1a: Whimsicott
|-damage|p1a: Whimsicott|54/100
|
|t:|1782298423
|switch|p2b: Incineroar|Incineroar, L50, F|100/100|[from] Flip Turn
|-ability|p2b: Incineroar|Intimidate|boost
|-unboost|p1a: Whimsicott|atk|1
|-unboost|p1b: Staraptor|atk|1
|move|p2a: Pyroar|Heat Wave|p1a: Whimsicott|[spread] p1a
|-miss|p2a: Pyroar|p1b: Staraptor
|-supereffective|p1a: Whimsicott|1
|-damage|p1a: Whimsicott|0 fnt
|faint|p1a: Whimsicott
|move|p1b: Staraptor|Close Combat|p2a: Pyroar
|-supereffective|p2a: Pyroar|1
|-damage|p2a: Pyroar|49/100
|-unboost|p1b: Staraptor|def|1
|-unboost|p1b: Staraptor|spd|1
|
|upkeep
|-message|Ffcfggfffvvv forfeited.
|raw|Ffcfggfffvvv's rating: 1000 → 1000(+0 for losing)
|raw|FluppyFan101's rating: 1000 → 1040(+40 for winning)
|
|win|FluppyFan101
|l|☆Ffcfggfffvvv
|player|p1|
