|j|‚òÜspeedjam‚òÜ
|j|‚ÄΩGlaxx
|html|speedjam‚òÜGlaxx    
|uhtml|bestof|Game 3 of a best-of-3
|t:|1782530321
|gametype|doubles
|player|p1|speedjam‚òÜ|benga|1000
|player|p2|Glaxx|red|1083
|gen|9
|tier|[Gen 9 Champions] VGC 2026 Reg M-B (Bo3)
|rated|
|rule|Species Clause: Limit one of each Pok√©mon
|rule|Item Clause: Limit 1 of each item
|clearpoke
|poke|p1|Lucario, L50, F|
|poke|p1|Basculegion, L50, M|
|poke|p1|Mr. Rime, L50, F|
|poke|p1|Sylveon, L50, F|
|poke|p1|Incineroar, L50, F|
|poke|p1|Aerodactyl, L50, F|
|poke|p2|Raichu, L50, M, shiny|
|poke|p2|Feraligatr, L50, M, shiny|
|poke|p2|Ceruledge, L50, M, shiny|
|poke|p2|Eelektross, L50, M, shiny|
|poke|p2|Scizor, L50, M, shiny|
|poke|p2|Espathra, L50, F, shiny|
|teampreview|4
|showteam|p1|Lucario||Lucarionite|InnerFocus|CloseCombat,IcePunch,BulletPunch,Detect|Jolly||F|||50|]Basculegion||ChoiceScarf|Adaptability|LastRespects,WaveCrash,FlipTurn,AquaJet|Adamant||M|||50|]Mr. Rime||NeverMeltIce|ScreenCleaner|FreezeDry,Psychic,NastyPlot,Protect|Modest||F|||50|]Sylveon||FairyFeather|Pixilate|HyperBeam,HyperVoice,QuickAttack,Protect|Quiet||F|||50|]Incineroar||SitrusBerry|Intimidate|FlareBlitz,ThroatChop,PartingShot,FakeOut|Sassy||F|||50|]Aerodactyl||Aerodactylite|Unnerve|RockSlide,DualWingbeat,Tailwind,Protect|Jolly||F|||50|
|showteam|p2|Raichu||RaichuniteX|Static|Agility,RisingVoltage,NastyPlot,GrassKnot|Timid||M|||50|]Feraligatr||LifeOrb|SheerForce|DragonDance,IcePunch,Liquidation,PsychicFangs|Serious||M|||50|]Ceruledge||WhiteHerb|WeakArmor|BitterBlade,BulkUp,CloseCombat,Poltergeist|Adamant||M|||50|]Eelektross||Eelektrossite|Levitate|Coil,DragonClaw,DrainPunch,SupercellSlam|Adamant||M|||50|]Scizor||ExpertBelt|Technician|Defog,KnockOff,BulletPunch,SwordsDance|Adamant||M|||50|]Espathra||TwistedSpoon|SpeedBoost|CalmMind,LuminaCrash,DazzlingGleam,HyperVoice|Timid||F|||50|
|inactive|Battle timer is ON: inactive players will automatically lose when time's up. (requested by speedjam‚òÜ)
|
|t:|1782530352
|teamsize|p1|4
|teamsize|p2|4
|start
|switch|p1a: Incineroar|Incineroar, L50, F|100/100
|switch|p1b: Aerodactyl|Aerodactyl, L50, F|100/100
|switch|p2a: Raichu|Raichu, L50, M, shiny|100/100
|switch|p2b: Scizor|Scizor, L50, M, shiny|100/100
|-ability|p1b: Aerodactyl|Unnerve
|-ability|p1a: Incineroar|Intimidate|boost
|-unboost|p2a: Raichu|atk|1
|-unboost|p2b: Scizor|atk|1
|turn|1
|
|t:|1782530363
|detailschange|p1b: Aerodactyl|Aerodactyl-Mega, L50, F
|-mega|p1b: Aerodactyl|Aerodactyl|Aerodactylite
|detailschange|p2a: Raichu|Raichu-Mega-X, L50, M, shiny
|-mega|p2a: Raichu|Raichu|Raichunite X
|-fieldstart|move: Electric Terrain|[from] ability: Electric Surge|[of] p2a: Raichu
|move|p1a: Incineroar|Fake Out|p2b: Scizor
|-resisted|p2b: Scizor|1
|-damage|p2b: Scizor|94/100
|move|p1b: Aerodactyl|Rock Slide|p2b: Scizor|[spread] p2a,p2b
|-crit|p2a: Raichu
|-damage|p2a: Raichu|40/100
|-damage|p2b: Scizor|66/100
|cant|p2a: Raichu|flinch
|cant|p2b: Scizor|flinch
|
|upkeep
|turn|2
|inactive|speedjam‚òÜ has 30 seconds left.
|inactive|speedjam‚òÜ has 20 seconds left.
|
|t:|1782530399
|move|p1b: Aerodactyl|Rock Slide|p2a: Raichu|[spread] p2a,p2b
|-damage|p2a: Raichu|1/100
|-damage|p2b: Scizor|38/100
|move|p2a: Raichu|Agility|p2a: Raichu
|-boost|p2a: Raichu|spe|2
|move|p2b: Scizor|Swords Dance|p2b: Scizor
|-boost|p2b: Scizor|atk|2
|move|p1a: Incineroar|Flare Blitz|p2b: Scizor
|-supereffective|p2b: Scizor|2
|-damage|p2b: Scizor|0 fnt
|faint|p2b: Scizor
|-damage|p1a: Incineroar|88/100|[from] Recoil
|
|upkeep
|
|t:|1782530405
|switch|p2b: Ceruledge|Ceruledge, L50, M, shiny|100/100
|turn|3
|
|t:|1782530416
|move|p2a: Raichu|Rising Voltage|p1b: Aerodactyl
|-supereffective|p1b: Aerodactyl|1
|-damage|p1b: Aerodactyl|4/100
|move|p1b: Aerodactyl|Rock Slide|p2b: Ceruledge|[spread] p2a,p2b
|-supereffective|p2b: Ceruledge|1
|-damage|p2a: Raichu|0 fnt
|-damage|p2b: Ceruledge|38/100
|-ability|p2b: Ceruledge|Weak Armor|boost
|-unboost|p2b: Ceruledge|def|1
|-boost|p2b: Ceruledge|spe|2
|faint|p2a: Raichu
|-enditem|p2b: Ceruledge|White Herb
|-clearnegativeboost|p2b: Ceruledge|[silent]
|move|p2b: Ceruledge|Bulk Up|p2b: Ceruledge
|-boost|p2b: Ceruledge|atk|1
|-boost|p2b: Ceruledge|def|1
|move|p1a: Incineroar|Throat Chop|p2b: Ceruledge
|-supereffective|p2b: Ceruledge|1
|-damage|p2b: Ceruledge|0 fnt
|faint|p2b: Ceruledge
|
|upkeep
|
|t:|1782530422
|switch|p2a: Espathra|Espathra, L50, F, shiny|100/100
|turn|4
|
|t:|1782530442
|move|p1b: Aerodactyl|Rock Slide|p2a: Espathra
|-damage|p2a: Espathra|53/100
|move|p2a: Espathra|Calm Mind|p2a: Espathra
|-boost|p2a: Espathra|spa|1
|-boost|p2a: Espathra|spd|1
|move|p1a: Incineroar|Throat Chop|p2a: Espathra
|-supereffective|p2a: Espathra|1
|-damage|p2a: Espathra|0 fnt
|faint|p2a: Espathra
|
|win|speedjam‚òÜ
|raw|speedjam‚òÜ's rating: 1000 → 1049(+49 for winning)
|raw|Glaxx's rating: 1083 → 1055(-28 for losing)
|l|‚ÄΩGlaxx
|player|p2|
