|j|☆depresionvgc
|j|☆Huasometa
|html|depresionvgcHuasometa    
|uhtml|bestof|Game 2 of a best-of-3
|t:|1783745810
|gametype|doubles
|player|p1|depresionvgc|unknown|
|player|p2|Huasometa|elesa|
|gen|9
|tier|[Gen 9 Champions] VGC 2026 Reg M-B (Bo3)
|rule|Species Clause: Limit one of each Pokémon
|rule|Item Clause: Limit 1 of each item
|clearpoke
|poke|p1|Charizard, L50, M|
|poke|p1|Incineroar, L50, M|
|poke|p1|Aerodactyl, L50, M|
|poke|p1|Sylveon, L50, F|
|poke|p1|Farigiraf, L50, F|
|poke|p1|Garchomp, L50, M|
|poke|p2|Chandelure, L50, F|
|poke|p2|Kangaskhan, L50, F|
|poke|p2|Sylveon, L50, M|
|poke|p2|Kingambit, L50, M|
|poke|p2|Rotom-Wash, L50|
|poke|p2|Venusaur, L50, F|
|teampreview|4
|showteam|p1|Charizard||CharizarditeY|Blaze|WeatherBall,HeatWave,SolarBeam,Protect|Timid||M|||50|]Incineroar||Charcoal|Intimidate|FlareBlitz,DarkestLariat,PartingShot,FakeOut|Adamant||M|||50|]Aerodactyl||FocusSash|Unnerve|RockSlide,Tailwind,WideGuard,Protect|Jolly||M|||50|]Sylveon||FairyFeather|Pixilate|HyperVoice,QuickAttack,Yawn,Detect|Modest||F|||50|]Farigiraf||SitrusBerry|ArmorTail|Psychic,HelpingHand,TrickRoom,Protect|Sassy||F|||50|]Garchomp||LifeOrb|RoughSkin|DragonClaw,Earthquake,StompingTantrum,Protect|Jolly||M|||50|
|showteam|p2|Chandelure||FocusSash|FlashFire|HeatWave,ShadowBall,TrickRoom,Taunt|Quiet||F|||50|]Kangaskhan||Kangaskhanite|InnerFocus|FakeOut,DoubleEdge,SuckerPunch,HammerArm|Brave||F|||50|]Sylveon||FairyFeather|Pixilate|HyperVoice,Protect,HyperBeam,QuickAttack|Quiet||M|||50|]Kingambit||BlackGlasses|Defiant|KowtowCleave,SuckerPunch,IronHead,Protect|Brave||M|||50|]Rotom-Wash||SitrusBerry|Levitate|ThunderWave,VoltSwitch,HydroPump,Protect|Calm|||||50|]Venusaur||Venusaurite|Chlorophyll|EarthPower,SleepPowder,GigaDrain,Protect|Modest||F|||50|
|c|☆depresionvgc|misma lead?
|c|☆Huasometa|ahora con chari farigiraf
|
|t:|1783745861
|teamsize|p1|4
|teamsize|p2|4
|start
|switch|p1a: Farigiraf|Farigiraf, L50, F|100/100
|switch|p1b: Charizard|Charizard, L50, M|100/100
|switch|p2a: Chandelure|Chandelure, L50, F|100/100
|switch|p2b: Kangaskhan|Kangaskhan, L50, F|100/100
|turn|1
|
|t:|1783745888
|detailschange|p2b: Kangaskhan|Kangaskhan-Mega, L50, F
|-mega|p2b: Kangaskhan|Kangaskhan|Kangaskhanite
|move|p1b: Charizard|Protect|p1b: Charizard
|-singleturn|p1b: Charizard|Protect
|move|p1a: Farigiraf|Protect|p1a: Farigiraf
|-singleturn|p1a: Farigiraf|Protect
|move|p2b: Kangaskhan|Double-Edge|p1b: Charizard
|-activate|p1b: Charizard|move: Protect
|move|p2a: Chandelure|Trick Room|p2a: Chandelure
|-fieldstart|move: Trick Room|[of] p2a: Chandelure
|
|upkeep
|turn|2
|
|t:|1783745917
|switch|p1b: Incineroar|Incineroar, L50, M|100/100
|-ability|p1b: Incineroar|Intimidate|boost
|-unboost|p2a: Chandelure|atk|1
|-unboost|p2b: Kangaskhan|atk|1
|move|p1a: Farigiraf|Psychic|p2a: Chandelure
|-damage|p2a: Chandelure|62/100
|move|p2a: Chandelure|Taunt|p1a: Farigiraf
|-start|p1a: Farigiraf|move: Taunt
|move|p2b: Kangaskhan|Double-Edge|p1b: Incineroar
|-damage|p1b: Incineroar|56/100
|-damage|p1b: Incineroar|48/100
|-hitcount|p1b: Incineroar|2
|-damage|p2b: Kangaskhan|83/100|[from] Recoil
|
|upkeep
|turn|3
|
|t:|1783745998
|switch|p1a: Charizard|Charizard, L50, M|100/100
|switch|p2b: Rotom|Rotom-Wash, L50|100/100
|move|p1b: Incineroar|Darkest Lariat|p2a: Chandelure
|-supereffective|p2a: Chandelure|1
|-damage|p2a: Chandelure|0 fnt
|faint|p2a: Chandelure
|
|upkeep
|
|t:|1783746008
|switch|p2a: Kangaskhan|Kangaskhan-Mega, L50, F|83/100
|turn|4
|
|t:|1783746034
|switch|p1b: Farigiraf|Farigiraf, L50, F|100/100
|detailschange|p1a: Charizard|Charizard-Mega-Y, L50, M
|-mega|p1a: Charizard|Charizard|Charizardite Y
|-weather|SunnyDay|[from] ability: Drought|[of] p1a: Charizard
|move|p1a: Charizard|Protect|p1a: Charizard
|-singleturn|p1a: Charizard|Protect
|move|p2b: Rotom|Volt Switch|p1a: Charizard
|-activate|p1a: Charizard|move: Protect
|move|p2a: Kangaskhan|Double-Edge|p1a: Charizard
|-activate|p1a: Charizard|move: Protect
|
|-weather|SunnyDay|[upkeep]
|upkeep
|turn|5
|
|t:|1783746061
|switch|p1b: Incineroar|Incineroar, L50, M|48/100
|-ability|p1b: Incineroar|Intimidate|boost
|-unboost|p2a: Kangaskhan|atk|1
|-unboost|p2b: Rotom|atk|1
|switch|p1a: Garchomp|Garchomp, L50, M|100/100
|move|p2b: Rotom|Volt Switch|p1a: Garchomp
|-immune|p1a: Garchomp
|move|p2a: Kangaskhan|Double-Edge|p1a: Garchomp
|-damage|p1a: Garchomp|57/100
|-damage|p2a: Kangaskhan|71/100|[from] ability: Rough Skin|[of] p1a: Garchomp
|-damage|p1a: Garchomp|47/100
|-damage|p2a: Kangaskhan|58/100|[from] ability: Rough Skin|[of] p1a: Garchomp
|-hitcount|p1a: Garchomp|2
|-damage|p2a: Kangaskhan|43/100|[from] Recoil
|
|-weather|SunnyDay|[upkeep]
|-fieldend|move: Trick Room
|upkeep
|turn|6
|
|t:|1783746094
|switch|p2a: Kingambit|Kingambit, L50, M|100/100
|move|p1b: Incineroar|Fake Out|p2b: Rotom
|-damage|p2b: Rotom|84/100
|move|p1a: Garchomp|Dragon Claw|p2b: Rotom
|-damage|p2b: Rotom|29/100
|-enditem|p2b: Rotom|Sitrus Berry|[eat]
|-heal|p2b: Rotom|54/100|[from] item: Sitrus Berry
|-damage|p1a: Garchomp|37/100|[from] item: Life Orb
|cant|p2b: Rotom|flinch
|
|-weather|SunnyDay|[upkeep]
|upkeep
|turn|7
|
|t:|1783746118
|switch|p1b: Farigiraf|Farigiraf, L50, F|100/100
|move|p2a: Kingambit|Protect|p2a: Kingambit
|-singleturn|p2a: Kingambit|Protect
|move|p1a: Garchomp|Stomping Tantrum|p2a: Kingambit
|-activate|p2a: Kingambit|move: Protect
|move|p2b: Rotom|Hydro Pump|p1a: Garchomp
|-damage|p1a: Garchomp|16/100
|
|-weather|SunnyDay|[upkeep]
|upkeep
|turn|8
|
|t:|1783746139
|switch|p2a: Kangaskhan|Kangaskhan-Mega, L50, F|43/100
|move|p1b: Farigiraf|Helping Hand|p1a: Garchomp
|-singleturn|p1a: Garchomp|Helping Hand|[of] p1b: Farigiraf
|move|p2b: Rotom|Protect|p2b: Rotom
|-singleturn|p2b: Rotom|Protect
|move|p1a: Garchomp|Stomping Tantrum|p2a: Kangaskhan
|-damage|p2a: Kangaskhan|0 fnt
|faint|p2a: Kangaskhan
|-damage|p1a: Garchomp|7/100|[from] item: Life Orb
|
|-weather|none
|upkeep
|
|t:|1783746149
|switch|p2a: Kingambit|Kingambit, L50, M|100/100
|turn|9
|
|t:|1783746159
|move|p1a: Garchomp|Protect|p1a: Garchomp
|-singleturn|p1a: Garchomp|Protect
|move|p1b: Farigiraf|Protect|p1b: Farigiraf
|-singleturn|p1b: Farigiraf|Protect
|move|p2b: Rotom|Hydro Pump|p1a: Garchomp
|-activate|p1a: Garchomp|move: Protect
|move|p2a: Kingambit|Kowtow Cleave|p1b: Farigiraf
|-activate|p1b: Farigiraf|move: Protect
|
|upkeep
|turn|10
|
|t:|1783746176
|move|p1b: Farigiraf|Helping Hand|p1a: Garchomp
|-singleturn|p1a: Garchomp|Helping Hand|[of] p1b: Farigiraf
|move|p1a: Garchomp|Dragon Claw|p2b: Rotom
|-damage|p2b: Rotom|0 fnt
|faint|p2b: Rotom
|-damage|p1a: Garchomp|0 fnt|[from] item: Life Orb
|faint|p1a: Garchomp
|move|p2a: Kingambit|Kowtow Cleave|p1b: Farigiraf
|-supereffective|p1b: Farigiraf|1
|-damage|p1b: Farigiraf|0 fnt
|faint|p1b: Farigiraf
|
|upkeep
|
|t:|1783746189
|switch|p1a: Charizard|Charizard-Mega-Y, L50, M|100/100
|switch|p1b: Incineroar|Incineroar, L50, M|48/100
|-weather|SunnyDay|[from] ability: Drought|[of] p1a: Charizard
|-ability|p1b: Incineroar|Intimidate|boost
|-unboost|p2a: Kingambit|atk|1
|-ability|p2a: Kingambit|Defiant|boost
|-boost|p2a: Kingambit|atk|2
|turn|11
|
|t:|1783746199
|move|p2a: Kingambit|Protect|p2a: Kingambit
|-singleturn|p2a: Kingambit|Protect
|move|p1b: Incineroar|Fake Out|p2a: Kingambit
|-activate|p2a: Kingambit|move: Protect
|move|p1a: Charizard|Weather Ball|p2a: Kingambit
|-activate|p2a: Kingambit|move: Protect
|
|-weather|SunnyDay|[upkeep]
|upkeep
|turn|12
|
|t:|1783746218
|move|p1a: Charizard|Protect|p1a: Charizard
|-singleturn|p1a: Charizard|Protect
|move|p2a: Kingambit|Sucker Punch|p1b: Incineroar
|-resisted|p1b: Incineroar|1
|-damage|p1b: Incineroar|13/100
|move|p1b: Incineroar|Flare Blitz|p2a: Kingambit
|-supereffective|p2a: Kingambit|1
|-damage|p2a: Kingambit|0 fnt
|faint|p2a: Kingambit
|-damage|p1b: Incineroar|0 fnt|[from] Recoil
|faint|p1b: Incineroar
|
|win|depresionvgc
||Huasometa is ready for game 3.
|inactive|depresionvgc has 30 seconds to confirm battle start!
|c|☆Huasometa|ahora
|c|☆Huasometa|demosle con tu corte
|inactive|depresionvgc has 20 seconds to confirm battle start!
||depresionvgc is ready for game 3.
|uhtml|next|Next: Game 3 of 3
|l|☆Huasometa
|player|p2|
|j|☆Huasometa
|player|p2|Huasometa|elesa|
|l|☆Huasometa
|player|p2|
