|j|☆NEOLODO
|j|☆SirNeru
|html|NEOLODOSirNeru    
|uhtml|bestof|Game 1 of a best-of-3
|t:|1756821988
|gametype|doubles
|player|p1|NEOLODO|169|1127
|player|p2|SirNeru|101|1195
|gen|9
|tier|[Gen 9] VGC 2025 Reg H (Bo3)
|rated|
|rule|Species Clause: Limit one of each Pokémon
|rule|Item Clause: Limit 1 of each item
|clearpoke
|poke|p1|Lilligant-Hisui, L50, F|
|poke|p1|Hatterene, L50, F|
|poke|p1|Ursaluna, L50, M|
|poke|p1|Indeedee-F, L50, F|
|poke|p1|Torkoal, L50, F|
|poke|p1|Gallade, L50, M|
|poke|p2|Gholdengo, L50|
|poke|p2|Primarina, L50, M|
|poke|p2|Tyranitar, L50, F|
|poke|p2|Electabuzz, L50, F|
|poke|p2|Excadrill, L50, M|
|poke|p2|Dragonite, L50, M|
|teampreview|4
|showteam|p1|Lilligant-Hisui||FocusSash|Chlorophyll|SolarBlade,AfterYou,CloseCombat,SleepPowder|||F|||50|,,,,,Ghost]Hatterene||CovertCloak|MagicBounce|DazzlingGleam,ExpandingForce,TrickRoom,MysticalFire|||F|||50|,,,,,Fire]Ursaluna||FlameOrb|Guts|Facade,HeadlongRush,Earthquake,Protect|||M|||50|,,,,,Ghost]Indeedee-F||PsychicSeed|PsychicSurge|Psychic,TrickRoom,HelpingHand,FollowMe|||F|||50|,,,,,Dragon]Torkoal||FlamePlate|Drought|Eruption,WeatherBall,HeatWave,Protect|||F|||50|,,,,,Fire]Gallade||ClearAmulet|Sharpness|PsychoCut,SacredSword,TrickRoom,WideGuard|||M|||50|,,,,,Grass
|showteam|p2|Gholdengo||LifeOrb|GoodasGold|MakeItRain,NastyPlot,Protect,ShadowBall||||||50|,,,,,Dragon]Primarina||ThroatSpray|LiquidVoice|Moonblast,HyperVoice,Protect,IceBeam|||M|||50|,,,,,Poison]Tyranitar||AssaultVest|SandStream|RockSlide,IcyWind,KnockOff,TeraBlast|||F|||50|,,,,,Flying]Electabuzz||Eviolite|VitalSpirit|FollowMe,Electroweb,Taunt,Protect|||F|||50|,,,,,Ghost]Excadrill||FocusSash|SandRush|Earthquake,SwordsDance,RockSlide,Protect|||M|||50|,,,,,Stellar]Dragonite||LoadedDice|Multiscale|ScaleShot,Tailwind,Haze,Protect|||M|||50|,,,,,Fairy
|inactive|Battle timer is ON: inactive players will automatically lose when time's up. (requested by NEOLODO)
|
|t:|1756822016
|teamsize|p1|4
|teamsize|p2|4
|start
|switch|p1a: Hatterene|Hatterene, L50, F|100/100
|switch|p1b: Gallade|Gallade, L50, M|100/100
|switch|p2a: Gholdengo|Gholdengo, L50|100/100
|switch|p2b: Electabuzz|Electabuzz, L50, F, shiny|100/100
|turn|1
|
|t:|1756822028
|move|p1b: Gallade|Wide Guard|p1b: Gallade
|-singleturn|p1b: Gallade|Wide Guard
|move|p2b: Electabuzz|Taunt|p1b: Gallade
|-start|p1b: Gallade|move: Taunt
|move|p2a: Gholdengo|Nasty Plot|p2a: Gholdengo
|-boost|p2a: Gholdengo|spa|2
|move|p1a: Hatterene|Trick Room|p1a: Hatterene
|-fieldstart|move: Trick Room|[of] p1a: Hatterene
|
|upkeep
|turn|2
|inactive|NEOLODO has 30 seconds left.
|
|t:|1756822055
|-terastallize|p1a: Hatterene|Fire
|move|p2b: Electabuzz|Follow Me|p2b: Electabuzz
|-singleturn|p2b: Electabuzz|move: Follow Me
|move|p1a: Hatterene|Mystical Fire|p2b: Electabuzz
|-damage|p2b: Electabuzz|60/100
|-unboost|p2b: Electabuzz|spa|1
|move|p1b: Gallade|Sacred Sword|p2b: Electabuzz
|-damage|p2b: Electabuzz|0 fnt
|faint|p2b: Electabuzz
|move|p2a: Gholdengo|Make It Rain|p1a: Hatterene|[spread] p1a,p1b
|-resisted|p1a: Hatterene
|-damage|p1a: Hatterene|40/100
|-damage|p1b: Gallade|0 fnt
|-unboost|p2a: Gholdengo|spa|1
|faint|p1b: Gallade
|-damage|p2a: Gholdengo|91/100|[from] item: Life Orb
|
|upkeep
|
|t:|1756822072
|switch|p1b: Torkoal|Torkoal, L50, F|100/100
|switch|p2b: Primarina|Primarina, L50, M, shiny|100/100
|-weather|SunnyDay|[from] ability: Drought|[of] p1b: Torkoal
|turn|3
|
|t:|1756822082
|switch|p2a: Tyranitar|Tyranitar, L50, F, shiny|100/100
|-weather|Sandstorm|[from] ability: Sand Stream|[of] p2a: Tyranitar
|move|p1b: Torkoal|Eruption|p2b: Primarina|[spread] p2a,p2b
|-resisted|p2a: Tyranitar
|-resisted|p2b: Primarina
|-damage|p2a: Tyranitar|90/100
|-damage|p2b: Primarina|72/100
|move|p1a: Hatterene|Dazzling Gleam|p2a: Tyranitar|[spread] p2a,p2b
|-supereffective|p2a: Tyranitar
|-crit|p2a: Tyranitar
|-damage|p2a: Tyranitar|46/100
|-damage|p2b: Primarina|36/100
|move|p2b: Primarina|Hyper Voice|p1b: Torkoal|[spread] p1a,p1b
|-supereffective|p1a: Hatterene
|-supereffective|p1b: Torkoal
|-damage|p1a: Hatterene|0 fnt
|-damage|p1b: Torkoal|2/100
|faint|p1a: Hatterene
|-enditem|p2b: Primarina|Throat Spray
|-boost|p2b: Primarina|spa|1|[from] item: Throat Spray
|
|-weather|Sandstorm|[upkeep]
|-damage|p1b: Torkoal|0 fnt|[from] Sandstorm
|-damage|p2b: Primarina|30/100|[from] Sandstorm
|faint|p1b: Torkoal
|upkeep
|-message|NEOLODO forfeited.
|
|win|SirNeru
|l|☆NEOLODO
|player|p1|
||SirNeru is ready for game 2.
||NEOLODO is ready for game 2.
|uhtml|next|Next: Game 2 of 3
|l|☆SirNeru
|player|p2|
|j|☆SirNeru
|player|p2|SirNeru|101|
