|j|☆policho98
|j|☆acubsmmm
|html|policho98acubsmmm    
|uhtml|bestof|Game 1 of a best-of-3
|t:|1757672588
|gametype|doubles
|player|p1|policho98|pokemonranger|1074
|player|p2|acubsmmm|2|1016
|gen|9
|tier|[Gen 9] VGC 2025 Reg H (Bo3)
|rated|
|rule|Species Clause: Limit one of each Pokémon
|rule|Item Clause: Limit 1 of each item
|clearpoke
|poke|p1|Gengar, L50, F|
|poke|p1|Sylveon, L50, F|
|poke|p1|Garchomp, L50, F|
|poke|p1|Kingambit, L50, M|
|poke|p1|Torkoal, L50, M|
|poke|p1|Whimsicott, L50, F|
|poke|p2|Ursaluna-Bloodmoon, L50, M|
|poke|p2|Indeedee-F, L50, F|
|poke|p2|Whimsicott, L50, F|
|poke|p2|Incineroar, L50, M|
|poke|p2|Basculegion, L50, M|
|poke|p2|Armarouge, L50, M|
|teampreview|4
|showteam|p1|Gengar||FocusSash|CursedBody|SludgeBomb,ShadowBall,Haze,Protect|||F|||50|,,,,,Stellar]Sylveon||ExpertBelt|Pixilate|HyperBeam,HyperVoice,Moonblast,Protect|||F|||50|,,,,,Steel]Garchomp||LifeOrb|RoughSkin|StompingTantrum,DragonClaw,SwordsDance,Protect|||F|||50|,,,,,Fire]Kingambit||AssaultVest|Defiant|SuckerPunch,KowtowCleave,IronHead,LowKick|||M|||50|,,,,,Fire]Torkoal||Charcoal|Drought|Eruption,HeatWave,EarthPower,SolarBeam|||M|||50|,,,,,Grass]Whimsicott||CovertCloak|Prankster|SunnyDay,Moonblast,Tailwind,Encore|||F|||50|,,,,,Water
|showteam|p2|Ursaluna-Bloodmoon||Leftovers|MindsEye|VacuumWave,EarthPower,BloodMoon,Protect|||M|||50|,,,,,Normal]Indeedee-F||MentalHerb|PsychicSurge|Protect,FollowMe,TrickRoom,DazzlingGleam|||F|||50|,,,,,Water]Whimsicott||FocusSash|Prankster|Protect,Taunt,Tailwind,Moonblast|||F|||50|,,,,,Ghost]Incineroar||SitrusBerry|Intimidate|Protect,KnockOff,FakeOut,PartingShot|||M|||50|,,,,,Ghost]Basculegion||LifeOrb|Adaptability|WaveCrash,LastRespects,AquaJet,Protect|||M|||50|,,,,,Water]Armarouge||AssaultVest|FlashFire|ExpandingForce,ShadowBall,FlashCannon,ArmorCannon|||M|||50|,,,,,Grass
|inactive|Battle timer is ON: inactive players will automatically lose when time's up. (requested by acubsmmm)
|inactive|policho98 has 60 seconds left.
|inactive|acubsmmm has 60 seconds left.
|
|t:|1757672629
|teamsize|p1|4
|teamsize|p2|4
|start
|switch|p1a: Sylveon|Sylveon, L50, F|100/100
|switch|p1b: Garchomp|Garchomp, L50, F|100/100
|switch|p2a: Indeedee|Indeedee-F, L50, F|100/100
|switch|p2b: Armarouge|Armarouge, L50, M|100/100
|-fieldstart|move: Psychic Terrain|[from] ability: Psychic Surge|[of] p2a: Indeedee
|turn|1
|inactive|acubsmmm has 30 seconds left.
|inactive|acubsmmm has 20 seconds left.
|
|t:|1757672668
|move|p1b: Garchomp|Stomping Tantrum|p2b: Armarouge
|-supereffective|p2b: Armarouge
|-damage|p2b: Armarouge|1/100
|-damage|p1b: Garchomp|91/100|[from] item: Life Orb
|move|p2b: Armarouge|Expanding Force|p1b: Garchomp|[spread] p1a,p1b
|-damage|p1a: Sylveon|49/100
|-damage|p1b: Garchomp|16/100
|move|p1a: Sylveon|Hyper Voice|p2b: Armarouge|[spread] p2a,p2b
|-resisted|p2b: Armarouge
|-damage|p2a: Indeedee|69/100
|-damage|p2b: Armarouge|0 fnt
|faint|p2b: Armarouge
|move|p2a: Indeedee|Trick Room|p2a: Indeedee
|-fieldstart|move: Trick Room|[of] p2a: Indeedee
|
|upkeep
|
|t:|1757672688
|switch|p2b: Whimsicott|Whimsicott, L50, F|100/100
|turn|2
|
|t:|1757672698
|move|p2b: Whimsicott|Protect|p2b: Whimsicott
|-singleturn|p2b: Whimsicott|Protect
|move|p1a: Sylveon|Hyper Voice|p2a: Indeedee|[spread] p2a
|-activate|p2b: Whimsicott|move: Protect
|-damage|p2a: Indeedee|38/100
|move|p2a: Indeedee|Dazzling Gleam|p1a: Sylveon|[spread] p1a,p1b
|-supereffective|p1b: Garchomp
|-damage|p1a: Sylveon|38/100
|-damage|p1b: Garchomp|0 fnt
|faint|p1b: Garchomp
|
|upkeep
|
|t:|1757672707
|switch|p1b: Torkoal|Torkoal, L50, M|100/100
|-weather|SunnyDay|[from] ability: Drought|[of] p1b: Torkoal
|turn|3
|inactive|acubsmmm has 30 seconds left.
|
|t:|1757672734
|switch|p2a: Basculegion|Basculegion, L50, M|100/100
|move|p1b: Torkoal|Eruption|p2a: Basculegion|[spread] p2a,p2b
|-resisted|p2a: Basculegion
|-supereffective|p2b: Whimsicott
|-damage|p2a: Basculegion|51/100
|-enditem|p2b: Whimsicott|Focus Sash
|-damage|p2b: Whimsicott|1/100
|move|p1a: Sylveon|Hyper Voice|p2b: Whimsicott|[spread] p2a,p2b
|-damage|p2a: Basculegion|2/100
|-damage|p2b: Whimsicott|0 fnt
|faint|p2b: Whimsicott
|
|-weather|SunnyDay|[upkeep]
|upkeep
|-message|acubsmmm forfeited.
|
|win|policho98
|l|☆acubsmmm
|player|p2|
||policho98 is ready for game 2.
|raw|policho98's rating: 1074 → 1098(+24 for winning)
|raw|acubsmmm's rating: 1016 → 1006(-10 for losing)
|l|☆policho98
|player|p1|
