|j|☆hexagonfoot
|j|☆Marcored87
|html|hexagonfootMarcored87    
|uhtml|bestof|Game 3 of a best-of-3
|t:|1756408902
|gametype|doubles
|player|p1|hexagonfoot|caitlin|1175
|player|p2|Marcored87|170|1100
|gen|9
|tier|[Gen 9] VGC 2025 Reg H (Bo3)
|rated|
|rule|Species Clause: Limit one of each Pokémon
|rule|Item Clause: Limit 1 of each item
|clearpoke
|poke|p1|Kingambit, L50, F|
|poke|p1|Primarina, L50, M|
|poke|p1|Sneasler, L50, M|
|poke|p1|Magmar, L50, M|
|poke|p1|Rillaboom, L50, M|
|poke|p1|Dragapult, L50, F|
|poke|p2|Magmar, L50, M|
|poke|p2|Kingambit, L50, M|
|poke|p2|Primarina, L50, F|
|poke|p2|Rillaboom, L50, M|
|poke|p2|Sneasler, L50, M|
|poke|p2|Dragapult, L50, F|
|teampreview|4
|showteam|p1|Kingambit||BlackGlasses|Defiant|KowtowCleave,SuckerPunch,SwordsDance,Protect|||F|||50|,,,,,Ghost]Primarina||SitrusBerry|LiquidVoice|HyperVoice,Moonblast,Haze,Protect|||M|||50|,,,,,Water]Sneasler||FocusSash|PoisonTouch|CloseCombat,DireClaw,FakeOut,Protect|||M|||50|,,,,,Stellar]Magmar||Eviolite|VitalSpirit|Overheat,WillOWisp,FollowMe,Protect|||M|||50|,,,,,Ghost]Rillaboom||AssaultVest|GrassySurge|WoodHammer,GrassyGlide,HighHorsepower,FakeOut|||M|||50|,,,,,Fire]Dragapult||ChoiceBand|ClearBody|DragonDarts,PhantomForce,TeraBlast,Uturn|||F|||50|,,,,,Ghost
|showteam|p2|Magmar||Eviolite|VitalSpirit|HeatWave,WillOWisp,FollowMe,ClearSmog|||M|||50|,,,,,Ghost]Kingambit||BlackGlasses|Defiant|SuckerPunch,KowtowCleave,SwordsDance,Protect|||M|||50|,,,,,Dark]Primarina||LifeOrb|LiquidVoice|Protect,Haze,Moonblast,HyperVoice|||F|||50|,,,,,Poison]Rillaboom||AssaultVest|GrassySurge|FakeOut,WoodHammer,HighHorsepower,GrassyGlide|||M|||50|,,,,,Fire]Sneasler||FocusSash|Unburden|CloseCombat,DireClaw,FakeOut,Protect|||M|||50|,,,,,Stellar]Dragapult||ChoiceBand|ClearBody|DragonDarts,Outrage,PhantomForce,Uturn|||F|||50|,,,,,Dragon
|inactive|Battle timer is ON: inactive players will automatically lose when time's up. (requested by Marcored87)
|
|t:|1756408925
|teamsize|p1|4
|teamsize|p2|4
|start
|switch|p1a: Rillaboom|Rillaboom, L50, M|100/100
|switch|p1b: Dragapult|Dragapult, L50, F|100/100
|switch|p2a: Dragapult|Dragapult, L50, F, shiny|100/100
|switch|p2b: Kingambit|Kingambit, L50, M|100/100
|-fieldstart|move: Grassy Terrain|[from] ability: Grassy Surge|[of] p1a: Rillaboom
|turn|1
|
|t:|1756408949
|-terastallize|p2a: Dragapult|Dragon
|move|p2b: Kingambit|Protect|p2b: Kingambit
|-singleturn|p2b: Kingambit|Protect
|move|p1a: Rillaboom|Fake Out|p2b: Kingambit
|-activate|p2b: Kingambit|move: Protect
|move|p1b: Dragapult|Dragon Darts|p2a: Dragapult
|-supereffective|p2a: Dragapult
|-damage|p2a: Dragapult|0 fnt
|faint|p2a: Dragapult
|
|upkeep
|
|t:|1756408961
|switch|p2a: Primarina|Primarina, L50, F|100/100
|turn|2
|
|t:|1756408967
|switch|p1b: Magmar|Magmar, L50, M|100/100
|move|p1a: Rillaboom|Wood Hammer|p2a: Primarina
|-supereffective|p2a: Primarina
|-damage|p2a: Primarina|0 fnt
|faint|p2a: Primarina
|-damage|p1a: Rillaboom|70/100|[from] Recoil
|move|p2b: Kingambit|Swords Dance|p2b: Kingambit
|-boost|p2b: Kingambit|atk|2
|
|-heal|p1a: Rillaboom|76/100|[from] Grassy Terrain
|upkeep
|
|t:|1756408976
|switch|p2a: Sneasler|Sneasler, L50, M|100/100
|turn|3
|
|t:|1756408986
|switch|p1a: Sneasler|Sneasler, L50, M|100/100
|move|p2a: Sneasler|Fake Out|p1a: Sneasler
|-damage|p1a: Sneasler|71/100
|move|p1b: Magmar|Will-O-Wisp|p2b: Kingambit
|-status|p2b: Kingambit|brn
|move|p2b: Kingambit|Kowtow Cleave|p1b: Magmar
|-damage|p1b: Magmar|49/100
|
|-heal|p1a: Sneasler|77/100|[from] Grassy Terrain
|-heal|p1b: Magmar|55/100|[from] Grassy Terrain
|-damage|p2b: Kingambit|95/100 brn|[from] brn
|upkeep
|turn|4
|
|t:|1756409000
|-terastallize|p1b: Magmar|Ghost
|move|p1b: Magmar|Follow Me|p1b: Magmar
|-singleturn|p1b: Magmar|move: Follow Me
|move|p1a: Sneasler|Close Combat|p2b: Kingambit
|-supereffective|p2b: Kingambit
|-damage|p2b: Kingambit|0 fnt
|-unboost|p1a: Sneasler|def|1
|-unboost|p1a: Sneasler|spd|1
|faint|p2b: Kingambit
|move|p2a: Sneasler|Dire Claw|p1b: Magmar
|-resisted|p1b: Magmar
|-damage|p1b: Magmar|36/100
|-status|p1b: Magmar|par
|
|-heal|p1a: Sneasler|83/100|[from] Grassy Terrain
|-heal|p1b: Magmar|42/100 par|[from] Grassy Terrain
|upkeep
|turn|5
|-message|Marcored87 forfeited.
|
|win|hexagonfoot
|raw|hexagonfoot's rating: 1175 → 1195(+20 for winning)
|raw|Marcored87's rating: 1100 → 1080(-20 for losing)
|l|☆Marcored87
|player|p2|
