|j|☆elfokaz
|j|☆owbd
|html|elfokazowbd    
|uhtml|bestof|Game 2 of a best-of-3
|t:|1756630326
|gametype|doubles
|player|p1|elfokaz|1|1088
|player|p2|owbd|cynthia-gen4|1160
|gen|9
|tier|[Gen 9] VGC 2025 Reg H (Bo3)
|rated|
|rule|Species Clause: Limit one of each Pokémon
|rule|Item Clause: Limit 1 of each item
|clearpoke
|poke|p1|Sneasler, L50, F|
|poke|p1|Rillaboom, L50, M|
|poke|p1|Flamigo, L50, M|
|poke|p1|Archaludon, L50, M|
|poke|p1|Murkrow, L50, M|
|poke|p1|Spiritomb, L50, F|
|poke|p2|Gholdengo, L50|
|poke|p2|Incineroar, L50, M|
|poke|p2|Ursaluna-Bloodmoon, L50, M|
|poke|p2|Indeedee, L50, M|
|poke|p2|Sneasler, L50, M|
|poke|p2|Murkrow, L50, F|
|teampreview|4
|showteam|p1|Sneasler||GrassySeed|Unburden|CloseCombat,DireClaw,Acrobatics,Protect|||F|||50|,,,,,Flying]Rillaboom||LoadedDice|GrassySurge|FakeOut,GrassyGlide,BulletSeed,HighHorsepower|||M|||50|,,,,,Poison]Flamigo||CovertCloak|Scrappy|CloseCombat,Feint,WideGuard,Detect|||M|||50|,,,,,Ghost]Archaludon||AssaultVest|Stamina|DragonPulse,FlashCannon,ElectroShot,BodyPress|||M|||50|,,,,,Grass]Murkrow||Eviolite|Prankster|RainDance,Tailwind,Haze,BraveBird|||M|||50|,,,,,Ghost]Spiritomb||BlackGlasses|Pressure|Snarl,DarkPulse,TrickRoom,Imprison|||F|||50|,,,,,Dark
|showteam|p2|Gholdengo||ChoiceSpecs|GoodasGold|MakeItRain,ShadowBall,Thunderbolt,Trick||||||50|,,,,,Steel]Incineroar||SafetyGoggles|Intimidate|FlareBlitz,PartingShot,FakeOut,KnockOff|||M|||50|,,,,,Ghost]Ursaluna-Bloodmoon||AssaultVest|MindsEye|BloodMoon,EarthPower,HyperVoice,Moonblast|||M|||50|,,,,,Normal]Indeedee||FocusSash|PsychicSurge|ExpandingForce,Protect,TrickRoom,Imprison|||M|||50|,,,,,Psychic]Sneasler||PsychicSeed|Unburden|CloseCombat,DireClaw,FakeOut,ThroatChop|||M|||50|,,,,,Stellar]Murkrow||CovertCloak|Prankster|FoulPlay,Haze,SunnyDay,Tailwind|||F|||50|,,,,,Dark
|
|t:|1756630361
|teamsize|p1|4
|teamsize|p2|4
|start
|switch|p1a: Sneasler|Sneasler, L50, F|100/100
|switch|p1b: Rillaboom|Rillaboom, L50, M|100/100
|switch|p2a: Sneasler|Sneasler, L50, M|100/100
|switch|p2b: Ursaluna|Ursaluna-Bloodmoon, L50, M|100/100
|-fieldstart|move: Grassy Terrain|[from] ability: Grassy Surge|[of] p1b: Rillaboom
|-enditem|p1a: Sneasler|Grassy Seed
|-boost|p1a: Sneasler|def|1|[from] item: Grassy Seed
|turn|1
|
|t:|1756630379
|move|p2a: Sneasler|Fake Out|p1a: Sneasler
|-damage|p1a: Sneasler|84/100
|move|p1b: Rillaboom|Fake Out|p2a: Sneasler
|-damage|p2a: Sneasler|79/100
|cant|p1a: Sneasler|flinch
|move|p2b: Ursaluna|Hyper Voice|p1a: Sneasler|[spread] p1a,p1b
|-damage|p1a: Sneasler|31/100
|-damage|p1b: Rillaboom|58/100
|
|-heal|p1a: Sneasler|37/100|[from] Grassy Terrain
|-heal|p2a: Sneasler|85/100|[from] Grassy Terrain
|-heal|p1b: Rillaboom|64/100|[from] Grassy Terrain
|upkeep
|turn|2
|
|t:|1756630396
|move|p1a: Sneasler|Acrobatics|p2a: Sneasler
|-supereffective|p2a: Sneasler
|-damage|p2a: Sneasler|0 fnt
|faint|p2a: Sneasler
|move|p2b: Ursaluna|Hyper Voice|p1b: Rillaboom|[spread] p1a,p1b
|-damage|p1a: Sneasler|0 fnt
|-damage|p1b: Rillaboom|23/100
|faint|p1a: Sneasler
|move|p1b: Rillaboom|Bullet Seed|p2b: Ursaluna
|-supereffective|p2b: Ursaluna
|-damage|p2b: Ursaluna|72/100
|-supereffective|p2b: Ursaluna
|-damage|p2b: Ursaluna|40/100
|-supereffective|p2b: Ursaluna
|-damage|p2b: Ursaluna|7/100
|-supereffective|p2b: Ursaluna
|-damage|p2b: Ursaluna|0 fnt
|faint|p2b: Ursaluna
|-hitcount|p2: Ursaluna|4
|
|-heal|p1b: Rillaboom|29/100|[from] Grassy Terrain
|upkeep
|
|t:|1756630413
|switch|p1a: Murkrow|Murkrow, L50, M|100/100
|switch|p2a: Indeedee|Indeedee, L50, M|100/100
|switch|p2b: Gholdengo|Gholdengo, L50|100/100
|-fieldstart|move: Psychic Terrain|[from] ability: Psychic Surge|[of] p2a: Indeedee
|turn|3
|
|t:|1756630446
|move|p1a: Murkrow|Tailwind|p1a: Murkrow
|-sidestart|p1: elfokaz|move: Tailwind
|move|p1b: Rillaboom|Bullet Seed|p2a: Indeedee
|-damage|p2a: Indeedee|72/100
|-damage|p2a: Indeedee|45/100
|-damage|p2a: Indeedee|15/100
|-damage|p2a: Indeedee|0 fnt
|faint|p2a: Indeedee
|-hitcount|p2: Indeedee|4
|move|p2b: Gholdengo|Thunderbolt|p1a: Murkrow
|-supereffective|p1a: Murkrow
|-damage|p1a: Murkrow|0 fnt
|faint|p1a: Murkrow
|
|upkeep
|
|t:|1756630458
|switch|p1a: Archaludon|Archaludon, L50, M|100/100
|turn|4
|
|t:|1756630464
|move|p1b: Rillaboom|High Horsepower|p2b: Gholdengo
|-supereffective|p2b: Gholdengo
|-damage|p2b: Gholdengo|19/100
|move|p1a: Archaludon|Dragon Pulse|p2b: Gholdengo
|-resisted|p2b: Gholdengo
|-damage|p2b: Gholdengo|0 fnt
|faint|p2b: Gholdengo
|
|win|elfokaz
|raw|elfokaz's rating: 1088 → 1120(+32 for winning)
|raw|owbd's rating: 1160 → 1130(-30 for losing)
|l|☆elfokaz
|player|p1|
