|j|☆codenamedeku
|j|☆Testj12
|html|codenamedekuTestj12    
|uhtml|bestof|Game 1 of a best-of-3
|t:|1757218213
|gametype|doubles
|player|p1|codenamedeku|n|1000
|player|p2|Testj12|dawn-gen4pt|1163
|gen|9
|tier|[Gen 9] VGC 2025 Reg H (Bo3)
|rated|
|rule|Species Clause: Limit one of each Pokémon
|rule|Item Clause: Limit 1 of each item
|clearpoke
|poke|p1|Empoleon, L50, M|
|poke|p1|Sceptile, L50, M|
|poke|p1|Ceruledge, L50, M|
|poke|p1|Ninetales-Alola, L50, F|
|poke|p1|Kommo-o, L50, M|
|poke|p1|Vivillon-Marine, L50, F|
|poke|p2|Milotic, L50, M|
|poke|p2|Tyranitar, L50, M|
|poke|p2|Gholdengo, L50|
|poke|p2|Excadrill, L50, M|
|poke|p2|Reuniclus, L50, F|
|poke|p2|Indeedee-F, L50, F|
|teampreview|4
|showteam|p1|Empoleon||CovertCloak|Competitive|WaterPledge,FlashCannon,Blizzard,Protect|||M|||50|,,,,,Bug]Sceptile||MirrorHerb|Unburden|GrassPledge,FocusBlast,DragonCheer,Detect|||M|||50|,,,,,Ghost]Ceruledge||SafetyGoggles|FlashFire|BitterBlade,ShadowSneak,BulkUp,Protect|||M|||50|,,,,,Grass]Ninetales-Alola||LightClay|SnowWarning|Blizzard,Moonblast,AuroraVeil,Protect|||F|||50|,,,,,Ghost]Kommo-o||ThroatSpray|Soundproof|ClangingScales,Flamethrower,ClangorousSoul,Protect|||M|||50|,,,,,Fire]Vivillon-Marine||FocusSash|CompoundEyes|Hurricane,Tailwind,SleepPowder,PollenPuff|||F|||50|,,,,,Ghost
|showteam|p2|Milotic||CovertCloak|Competitive|Scald,Protect,Haze,IcyWind|||M|||50|,,,,,Dragon]Tyranitar||AssaultVest|SandStream|RockSlide,KnockOff,LowKick,TeraBlast|||M|||50|,,,,,Flying]Gholdengo||AirBalloon|GoodasGold|NastyPlot,MakeItRain,ShadowBall,Protect||||||50|,,,,,Fairy]Excadrill||FocusSash|SandRush|Earthquake,HighHorsepower,IronHead,Protect|||M|||50|,,,,,Stellar]Reuniclus||LifeOrb|MagicGuard|ExpandingForce,TrickRoom,Protect,TeraBlast|||F|||50|,,,,,Fighting]Indeedee-F||SafetyGoggles|PsychicSurge|TrickRoom,Protect,Psychic,FollowMe|||F|||50|,,,,,Fairy
|inactive|Battle timer is ON: inactive players will automatically lose when time's up. (requested by Testj12)
|inactive|codenamedeku has 60 seconds left.
|
|t:|1757218249
|teamsize|p1|4
|teamsize|p2|4
|start
|switch|p1a: Kommo-o|Kommo-o, L50, M|100/100
|switch|p1b: Vivillon|Vivillon-Marine, L50, F|100/100
|switch|p2a: Indeedee|Indeedee-F, L50, F|100/100
|switch|p2b: Reuniclus|Reuniclus, L50, F|100/100
|-fieldstart|move: Psychic Terrain|[from] ability: Psychic Surge|[of] p2a: Indeedee
|turn|1
|
|t:|1757218271
|move|p1a: Kommo-o|Protect|p1a: Kommo-o
|-singleturn|p1a: Kommo-o|Protect
|move|p2a: Indeedee|Follow Me|p2a: Indeedee
|-singleturn|p2a: Indeedee|move: Follow Me
|move|p1b: Vivillon|Pollen Puff|p2a: Indeedee
|-supereffective|p2a: Indeedee
|-damage|p2a: Indeedee|28/100
|move|p2b: Reuniclus|Trick Room|p2b: Reuniclus
|-fieldstart|move: Trick Room|[of] p2b: Reuniclus
|
|upkeep
|turn|2
|
|t:|1757218290
|switch|p1a: Empoleon|Empoleon, L50, M|100/100
|move|p2b: Reuniclus|Expanding Force|p1a: Empoleon|[spread] p1a,p1b
|-resisted|p1a: Empoleon
|-damage|p1a: Empoleon|69/100
|-enditem|p1b: Vivillon|Focus Sash
|-damage|p1b: Vivillon|1/100
|move|p2a: Indeedee|Psychic|p1b: Vivillon
|-damage|p1b: Vivillon|0 fnt
|faint|p1b: Vivillon
|
|upkeep
|-message|codenamedeku forfeited.
|
|win|Testj12
|l|☆codenamedeku
|player|p1|
|raw|codenamedeku's rating: 1000 → 1000(+0 for losing)
|raw|Testj12's rating: 1163 → 1177(+14 for winning)
