|j|☆Viridian Q
|j|☆billythegamegoat
|html|Viridian Qbillythegamegoat    
|uhtml|bestof|Game 2 of a best-of-3
|t:|1756398462
|gametype|doubles
|player|p1|Viridian Q|101|1095
|player|p2|billythegamegoat|rocketgrunt|1000
|gen|9
|tier|[Gen 9] VGC 2025 Reg H (Bo3)
|rated|
|rule|Species Clause: Limit one of each Pokémon
|rule|Item Clause: Limit 1 of each item
|clearpoke
|poke|p1|Amoonguss, L50, F|
|poke|p1|Ursaluna-Bloodmoon, L50, M|
|poke|p1|Incineroar, L50, F|
|poke|p1|Archaludon, L50, M|
|poke|p1|Ninetales-Alola, L50, M|
|poke|p1|Annihilape, L50, F|
|poke|p2|Oranguru, L50, M|
|poke|p2|Ursaluna, L50, M|
|poke|p2|Amoonguss, L50, F|
|poke|p2|Torkoal, L50, F|
|poke|p2|Primarina, L50, M|
|poke|p2|Incineroar, L50, M|
|teampreview|4
|showteam|p1|Amoonguss||SitrusBerry|Regenerator|Spore,RagePowder,SludgeBomb,Protect|||F|||50|,,,,,Dark]Ursaluna-Bloodmoon||AssaultVest|MindsEye|EarthPower,BloodMoon,HyperVoice,VacuumWave|||M|||50|,,,,,Ghost]Incineroar||SafetyGoggles|Intimidate|FlareBlitz,KnockOff,PartingShot,FakeOut|||F|||50|,,,,,Ghost]Archaludon||PowerHerb|Stalwart|FlashCannon,DragonPulse,ElectroShot,Protect|||M|||50|,,,,,Stellar]Ninetales-Alola||CovertCloak|SnowWarning|Blizzard,AuroraVeil,Encore,Protect|||M|||50|,,,,,Water]Annihilape||ChoiceScarf|Defiant|CloseCombat,FinalGambit,RageFist,Uturn|||F|||50|,,,,,Grass
|showteam|p2|Oranguru||MentalHerb|InnerFocus|Instruct,Encore,TrickRoom,Yawn|||M|||50|,,,,,Normal]Ursaluna||FlameOrb|Guts|Protect,Facade,Earthquake,HeadlongRush|||M|||50|,,,,,Normal]Amoonguss||RockyHelmet|Regenerator|RagePowder,PollenPuff,Spore,ClearSmog|||F|||50|,,,,,Water]Torkoal||ChoiceSpecs|Drought|Eruption,AncientPower,HeatWave,EarthPower|||F|||50|,,,,,Fire]Primarina||ThroatSpray|LiquidVoice|HyperVoice,DazzlingGleam,Moonblast,Protect|||M|||50|,,,,,Water]Incineroar||SitrusBerry|Intimidate|FakeOut,FlareBlitz,KnockOff,PartingShot|||M|||50|,,,,,Fire
|inactive|Battle timer is ON: inactive players will automatically lose when time's up. (requested by billythegamegoat)
|inactive|billythegamegoat has 60 seconds left.
|
|t:|1756398492
|teamsize|p1|4
|teamsize|p2|4
|start
|switch|p1a: Incineroar|Incineroar, L50, F|100/100
|switch|p1b: Annihilape|Annihilape, L50, F|100/100
|switch|p2a: Oranguru|Oranguru, L50, M|100/100
|switch|p2b: Incineroar|Incineroar, L50, M|100/100
|-ability|p1a: Incineroar|Intimidate|boost
|-fail|p2a: Oranguru|unboost|Attack|[from] ability: Inner Focus|[of] p2a: Oranguru
|-unboost|p2b: Incineroar|atk|1
|-ability|p2b: Incineroar|Intimidate|boost
|-unboost|p1a: Incineroar|atk|1
|-unboost|p1b: Annihilape|atk|1
|-ability|p1b: Annihilape|Defiant|boost
|-boost|p1b: Annihilape|atk|2
|turn|1
|inactive|Viridian Q has 30 seconds left.
|
|t:|1756398524
|switch|p2a: Amoonguss|Amoonguss, L50, F|100/100
|move|p1b: Annihilape|Close Combat|p2a: Amoonguss
|-resisted|p2a: Amoonguss
|-damage|p2a: Amoonguss|65/100
|-unboost|p1b: Annihilape|def|1
|-unboost|p1b: Annihilape|spd|1
|-damage|p1b: Annihilape|84/100|[from] item: Rocky Helmet|[of] p2a: Amoonguss
|move|p1a: Incineroar|Knock Off|p2a: Amoonguss
|-damage|p2a: Amoonguss|39/100
|-damage|p1a: Incineroar|84/100|[from] item: Rocky Helmet|[of] p2a: Amoonguss
|-enditem|p2a: Amoonguss|Rocky Helmet|[from] move: Knock Off|[of] p1a: Incineroar
|move|p2b: Incineroar|Knock Off|p1a: Incineroar
|-resisted|p1a: Incineroar
|-damage|p1a: Incineroar|71/100
|-enditem|p1a: Incineroar|Safety Goggles|[from] move: Knock Off|[of] p2b: Incineroar
|
|upkeep
|turn|2
|
|t:|1756398547
|switch|p2a: Oranguru|Oranguru, L50, M|100/100
|move|p1b: Annihilape|Close Combat|p2b: Incineroar
|-supereffective|p2b: Incineroar
|-damage|p2b: Incineroar|0 fnt
|-unboost|p1b: Annihilape|def|1
|-unboost|p1b: Annihilape|spd|1
|faint|p2b: Incineroar
|move|p1a: Incineroar|Flare Blitz|p2a: Oranguru
|-damage|p2a: Oranguru|64/100
|-status|p2a: Oranguru|brn
|-damage|p1a: Incineroar|59/100|[from] Recoil
|
|-damage|p2a: Oranguru|58/100 brn|[from] brn
|upkeep
|
|t:|1756398560
|switch|p2b: Amoonguss|Amoonguss, L50, F|72/100
|turn|3
|
|t:|1756398577
|-terastallize|p1b: Annihilape|Grass
|move|p2b: Amoonguss|Rage Powder|p2b: Amoonguss
|-singleturn|p2b: Amoonguss|move: Rage Powder
|move|p1b: Annihilape|Close Combat|p2a: Oranguru
|-damage|p2a: Oranguru|0 fnt
|-unboost|p1b: Annihilape|def|1
|-unboost|p1b: Annihilape|spd|1
|faint|p2a: Oranguru
|move|p1a: Incineroar|Knock Off|p2b: Amoonguss
|-damage|p2b: Amoonguss|54/100
|
|upkeep
|
|t:|1756398585
|switch|p2a: Torkoal|Torkoal, L50, F|100/100
|-weather|SunnyDay|[from] ability: Drought|[of] p2a: Torkoal
|turn|4
|-message|billythegamegoat forfeited.
|
|win|Viridian Q
|raw|Viridian Q's rating: 1095 → 1114(+19 for winning)
|raw|billythegamegoat's rating: 1000 → 1000(+0 for losing)
|l|☆billythegamegoat
|player|p2|
