|j|☆gaelstromm
|j|☆CritHappens5
|html|gaelstrommCritHappens5    
|uhtml|bestof|Game 3 of a best-of-3
|t:|1757252033
|gametype|doubles
|player|p1|gaelstromm|169|1115
|player|p2|CritHappens5|170|1208
|gen|9
|tier|[Gen 9] VGC 2025 Reg H (Bo3)
|rated|
|rule|Species Clause: Limit one of each Pokémon
|rule|Item Clause: Limit 1 of each item
|clearpoke
|poke|p1|Gholdengo, L50|
|poke|p1|Incineroar, L50, F|
|poke|p1|Amoonguss, L50, M|
|poke|p1|Archaludon, L50, M|
|poke|p1|Pelipper, L50, F|
|poke|p1|Basculegion, L50, M|
|poke|p2|Sneasler, L50, F|
|poke|p2|Indeedee, L50, M|
|poke|p2|Volcarona, L50, M|
|poke|p2|Ursaluna-Bloodmoon, L50, M|
|poke|p2|Annihilape, L50, M|
|poke|p2|Tyranitar, L50, M|
|teampreview|4
|showteam|p1|Gholdengo||LifeOrb|GoodasGold|MakeItRain,ShadowBall,NastyPlot,Protect||||||50|,,,,,Water]Incineroar||RockyHelmet|Intimidate|Taunt,KnockOff,PartingShot,FakeOut|||F|||50|,,,,,Ghost]Amoonguss||SitrusBerry|Regenerator|PollenPuff,Spore,RagePowder,Protect|||M|||50|,,,,,Water]Archaludon||AssaultVest|Stamina|DragonPulse,FlashCannon,ElectroShot,BodyPress|||M|||50|,,,,,Bug]Pelipper||FocusSash|Drizzle|WeatherBall,Hurricane,Tailwind,Protect|||F|||50|,,,,,Ground]Basculegion||ChoiceBand|SwiftSwim|WaveCrash,LastRespects,FlipTurn,AquaJet|||M|||50|,,,,,Water
|showteam|p2|Sneasler||PsychicSeed|Unburden|CloseCombat,DireClaw,ThroatChop,Protect|||F|||50|,,,,,Dark]Indeedee||ChoiceScarf|PsychicSurge|ExpandingForce,TeraBlast,Trick,Protect|||M|||50|,,,,,Psychic]Volcarona||SitrusBerry|FlameBody|Overheat,StruggleBug,RagePowder,Tailwind|||M|||50|,,,,,Dragon]Ursaluna-Bloodmoon||LifeOrb|MindsEye|BloodMoon,HyperVoice,EarthPower,Protect|||M|||50|,,,,,Normal]Annihilape||SafetyGoggles|Defiant|CloseCombat,RageFist,Taunt,FinalGambit|||M|||50|,,,,,Fairy]Tyranitar||AssaultVest|SandStream|RockSlide,KnockOff,TeraBlast,LowKick|||M|||50|,,,,,Flying
|inactive|Battle timer is ON: inactive players will automatically lose when time's up. (requested by gaelstromm)
|inactive|gaelstromm has 60 seconds left.
|
|t:|1757252067
|teamsize|p1|4
|teamsize|p2|4
|start
|switch|p1a: Pelipper|Pelipper, L50, F|100/100
|switch|p1b: Basculegion|Basculegion, L50, M|100/100
|switch|p2a: Annihilape|Annihilape, L50, M|100/100
|switch|p2b: Indeedee|Indeedee, L50, M|100/100
|-fieldstart|move: Psychic Terrain|[from] ability: Psychic Surge|[of] p2b: Indeedee
|-weather|RainDance|[from] ability: Drizzle|[of] p1a: Pelipper
|turn|1
|
|t:|1757252085
|switch|p2a: Tyranitar|Tyranitar, L50, M|100/100
|-weather|Sandstorm|[from] ability: Sand Stream|[of] p2a: Tyranitar
|move|p2b: Indeedee|Expanding Force|p1b: Basculegion|[spread] p1a,p1b
|-enditem|p1a: Pelipper|Focus Sash
|-damage|p1a: Pelipper|1/100
|-damage|p1b: Basculegion|37/100
|move|p1b: Basculegion|Flip Turn|p2a: Tyranitar
|-supereffective|p2a: Tyranitar
|-damage|p2a: Tyranitar|24/100
|
|t:|1757252100
|switch|p1b: Archaludon|Archaludon, L50, M|100/100|[from] Flip Turn
|move|p1a: Pelipper|Tailwind|p1a: Pelipper
|-sidestart|p1: gaelstromm|move: Tailwind
|
|-weather|Sandstorm|[upkeep]
|-damage|p1a: Pelipper|0 fnt|[from] Sandstorm
|-damage|p2b: Indeedee|95/100|[from] Sandstorm
|faint|p1a: Pelipper
|upkeep
|
|t:|1757252108
|switch|p1a: Amoonguss|Amoonguss, L50, M|100/100
|turn|2
|inactive|CritHappens5 has 30 seconds left.
|
|t:|1757252139
|-terastallize|p2b: Indeedee|Psychic
|move|p1b: Archaludon|Flash Cannon|p2a: Tyranitar
|-supereffective|p2a: Tyranitar
|-damage|p2a: Tyranitar|0 fnt
|faint|p2a: Tyranitar
|move|p2b: Indeedee|Expanding Force|p1a: Amoonguss|[spread] p1a,p1b
|-supereffective|p1a: Amoonguss
|-resisted|p1b: Archaludon
|-damage|p1a: Amoonguss|0 fnt
|-damage|p1b: Archaludon|73/100
|-ability|p1b: Archaludon|Stamina|boost
|-boost|p1b: Archaludon|def|1
|faint|p1a: Amoonguss
|
|-weather|Sandstorm|[upkeep]
|-damage|p2b: Indeedee|89/100|[from] Sandstorm
|upkeep
|inactive|CritHappens5 has 30 seconds left.
|
|t:|1757252167
|switch|p2a: Sneasler|Sneasler, L50, F|100/100
|switch|p1a: Basculegion|Basculegion, L50, M|37/100
|-enditem|p2a: Sneasler|Psychic Seed
|-boost|p2a: Sneasler|spd|1|[from] item: Psychic Seed
|turn|3
|inactive|gaelstromm has 30 seconds left.
|inactive|gaelstromm has 20 seconds left.
|inactive|gaelstromm has 15 seconds left.
|inactive|gaelstromm has 10 seconds left.
|
|t:|1757252215
|-terastallize|p1b: Archaludon|Bug
|move|p2a: Sneasler|Throat Chop|p1a: Basculegion
|-supereffective|p1a: Basculegion
|-damage|p1a: Basculegion|0 fnt
|faint|p1a: Basculegion
|move|p1b: Archaludon|Dragon Pulse|p2b: Indeedee
|-damage|p2b: Indeedee|31/100
|move|p2b: Indeedee|Expanding Force|p1b: Archaludon
|-damage|p1b: Archaludon|0 fnt
|faint|p1b: Archaludon
|
|win|CritHappens5
|raw|gaelstromm's rating: 1115 → 1097(-18 for losing)
|raw|CritHappens5's rating: 1208 → 1226(+18 for winning)
|c|☆CritHappens5|ggs
|c|☆gaelstromm|ahh gg forgot to terra the amoongus
|c|☆CritHappens5|I was wondering what happened
