|j|☆Snog2273
|j|☆vamplordyt
|html|Snog2273vamplordyt    
|uhtml|bestof|Game 1 of a best-of-3
|t:|1756694743
|gametype|doubles
|player|p1|Snog2273|scientist-gen4|
|player|p2|vamplordyt|265|
|gen|9
|tier|[Gen 9] VGC 2025 Reg H (Bo3)
|rule|Species Clause: Limit one of each Pokémon
|rule|Item Clause: Limit 1 of each item
|clearpoke
|poke|p1|Stonjourner, L50, M|
|poke|p1|Indeedee, L50, M|
|poke|p1|Sneasler, L50, M|
|poke|p1|Maushold-Four, L50|
|poke|p1|Pelipper, L50, F|
|poke|p1|Archaludon, L50, F|
|poke|p2|Annihilape, L50, F|
|poke|p2|Dragonite, L50, F|
|poke|p2|Grimmsnarl, L50, M|
|poke|p2|Volcarona, L50, F|
|poke|p2|Ursaluna-Bloodmoon, L50, M|
|poke|p2|Corviknight, L50, F|
|teampreview|4
|showteam|p1|Stonjourner||FocusSash|PowerSpot|RockSlide,LowKick,WideGuard,Protect|||M|||50|,,,,,Grass]Indeedee||ChoiceScarf|PsychicSurge|ExpandingForce,DazzlingGleam,Trick,HealingWish|||M|||50|,,,,,Fairy]Sneasler||PsychicSeed|Unburden|CloseCombat,DireClaw,ThroatChop,Protect|||M|||50|,,,,,Grass]Maushold-Four||WideLens|Technician|PopulationBomb,FollowMe,Taunt,Protect||||||50|,,,,,Ghost]Pelipper||CovertCloak|Drizzle|WeatherBall,Hurricane,Tailwind,Protect|||F|||50|,,,,,Grass]Archaludon||AssaultVest|Stamina|ElectroShot,DracoMeteor,FlashCannon,BodyPress|||F|||50|,,,,,Fairy
|showteam|p2|Annihilape||SafetyGoggles|Defiant|DrainPunch,BulkUp,Protect,RageFist|||F|||50|,,,,,Fire]Dragonite||LoadedDice|Multiscale|ScaleShot,ExtremeSpeed,StompingTantrum,Protect|||F|||50|,,,,,Fairy]Grimmsnarl||LightClay|Prankster|SpiritBreak,Reflect,LightScreen,ThunderWave|||M|||50|,,,,,Ghost]Volcarona||Leftovers|FlameBody|QuiverDance,HeatWave,GigaDrain,Protect|||F|||50|,,,,,Grass]Ursaluna-Bloodmoon||AssaultVest|MindsEye|EarthPower,BloodMoon,HyperVoice,VacuumWave|||M|||50|,,,,,Poison]Corviknight||SitrusBerry|MirrorArmor|BulkUp,PowerTrip,BraveBird,Roost|||F|||50|,,,,,Dragon
|inactive|Battle timer is ON: inactive players will automatically lose when time's up. (requested by Snog2273)
|inactive|vamplordyt also wants the timer to be on.
|inactive|vamplordyt has 60 seconds left.
|
|t:|1756694781
|teamsize|p1|4
|teamsize|p2|4
|start
|switch|p1a: Blerp Gerbett|Pelipper, L50, F|100/100
|switch|p1b: Tatiana Familyson|Maushold-Four, L50, shiny|100/100
|switch|p2a: Joker|Grimmsnarl, L50, M|100/100
|switch|p2b: Crow|Corviknight, L50, F, shiny|100/100
|-weather|RainDance|[from] ability: Drizzle|[of] p1a: Blerp Gerbett
|turn|1
|inactive|Snog2273 has 30 seconds left.
|
|t:|1756694811
|move|p2a: Joker|Reflect|p2a: Joker
|-sidestart|p2: vamplordyt|Reflect
|move|p1b: Tatiana Familyson|Taunt|p2b: Crow
|-start|p2b: Crow|move: Taunt
|move|p1a: Blerp Gerbett|Weather Ball|p2b: Crow
|-damage|p2b: Crow|59/100
|cant|p2b: Crow|move: Taunt|Bulk Up
|
|-weather|RainDance|[upkeep]
|upkeep
|turn|2
|-message|vamplordyt forfeited.
|
|win|Snog2273
