|j|☆We_Are_Toasted
|j|☆CrazyyBoi
|html|We_Are_ToastedCrazyyBoi    
|uhtml|bestof|Game 3 of a best-of-3
|t:|1757205880
|gametype|doubles
|player|p1|We_Are_Toasted|larry|1200
|player|p2|CrazyyBoi|102|1252
|gen|9
|tier|[Gen 9] VGC 2025 Reg H (Bo3)
|rated|
|rule|Species Clause: Limit one of each Pokémon
|rule|Item Clause: Limit 1 of each item
|clearpoke
|poke|p1|Gholdengo, L50|
|poke|p1|Sneasler, L50, M|
|poke|p1|Rillaboom, L50, F|
|poke|p1|Dragonite, L50, M|
|poke|p1|Ninetales-Alola, L50, F|
|poke|p1|Arcanine-Hisui, L50, F|
|poke|p2|Maushold-Four, L50|
|poke|p2|Sableye, L50, M|
|poke|p2|Sinistcha, L50|
|poke|p2|Kommo-o, L50, F|
|poke|p2|Incineroar, L50, F|
|poke|p2|Primarina, L50, M|
|teampreview|4
|showteam|p1|Gholdengo||GrassySeed|GoodasGold|NastyPlot,MakeItRain,ShadowBall,Protect||||||50|,,,,,Water]Sneasler||WhiteHerb|Unburden|CloseCombat,DireClaw,Coaching,Protect|||M|||50|,,,,,Ghost]Rillaboom||AssaultVest|GrassySurge|FakeOut,GrassyGlide,DrumBeating,HighHorsepower|||F|||50|,,,,,Fire]Dragonite||LoadedDice|Multiscale|ScaleShot,StompingTantrum,Tailwind,Protect|||M|||50|,,,,,Ground]Ninetales-Alola||FocusSash|SnowWarning|Blizzard,IcyWind,Encore,AuroraVeil|||F|||50|,,,,,Ghost]Arcanine-Hisui||ClearAmulet|Intimidate|RockSlide,FlareBlitz,ExtremeSpeed,Protect|||F|||50|,,,,,Water
|showteam|p2|Maushold-Four||WideLens|Technician|Protect,PopulationBomb,Bite,FollowMe||||||50|,,,,,Poison]Sableye||FocusSash|Prankster|FakeOut,Quash,Disable,Encore|||M|||50|,,,,,Grass]Sinistcha||MentalHerb|Hospitality|RagePowder,MatchaGotcha,LifeDew,Protect||||||50|,,,,,Fire]Kommo-o||ThroatSpray|Overcoat|ClangorousSoul,ClangingScales,Protect,AuraSphere|||F|||50|,,,,,Steel]Incineroar||SafetyGoggles|Intimidate|FakeOut,PartingShot,KnockOff,Taunt|||F|||50|,,,,,Ghost]Primarina||LifeOrb|LiquidVoice|HyperVoice,Moonblast,PerishSong,Protect|||M|||50|,,,,,Dragon
|inactive|Battle timer is ON: inactive players will automatically lose when time's up. (requested by We_Are_Toasted)
|inactive|We_Are_Toasted has 60 seconds left.
|
|t:|1757205940
|teamsize|p1|4
|teamsize|p2|4
|start
|switch|p1a: Sneasler|Sneasler, L50, M, shiny|100/100
|switch|p1b: Rillaboom|Rillaboom, L50, F|100/100
|switch|p2a: Incineroar|Incineroar, L50, F|100/100
|switch|p2b: Primarina|Primarina, L50, M|100/100
|-fieldstart|move: Grassy Terrain|[from] ability: Grassy Surge|[of] p1b: Rillaboom
|-ability|p2a: Incineroar|Intimidate|boost
|-unboost|p1a: Sneasler|atk|1
|-unboost|p1b: Rillaboom|atk|1
|-enditem|p1a: Sneasler|White Herb
|-clearnegativeboost|p1a: Sneasler|[silent]
|turn|1
|inactive|CrazyyBoi has 30 seconds left.
|inactive|CrazyyBoi has 20 seconds left.
|inactive|CrazyyBoi has 15 seconds left.
|
|t:|1757205982
|move|p2b: Primarina|Protect|p2b: Primarina
|-singleturn|p2b: Primarina|Protect
|move|p1a: Sneasler|Close Combat|p2a: Incineroar
|-supereffective|p2a: Incineroar
|-damage|p2a: Incineroar|1/100
|-unboost|p1a: Sneasler|def|1
|-unboost|p1a: Sneasler|spd|1
|move|p1b: Rillaboom|Drum Beating|p2b: Primarina
|-activate|p2b: Primarina|move: Protect
|move|p2a: Incineroar|Parting Shot|p1a: Sneasler
|-unboost|p1a: Sneasler|atk|1
|-unboost|p1a: Sneasler|spa|1
|
|t:|1757205997
|switch|p2a: Maushold|Maushold-Four, L50|100/100|[from] Parting Shot
|
|upkeep
|turn|2
|inactive|We_Are_Toasted has 30 seconds left.
|inactive|We_Are_Toasted has 20 seconds left.
|inactive|We_Are_Toasted has 15 seconds left.
|inactive|We_Are_Toasted has 10 seconds left.
|
|t:|1757206047
|switch|p1a: Ninetales|Ninetales-Alola, L50, F|100/100
|-weather|Snowscape|[from] ability: Snow Warning|[of] p1a: Ninetales
|switch|p1b: Gholdengo|Gholdengo, L50|100/100
|-enditem|p1b: Gholdengo|Grassy Seed
|-boost|p1b: Gholdengo|def|1|[from] item: Grassy Seed
|switch|p2b: Incineroar|Incineroar, L50, F|1/100
|-ability|p2b: Incineroar|Intimidate|boost
|-unboost|p1a: Ninetales|atk|1
|-unboost|p1b: Gholdengo|atk|1
|-terastallize|p2a: Maushold|Poison
|move|p2a: Maushold|Population Bomb|p1b: Gholdengo
|-immune|p1b: Gholdengo
|
|-weather|Snowscape|[upkeep]
|-heal|p2b: Incineroar|7/100|[from] Grassy Terrain
|upkeep
|turn|3
|inactive|We_Are_Toasted has 30 seconds left.
|inactive|We_Are_Toasted has 20 seconds left.
|inactive|CrazyyBoi has 30 seconds left.
|inactive|We_Are_Toasted has 15 seconds left.
|inactive|We_Are_Toasted has 10 seconds left.
|inactive|We_Are_Toasted has 5 seconds left.
|
|t:|1757206097
|switch|p2b: Sinistcha|Sinistcha, L50|100/100
|-terastallize|p1a: Ninetales|Ghost
|move|p2a: Maushold|Population Bomb|p1a: Ninetales
|-immune|p1a: Ninetales
|move|p1a: Ninetales|Icy Wind|p2a: Maushold|[spread] p2a,p2b
|-supereffective|p2b: Sinistcha
|-damage|p2a: Maushold|76/100
|-damage|p2b: Sinistcha|63/100
|-unboost|p2a: Maushold|spe|1
|-unboost|p2b: Sinistcha|spe|1
|move|p1b: Gholdengo|Nasty Plot|p1b: Gholdengo
|-boost|p1b: Gholdengo|spa|2
|
|-weather|Snowscape|[upkeep]
|-heal|p2a: Maushold|82/100|[from] Grassy Terrain
|-heal|p2b: Sinistcha|70/100|[from] Grassy Terrain
|upkeep
|turn|4
|inactive|We_Are_Toasted has 30 seconds left.
|inactive|CrazyyBoi has 30 seconds left.
|-message|CrazyyBoi forfeited.
|
|win|We_Are_Toasted
|raw|We_Are_Toasted's rating: 1200 → 1229(+29 for winning)
|raw|CrazyyBoi's rating: 1252 → 1223(-29 for losing)
|l|☆CrazyyBoi
|player|p2|
