|j|ŌśåL1mun
|j|ŌśåSogerto
|html|L1munSogerto    
|uhtml|bestof|Game 3 of a best-of-3
|t:|1757790511
|gametype|doubles
|player|p1|L1mun|flint|
|player|p2|Sogerto|170|
|gen|9
|tier|[Gen 9] VGC 2025 Reg H (Bo3)
|rule|Species Clause: Limit one of each Pok├®mon
|rule|Item Clause: Limit 1 of each item
|clearpoke
|poke|p1|Armarouge, L50, F|
|poke|p1|Indeedee-F, L50, F|
|poke|p1|Ursaluna-Bloodmoon, L50, M|
|poke|p1|Hatterene, L50, F|
|poke|p1|Amoonguss, L50, M|
|poke|p1|Gallade, L50, M|
|poke|p2|Indeedee-F, L50, F|
|poke|p2|Hatterene, L50, F|
|poke|p2|Gallade, L50, M|
|poke|p2|Ursaluna, L50, M|
|poke|p2|Lilligant-Hisui, L50, F|
|poke|p2|Torkoal, L50, M|
|teampreview|4
|showteam|p1|Armarouge||PowerHerb|FlashFire|ExpandingForce,ArmorCannon,Protect,MeteorBeam|||F|||50|,,,,,Psychic]Indeedee-F||SafetyGoggles|PsychicSurge|FollowMe,Psychic,HelpingHand,TrickRoom|||F|||50|,,,,,Dragon]Ursaluna-Bloodmoon||LifeOrb|MindsEye|HyperVoice,BloodMoon,EarthPower,Protect|||M|||50|,,,,,Normal]Hatterene||CovertCloak|MagicBounce|ExpandingForce,DazzlingGleam,TrickRoom,Protect|||F|||50|,,,,,Water]Amoonguss||SitrusBerry|Regenerator|PollenPuff,SludgeBomb,Spore,RagePowder|||M|||50|,,,,,Water]Gallade||ClearAmulet|Sharpness|WideGuard,TrickRoom,SacredSword,PsychoCut|||M|||50|,,,,,Fighting
|showteam|p2|Indeedee-F||PsychicSeed|PsychicSurge|TrickRoom,FollowMe,HelpingHand,DazzlingGleam|||F|||50|,,,,,Fire]Hatterene||LifeOrb|MagicBounce|ExpandingForce,TrickRoom,DazzlingGleam,Protect|||F|||50|,,,,,Psychic]Gallade||ClearAmulet|Sharpness|PsychoCut,TrickRoom,SacredSword,WideGuard|||M|||50|,,,,,Grass]Ursaluna||FlameOrb|Guts|HeadlongRush,Facade,SwordsDance,Protect|||M|||50|,,,,,Water]Lilligant-Hisui||FocusSash|Chlorophyll|SolarBlade,SleepPowder,CloseCombat,AfterYou|||F|||50|,,,,,Ghost]Torkoal||ChoiceSpecs|Drought|Eruption,HeatWave,WeatherBall,EarthPower|||M|||50|,,,,,Fire
|j| rangersxx30
|j| Javy Moment
|c| Javy Moment|Good shit sog
|j| ZhiZhi<3
|c| Javy Moment|close it out big dog
|c| Javy Moment|Take your time
|c|ŌśåSogerto|need to put rihanna on
|
|t:|1757790595
|teamsize|p1|4
|teamsize|p2|4
|start
|switch|p1a: Gallade|Gallade, L50, M|100/100
|switch|p1b: Indeedee|Indeedee-F, L50, F|100/100
|switch|p2a: Penelope|Gallade, L50, M, shiny|100/100
|switch|p2b: Gareth|Indeedee-F, L50, F|100/100
|-fieldstart|move: Psychic Terrain|[from] ability: Psychic Surge|[of] p1b: Indeedee
|-enditem|p2b: Gareth|Psychic Seed
|-boost|p2b: Gareth|spd|1|[from] item: Psychic Seed
|turn|1
|c|ŌśåSogerto|spiderman pt2
|c| rangersxx30|dude i cannot be pulling out the spider man meme again
|c| Javy Moment|Aura band for band
|c| rangersxx30|childish
|
|t:|1757790669
|switch|p1a: Armarouge|Armarouge, L50, F|100/100
|move|p2b: Gareth|Follow Me|p2b: Gareth
|-singleturn|p2b: Gareth|move: Follow Me
|move|p2a: Penelope|Psycho Cut|p1a: Armarouge
|-resisted|p1a: Armarouge
|-damage|p1a: Armarouge|65/100
|move|p1b: Indeedee|Trick Room|p1b: Indeedee
|-fieldstart|move: Trick Room|[of] p1b: Indeedee
|
|upkeep
|turn|2
|j| Shorknado
|
|t:|1757790720
|-terastallize|p1a: Armarouge|Psychic
|move|p1a: Armarouge|Armor Cannon|p2a: Penelope
|-damage|p2a: Penelope|39/100
|-unboost|p1a: Armarouge|def|1
|-unboost|p1a: Armarouge|spd|1
|move|p1b: Indeedee|Psychic|p2a: Penelope
|-damage|p2a: Penelope|5/100
|move|p2a: Penelope|Sacred Sword|p1b: Indeedee
|-damage|p1b: Indeedee|30/100
|move|p2b: Gareth|Trick Room|p2b: Gareth
|-fieldend|move: Trick Room
|
|upkeep
|turn|3
|c| rangersxx30|im so mad rn its not even funny
|c| Javy Moment|I also am quite upset from this turn
|c| Javy Moment|wtf just happened
|
|t:|1757790788
|switch|p1b: Gallade|Gallade, L50, M|100/100
|move|p2b: Gareth|Helping Hand|p2a: Penelope
|-singleturn|p2a: Penelope|Helping Hand|[of] p2b: Gareth
|move|p2a: Penelope|Psycho Cut|p1a: Armarouge
|-resisted|p1a: Armarouge
|-damage|p1a: Armarouge|0 fnt
|faint|p1a: Armarouge
|
|upkeep
|
|t:|1757790796
|switch|p1a: Indeedee|Indeedee-F, L50, F|30/100
|turn|4
|c| Javy Moment|AURA?
|
|t:|1757790808
|move|p1a: Indeedee|Follow Me|p1a: Indeedee
|-singleturn|p1a: Indeedee|move: Follow Me
|move|p2b: Gareth|Follow Me|p2b: Gareth
|-singleturn|p2b: Gareth|move: Follow Me
|move|p2a: Penelope|Psycho Cut|p1a: Indeedee
|-resisted|p1a: Indeedee
|-crit|p1a: Indeedee
|-damage|p1a: Indeedee|0 fnt
|faint|p1a: Indeedee
|move|p1b: Gallade|Trick Room|p1b: Gallade
|-fieldstart|move: Trick Room|[of] p1b: Gallade
|
|upkeep
|
|t:|1757790813
|switch|p1a: Ursaluna|Ursaluna-Bloodmoon, L50, M|100/100
|turn|5
|
|t:|1757790829
|move|p1b: Gallade|Psycho Cut|p2a: Penelope
|-damage|p2a: Penelope|0 fnt
|faint|p2a: Penelope
|move|p1a: Ursaluna|Blood Moon|p2b: Gareth
|-damage|p2b: Gareth|29/100
|-damage|p1a: Ursaluna|91/100|[from] item: Life Orb
|move|p2b: Gareth|Dazzling Gleam|p1a: Ursaluna|[spread] p1a,p1b
|-supereffective|p1b: Gallade
|-damage|p1a: Ursaluna|77/100
|-damage|p1b: Gallade|78/100
|
|-fieldend|move: Psychic Terrain
|upkeep
|
|t:|1757790834
|switch|p2a: Keith|Torkoal, L50, M|100/100
|-weather|SunnyDay|[from] ability: Drought|[of] p2a: Keith
|turn|6
|c|ŌśåSogerto|gareth.
|c| Javy Moment|OHHHH
|c| Javy Moment|SHIIIIIIT
|c| Javy Moment|Wide guard
|c| Javy Moment|moment
|j| Kekerzz
|c|ŌśåSogerto|shush
|c| rangersxx30|this guy literally eats rocks man
|c|ŌśåL1mun|dude
|c| Javy Moment|What
|c|ŌśåL1mun|ik you are on verge of not making play offs but you dont gotta infringe on our game
|c| Javy Moment|itŌĆÖs open team sheets
|c| Javy Moment|Grow up
|c| rangersxx30|you're right but its still not cool
|c|ŌśåSogerto|it is not cool
|
|t:|1757790927
|-terastallize|p2a: Keith|Fire
|move|p1a: Ursaluna|Protect|p1a: Ursaluna
|-singleturn|p1a: Ursaluna|Protect
|move|p2b: Gareth|Follow Me|p2b: Gareth
|-singleturn|p2b: Gareth|move: Follow Me
|move|p2a: Keith|Weather Ball|p1b: Gallade
|-damage|p1b: Gallade|0 fnt
|faint|p1b: Gallade
|
|-weather|SunnyDay|[upkeep]
|upkeep
|turn|7
|c|ŌśåSogerto|I knew he had it as i have the same set
|c|ŌśåSogerto|but still
|c|ŌśåL1mun|that s game
|c|ŌśåL1mun|ggs
|
|t:|1757790947
|move|p2b: Gareth|Helping Hand|p2a: Keith
|-singleturn|p2a: Keith|Helping Hand|[of] p2b: Gareth
|move|p2a: Keith|Weather Ball|p1a: Ursaluna
|-damage|p1a: Ursaluna|0 fnt
|faint|p1a: Ursaluna
|
|win|Sogerto
|c|ŌśåSogerto|gg
