|j|☆freudianbreath
|j|☆Malgooee
|html|freudianbreathMalgooee    
|uhtml|bestof|Game 1 of a best-of-3
|t:|1784484171
|gametype|doubles
|player|p1|freudianbreath|101|1097
|player|p2|Malgooee|170|1167
|gen|9
|tier|[Gen 9 Champions] VGC 2026 Reg M-B (Bo3)
|rated|
|rule|Species Clause: Limit one of each Pokémon
|rule|Item Clause: Limit 1 of each item
|clearpoke
|poke|p1|Pyroar, L50, M|
|poke|p1|Vileplume, L50, F|
|poke|p1|Torkoal, L50, F|
|poke|p1|Incineroar, L50, M|
|poke|p1|Floette-Eternal, L50, F|
|poke|p1|Farigiraf, L50, M|
|poke|p2|Alcremie, L50, F|
|poke|p2|Whimsicott, L50, F|
|poke|p2|Garchomp, L50, M|
|poke|p2|Farigiraf, L50, M|
|poke|p2|Scolipede, L50, F|
|poke|p2|Charizard, L50, F|
|teampreview|4
|showteam|p1|Pyroar||Pyroarite|Unnerve|Protect,Overheat,HeatWave,SolarBeam|Timid||M|||50|]Vileplume||FocusSash|Chlorophyll|SleepPowder,AfterYou,SludgeBomb,SolarBeam|Timid||F|||50|]Torkoal||Charcoal|Drought|Protect,HelpingHand,Eruption,WeatherBall|Quiet||F|||50|]Incineroar||WhiteHerb|Intimidate|FakeOut,FlareBlitz,DarkestLariat,CloseCombat|Brave||M|||50|]Floette-Eternal||Floettite|FlowerVeil|Protect,CalmMind,Moonblast,DrainingKiss|Modest||F|||50|]Farigiraf||SitrusBerry|ArmorTail|HelpingHand,TrickRoom,Psychic,Thunderbolt|Relaxed||M|||50|
|showteam|p2|Alcremie||SitrusBerry|SweetVeil|Encore,Decorate,DazzlingGleam,Protect|Sassy||F|||50|]Whimsicott||FocusSash|Prankster|Protect,Encore,Tailwind,Moonblast|Timid||F|||50|]Garchomp||ChoiceScarf|RoughSkin|DragonClaw,RockSlide,Earthquake,Crunch|Adamant||M|||50|]Farigiraf||Leftovers|ArmorTail|Roar,Psychic,Protect,TrickRoom|Calm||M|||50|]Scolipede||ChartiBerry|SpeedBoost|RockSlide,LeechLife,Protect,StompingTantrum|Jolly||F|||50|]Charizard||CharizarditeY|SolarPower|WeatherBall,HeatWave,SolarBeam,Protect|Timid||F|||50|
|inactive|Battle timer is ON: inactive players will automatically lose when time's up. (requested by Malgooee)
|inactive|freudianbreath has 60 seconds left.
|inactive|Malgooee has 60 seconds left.
|inactive|freudianbreath has 30 seconds left.
|inactive|freudianbreath has 20 seconds left.
|inactive|freudianbreath has 15 seconds left.
|inactive|freudianbreath has 10 seconds left.
|inactive|freudianbreath has 5 seconds left.
|
|t:|1784484257
|teamsize|p1|4
|teamsize|p2|4
|start
|switch|p1a: Incineroar|Incineroar, L50, M|100/100
|switch|p1b: Farigiraf|Farigiraf, L50, M|100/100
|switch|p2a: Charizard|Charizard, L50, F|100/100
|switch|p2b: Alcremie|Alcremie, L50, F|100/100
|-ability|p1a: Incineroar|Intimidate|boost
|-unboost|p2a: Charizard|atk|1
|-unboost|p2b: Alcremie|atk|1
|turn|1
|inactive|freudianbreath has 30 seconds left.
|inactive|Malgooee has 30 seconds left.
|inactive|freudianbreath has 20 seconds left.
|inactive|Malgooee has 20 seconds left.
|
|t:|1784484297
|switch|p2a: Farigiraf|Farigiraf, L50, M|100/100
|move|p2b: Alcremie|Decorate|p2a: Farigiraf
|-boost|p2a: Farigiraf|atk|2
|-boost|p2a: Farigiraf|spa|2
|move|p1a: Incineroar|Flare Blitz|p2b: Alcremie
|-damage|p2b: Alcremie|41/100
|-enditem|p2b: Alcremie|Sitrus Berry|[eat]
|-heal|p2b: Alcremie|66/100|[from] item: Sitrus Berry
|-damage|p1a: Incineroar|83/100|[from] Recoil
|move|p1b: Farigiraf|Trick Room|p1b: Farigiraf
|-fieldstart|move: Trick Room|[of] p1b: Farigiraf
|
|upkeep
|turn|2
|inactive|freudianbreath has 30 seconds left.
|inactive|freudianbreath has 20 seconds left.
|inactive|freudianbreath has 15 seconds left.
|inactive|freudianbreath has 10 seconds left.
|inactive|freudianbreath has 5 seconds left.
|
|t:|1784484350
|move|p1b: Farigiraf|Helping Hand|p1a: Incineroar
|-singleturn|p1a: Incineroar|Helping Hand|[of] p1b: Farigiraf
|move|p1a: Incineroar|Darkest Lariat|p2a: Farigiraf
|-supereffective|p2a: Farigiraf|1
|-damage|p2a: Farigiraf|0 fnt
|faint|p2a: Farigiraf
|move|p2b: Alcremie|Decorate|p2: Farigiraf|[notarget]
|-fail|p2b: Alcremie
|
|upkeep
|
|t:|1784484360
|switch|p2a: Charizard|Charizard, L50, F|100/100
|turn|3
|inactive|freudianbreath has 30 seconds left.
|
|t:|1784484388
|move|p1a: Incineroar|Flare Blitz|p2a: Charizard
|-resisted|p2a: Charizard|1
|-crit|p2a: Charizard
|-damage|p2a: Charizard|37/100
|-damage|p1a: Incineroar|67/100|[from] Recoil
|move|p1b: Farigiraf|Thunderbolt|p2a: Charizard
|-supereffective|p2a: Charizard|1
|-damage|p2a: Charizard|0 fnt
|faint|p2a: Charizard
|move|p2b: Alcremie|Decorate|p2: Charizard|[notarget]
|-fail|p2b: Alcremie
|
|upkeep
|-message|Malgooee forfeited.
|
|win|freudianbreath
|l|☆Malgooee
|player|p2|
||Malgooee is ready for game 2.
|inactive|freudianbreath has 30 seconds to confirm battle start!
