|j|☆EgoJJ
|j|☆SirBatmanTv
|html|EgoJJSirBatmanTv    
|uhtml|bestof|Game 2 of a best-of-3
|t:|1756942544
|gametype|doubles
|player|p1|EgoJJ|brock|1122
|player|p2|SirBatmanTv|1|1172
|gen|9
|tier|[Gen 9] VGC 2025 Reg H (Bo3)
|rated|
|rule|Species Clause: Limit one of each Pokémon
|rule|Item Clause: Limit 1 of each item
|clearpoke
|poke|p1|Hatterene, L50, F|
|poke|p1|Indeedee-F, L50, F|
|poke|p1|Ursaluna, L50, M|
|poke|p1|Torkoal, L50, M|
|poke|p1|Lilligant-Hisui, L50, F|
|poke|p1|Gallade, L50, M|
|poke|p2|Maushold, L50|
|poke|p2|Annihilape, L50, F|
|poke|p2|Sinistcha, L50|
|poke|p2|Pelipper, L50, F|
|poke|p2|Archaludon, L50, F|
|poke|p2|Ursaluna, L50, M|
|teampreview|4
|showteam|p1|Hatterene||LifeOrb|MagicBounce|ExpandingForce,TrickRoom,MysticalFire,Protect|||F|||50|,,,,,Fire]Indeedee-F||PsychicSeed|PsychicSurge|TrickRoom,FollowMe,HelpingHand,DazzlingGleam|||F|||50|,,,,,Fire]Ursaluna||FlameOrb|Guts|HeadlongRush,Facade,SwordsDance,Protect|||M|||50|,,,,,Ghost]Torkoal||ChoiceSpecs|Drought|Eruption,HeatWave,WeatherBall,EarthPower|||M|||50|,,,,,Fire]Lilligant-Hisui||FocusSash|Chlorophyll|SolarBlade,SleepPowder,CloseCombat,AfterYou|||F|||50|,,,,,Ghost]Gallade||ClearAmulet|Sharpness|PsychoCut,TrickRoom,SacredSword,WideGuard|||M|||50|,,,,,Grass
|showteam|p2|Maushold||CovertCloak|FriendGuard|BeatUp,FollowMe,SuperFang,Taunt||||||50|,,,,,Ghost]Annihilape||Leftovers|Defiant|BulkUp,Protect,DrainPunch,RageFist|||F|||50|,,,,,Fire]Sinistcha||SitrusBerry|Hospitality|RagePowder,LifeDew,TrickRoom,MatchaGotcha||||||50|,,,,,Fire]Pelipper||FocusSash|Drizzle|Tailwind,Hurricane,WeatherBall,Protect|||F|||50|,,,,,Stellar]Archaludon||AssaultVest|Stamina|ElectroShot,BodyPress,FlashCannon,DragonPulse|||F|||50|,,,,,Grass]Ursaluna||FlameOrb|Guts|HeadlongRush,Protect,Earthquake,Facade|||M|||50|,,,,,Normal
|inactive|Battle timer is ON: inactive players will automatically lose when time's up. (requested by EgoJJ)
|
|t:|1756942559
|teamsize|p1|4
|teamsize|p2|4
|start
|switch|p1a: 紫竽敲可愛|Hatterene, L50, F, shiny|100/100
|switch|p1b: 紫竽超可愛|Indeedee-F, L50, F, shiny|100/100
|switch|p2a: Maushold|Maushold, L50|100/100
|switch|p2b: Annihilape|Annihilape, L50, F|100/100
|-fieldstart|move: Psychic Terrain|[from] ability: Psychic Surge|[of] p1b: 紫竽超可愛
|-enditem|p1b: 紫竽超可愛|Psychic Seed
|-boost|p1b: 紫竽超可愛|spd|1|[from] item: Psychic Seed
|turn|1
|
|t:|1756942575
|move|p1b: 紫竽超可愛|Follow Me|p1b: 紫竽超可愛
|-singleturn|p1b: 紫竽超可愛|move: Follow Me
|move|p2a: Maushold|Taunt|p1b: 紫竽超可愛
|-start|p1b: 紫竽超可愛|move: Taunt
|move|p2b: Annihilape|Bulk Up|p2b: Annihilape
|-boost|p2b: Annihilape|atk|1
|-boost|p2b: Annihilape|def|1
|move|p1a: 紫竽敲可愛|Trick Room|p1a: 紫竽敲可愛
|-fieldstart|move: Trick Room|[of] p1a: 紫竽敲可愛
|
|upkeep
|turn|2
|inactive|EgoJJ has 30 seconds left.
|inactive|SirBatmanTv has 30 seconds left.
|inactive|SirBatmanTv has 20 seconds left.
|
|t:|1756942612
|-terastallize|p1a: 紫竽敲可愛|Fire
|move|p1a: 紫竽敲可愛|Expanding Force|p2b: Annihilape|[spread] p2a,p2b
|-supereffective|p2b: Annihilape
|-damage|p2a: Maushold|0 fnt
|-damage|p2b: Annihilape|0 fnt
|faint|p2a: Maushold
|faint|p2b: Annihilape
|-damage|p1a: 紫竽敲可愛|91/100|[from] item: Life Orb
|move|p1b: 紫竽超可愛|Dazzling Gleam|p2: Maushold|[notarget]
|-fail|p1b: 紫竽超可愛
|
|upkeep
|
|t:|1756942631
|switch|p2b: Ursaluna|Ursaluna, L50, M|100/100
|switch|p2a: Pelipper|Pelipper, L50, F|100/100
|-weather|RainDance|[from] ability: Drizzle|[of] p2a: Pelipper
|turn|3
|
|t:|1756942647
|move|p1a: 紫竽敲可愛|Expanding Force|p2b: Ursaluna|[spread] p2a,p2b
|-enditem|p2a: Pelipper|Focus Sash
|-damage|p2a: Pelipper|1/100
|-damage|p2b: Ursaluna|22/100
|-damage|p1a: 紫竽敲可愛|82/100|[from] item: Life Orb
|move|p2b: Ursaluna|Headlong Rush|p1a: 紫竽敲可愛
|-supereffective|p1a: 紫竽敲可愛
|-damage|p1a: 紫竽敲可愛|0 fnt
|-unboost|p2b: Ursaluna|def|1
|-unboost|p2b: Ursaluna|spd|1
|faint|p1a: 紫竽敲可愛
|move|p1b: 紫竽超可愛|Dazzling Gleam|p2a: Pelipper|[spread] p2a,p2b
|-damage|p2a: Pelipper|0 fnt
|-damage|p2b: Ursaluna|5/100
|faint|p2a: Pelipper
|
|-weather|RainDance|[upkeep]
|-status|p2b: Ursaluna|brn|[from] item: Flame Orb
|upkeep
|
|t:|1756942661
|switch|p1a: 紫竽親衛隊|Gallade, L50, M, shiny|100/100
|turn|4
|
|t:|1756942669
|move|p2b: Ursaluna|Earthquake|p1b: 紫竽超可愛|[spread] p1a,p1b
|-damage|p1a: 紫竽親衛隊|0 fnt
|-damage|p1b: 紫竽超可愛|39/100
|faint|p1a: 紫竽親衛隊
|move|p1b: 紫竽超可愛|Dazzling Gleam|p2b: Ursaluna
|-damage|p2b: Ursaluna|0 fnt
|faint|p2b: Ursaluna
|
|win|EgoJJ
|raw|EgoJJ's rating: 1122 → 1151(+29 for winning)
|raw|SirBatmanTv's rating: 1172 → 1143(-29 for losing)
