|j|☆Opus500
|j|☆pokim_19
|html|Opus500pokim_19    
|uhtml|bestof|Game 1 of a best-of-3
|t:|1784247970
|gametype|doubles
|player|p1|Opus500|265|1087
|player|p2|pokim_19|265|1145
|gen|9
|tier|[Gen 9 Champions] VGC 2026 Reg M-B (Bo3)
|rated|
|rule|Species Clause: Limit one of each Pokémon
|rule|Item Clause: Limit 1 of each item
|clearpoke
|poke|p1|Ninetales-Alola, L50, F|
|poke|p1|Venusaur, L50, F|
|poke|p1|Blaziken, L50, M|
|poke|p1|Lycanroc-Dusk, L50, M|
|poke|p1|Kingambit, L50, M|
|poke|p1|Farigiraf, L50, F|
|poke|p2|Gardevoir, L50, F|
|poke|p2|Dragapult, L50, F|
|poke|p2|Primarina, L50, M|
|poke|p2|Aerodactyl, L50, F|
|poke|p2|Tsareena, L50, F|
|poke|p2|Gholdengo, L50|
|teampreview|4
|showteam|p1|Ninetales-Alola||LightClay|SnowWarning|AuroraVeil,FreezeDry,Blizzard,IcyWind|Timid||F|||50|]Venusaur||Venusaurite|Chlorophyll|SludgeBomb,GigaDrain,SleepPowder,Protect|Bold||F|||50|]Blaziken||Blazikenite|SpeedBoost|CloseCombat,FlareBlitz,RockSlide,Protect|Adamant||M|||50|]Lycanroc-Dusk||FocusSash|ToughClaws|Accelerock,RockSlide,CloseCombat,Protect|Jolly||M|||50|]Kingambit||LifeOrb|Defiant|SuckerPunch,KowtowCleave,IronHead,LowKick|Adamant||M|||50|]Farigiraf||ColburBerry|ArmorTail|TrickRoom,HelpingHand,Psychic,FoulPlay|Bold||F|||50|
|showteam|p2|Gardevoir||Gardevoirite|Synchronize|Round,HyperVoice,Protect,Psyshock|Modest||F|||50|]Dragapult||FocusSash|ClearBody|Round,ThunderWave,DragonDarts,Protect|Jolly||F|||50|]Primarina||MysticWater|LiquidVoice|Round,HyperVoice,Protect,Moonblast|Modest||M|||50|]Aerodactyl||Aerodactylite|Unnerve|Tailwind,RockSlide,Round,DualWingbeat|Hasty||F|||50|]Tsareena||ChoiceScarf|QueenlyMajesty|Round,LowKick,TropKick,TripleAxel|Adamant||F|||50|]Gholdengo||LifeOrb|GoodasGold|MakeItRain,ShadowBall,Protect,Thunderbolt|Timid|||||50|
|inactive|Battle timer is ON: inactive players will automatically lose when time's up. (requested by Opus500)
|inactive|pokim_19 has 60 seconds left.
|
|t:|1784248005
|teamsize|p1|4
|teamsize|p2|4
|start
|switch|p1a: Lycanroc|Lycanroc-Dusk, L50, M|100/100
|switch|p1b: Blaziken|Blaziken, L50, M|100/100
|switch|p2a: Gardevoir|Gardevoir, L50, F|100/100
|switch|p2b: Tsareena|Tsareena, L50, F|100/100
|turn|1
|inactive|pokim_19 has 30 seconds left.
|
|t:|1784248038
|detailschange|p1b: Blaziken|Blaziken-Mega, L50, M
|-mega|p1b: Blaziken|Blaziken|Blazikenite
|detailschange|p2a: Gardevoir|Gardevoir-Mega, L50, F
|-mega|p2a: Gardevoir|Gardevoir|Gardevoirite
|move|p2b: Tsareena|Round|p1a: Lycanroc
|-resisted|p1a: Lycanroc|1
|-damage|p1a: Lycanroc|94/100
|move|p2a: Gardevoir|Round|p1a: Lycanroc|[from] move: Round
|-damage|p1a: Lycanroc|0 fnt
|faint|p1a: Lycanroc
|move|p1b: Blaziken|Flare Blitz|p2b: Tsareena
|-supereffective|p2b: Tsareena|1
|-damage|p2b: Tsareena|0 fnt
|faint|p2b: Tsareena
|-damage|p1b: Blaziken|68/100|[from] Recoil
|
|-ability|p1b: Blaziken|Speed Boost|boost
|-boost|p1b: Blaziken|spe|1
|upkeep
|inactive|Opus500 has 30 seconds left.
|
|t:|1784248064
|switch|p1a: Kingambit|Kingambit, L50, M|100/100
|switch|p2b: Primarina|Primarina, L50, M|100/100
|turn|2
|
|t:|1784248085
|move|p2a: Gardevoir|Protect|p2a: Gardevoir
|-singleturn|p2a: Gardevoir|Protect
|move|p1b: Blaziken|Rock Slide|p2b: Primarina|[spread] p2b
|-activate|p2a: Gardevoir|move: Protect
|-damage|p2b: Primarina|70/100
|move|p2b: Primarina|Hyper Voice|p1b: Blaziken|[spread] p1a,p1b
|-supereffective|p1b: Blaziken|1
|-damage|p1a: Kingambit|57/100
|-damage|p1b: Blaziken|0 fnt
|faint|p1b: Blaziken
|move|p1a: Kingambit|Iron Head|p2a: Gardevoir
|-activate|p2a: Gardevoir|move: Protect
|
|upkeep
|
|t:|1784248098
|switch|p1b: Farigiraf|Farigiraf, L50, F|100/100
|turn|3
|
|t:|1784248121
|move|p2a: Gardevoir|Hyper Voice|p1b: Farigiraf|[spread] p1a,p1b
|-damage|p1a: Kingambit|5/100
|-damage|p1b: Farigiraf|51/100
|move|p2b: Primarina|Hyper Voice|p1b: Farigiraf|[spread] p1a,p1b
|-damage|p1a: Kingambit|0 fnt
|-damage|p1b: Farigiraf|8/100
|faint|p1a: Kingambit
|move|p1b: Farigiraf|Trick Room|p1b: Farigiraf
|-fieldstart|move: Trick Room|[of] p1b: Farigiraf
|
|upkeep
|turn|4
|
|t:|1784248136
|move|p2b: Primarina|Round|p1b: Farigiraf
|-damage|p1b: Farigiraf|0 fnt
|faint|p1b: Farigiraf
|
|win|pokim_19
||Opus500 is ready for game 2.
||pokim_19 is ready for game 2.
|uhtml|next|Next: Game 2 of 3
|l|☆pokim_19
|player|p2|
