|j|☆PicosaurusRex
|j|☆minimoosee
|html|PicosaurusRexminimoosee    
|uhtml|bestof|Game 2 of a best-of-3
|t:|1756593409
|gametype|doubles
|player|p1|PicosaurusRex|doctor-gen8|1037
|player|p2|minimoosee|hilbert|1039
|gen|9
|tier|[Gen 9] VGC 2025 Reg H (Bo3)
|rated|
|rule|Species Clause: Limit one of each Pokémon
|rule|Item Clause: Limit 1 of each item
|clearpoke
|poke|p1|Pelipper, L50, M|
|poke|p1|Archaludon, L50, M|
|poke|p1|Amoonguss, L50, M|
|poke|p1|Incineroar, L50, M|
|poke|p1|Basculegion, L50, M|
|poke|p1|Baxcalibur, L50, F|
|poke|p2|Incineroar, L50, M|
|poke|p2|Whimsicott, L50, M|
|poke|p2|Gholdengo, L50|
|poke|p2|Dragapult, L50, M|
|poke|p2|Sneasler, L50, M|
|poke|p2|Gastrodon-East, L50, M|
|teampreview|4
|showteam|p1|Pelipper||FocusSash|Drizzle|WeatherBall,Hurricane,Protect,Tailwind|||M|||50|,,,,,Grass]Archaludon||AssaultVest|Stamina|ElectroShot,Snarl,BodyPress,DracoMeteor|||M|||50|,,,,,Grass]Amoonguss||RockyHelmet|Regenerator|Spore,PollenPuff,RagePowder,Protect|||M|||50|,,,,,Fairy]Incineroar||SafetyGoggles|Intimidate|FakeOut,FlareBlitz,KnockOff,PartingShot|||M|||50|,,,,,Ghost]Basculegion||ChoiceBand|SwiftSwim|WaveCrash,FlipTurn,LastRespects,AquaJet|||M|||50|,,,,,Water]Baxcalibur||ClearAmulet|ThermalExchange|GlaiveRush,Protect,IceShard,SwordsDance|||F|||50|,,,,,Poison
|showteam|p2|Incineroar||SafetyGoggles|Intimidate|FlareBlitz,FakeOut,KnockOff,PartingShot|||M|||50|,,,,,Ghost]Whimsicott||CovertCloak|Prankster|Moonblast,Tailwind,Encore,LightScreen|||M|||50|,,,,,Water]Gholdengo||LifeOrb|GoodasGold|MakeItRain,ShadowBall,NastyPlot,Protect||||||50|,,,,,Steel]Dragapult||ChoiceBand|ClearBody|DragonDarts,PhantomForce,Uturn,Outrage|||M|||50|,,,,,Dragon]Sneasler||FocusSash|PoisonTouch|DireClaw,CloseCombat,FakeOut,Protect|||M|||50|,,,,,Stellar]Gastrodon-East||Leftovers|StormDrain|EarthPower,Yawn,Protect,ClearSmog|||M|||50|,,,,,Fire
|inactive|Battle timer is ON: inactive players will automatically lose when time's up. (requested by minimoosee)
|inactive|PicosaurusRex has 60 seconds left.
|
|t:|1756593454
|teamsize|p1|4
|teamsize|p2|4
|start
|switch|p1a: Baxcalibur|Baxcalibur, L50, F|100/100
|switch|p1b: Amoonguss|Amoonguss, L50, M|100/100
|switch|p2a: Whimsicott|Whimsicott, L50, M, shiny|100/100
|switch|p2b: Gastrodon|Gastrodon-East, L50, M, shiny|100/100
|turn|1
|
|t:|1756593469
|switch|p2a: Sneasler|Sneasler, L50, M, shiny|100/100
|move|p1a: Baxcalibur|Ice Shard|p2a: Sneasler
|-damage|p2a: Sneasler|60/100
|move|p2b: Gastrodon|Yawn|p1b: Amoonguss
|-start|p1b: Amoonguss|move: Yawn|[of] p2b: Gastrodon
|move|p1b: Amoonguss|Spore|p2b: Gastrodon
|-status|p2b: Gastrodon|slp|[from] move: Spore
|
|upkeep
|turn|2
|inactive|PicosaurusRex has 30 seconds left.
|
|t:|1756593502
|switch|p1b: Archaludon|Archaludon, L50, M|100/100
|-terastallize|p1a: Baxcalibur|Poison
|move|p2a: Sneasler|Protect|p2a: Sneasler
|-singleturn|p2a: Sneasler|Protect
|move|p1a: Baxcalibur|Glaive Rush|p2a: Sneasler
|-activate|p2a: Sneasler|move: Protect
|cant|p2b: Gastrodon|slp
|
|upkeep
|turn|3
|
|t:|1756593516
|switch|p1b: Amoonguss|Amoonguss, L50, M|100/100
|-terastallize|p2a: Sneasler|Stellar
|move|p2a: Sneasler|Close Combat|p1b: Amoonguss
|-resisted|p1b: Amoonguss
|-damage|p1b: Amoonguss|62/100
|-unboost|p2a: Sneasler|def|1
|-unboost|p2a: Sneasler|spd|1
|-damage|p2a: Sneasler|43/100|[from] item: Rocky Helmet|[of] p1b: Amoonguss
|move|p1a: Baxcalibur|Swords Dance|p1a: Baxcalibur
|-boost|p1a: Baxcalibur|atk|2
|cant|p2b: Gastrodon|slp
|
|upkeep
|turn|4
|-message|minimoosee forfeited.
|raw|PicosaurusRex's rating: 1037 → 1072(+35 for winning)
|raw|minimoosee's rating: 1039 → 1023(-16 for losing)
|
|win|PicosaurusRex
|l|☆minimoosee
|player|p2|
