|j|☆wodaiogien
|j|‽TM06ssb
|html|wodaiogienTM06ssb    
|uhtml|bestof|Game 3 of a best-of-3
|t:|1782332516
|gametype|doubles
|player|p1|wodaiogien|2|1131
|player|p2|TM06ssb|morty|1061
|gen|9
|tier|[Gen 9 Champions] VGC 2026 Reg M-B (Bo3)
|rated|
|rule|Species Clause: Limit one of each Pokémon
|rule|Item Clause: Limit 1 of each item
|clearpoke
|poke|p1|Talonflame, L50, F|
|poke|p1|Tsareena, L50, F|
|poke|p1|Raichu, L50, F|
|poke|p1|Basculegion, L50, M|
|poke|p1|Kingambit, L50, F|
|poke|p1|Sneasler, L50, F|
|poke|p2|Gengar, L50, F, shiny|
|poke|p2|Sinistcha, L50|
|poke|p2|Kingambit, L50, M|
|poke|p2|Incineroar, L50, M|
|poke|p2|Ninetales-Alola, L50, F, shiny|
|poke|p2|Sneasler, L50, M|
|teampreview|4
|showteam|p1|Talonflame||FocusSash|GaleWings|DualWingbeat,Tailwind,FlareBlitz,Protect|Jolly||F|||50|]Tsareena||WideLens|QueenlyMajesty|TripleAxel,TropKick,HighJumpKick,Protect|Adamant||F|||50|]Raichu||RaichuniteY|LightningRod|Protect,ZapCannon,FocusBlast,FakeOut|Timid||F|||50|]Basculegion||LifeOrb|Adaptability|WaveCrash,AquaJet,LastRespects,Protect|Adamant||M|||50|]Kingambit||ChopleBerry|Defiant|KowtowCleave,SuckerPunch,IronHead,Protect|Adamant||F|||50|]Sneasler||WhiteHerb|Unburden|Protect,DireClaw,CloseCombat,FakeOut|Adamant||F|||50|
|showteam|p2|Gengar||Gengarite|CursedBody|ShadowBall,SludgeBomb,PerishSong,Protect|Timid||F|||50|]Sinistcha||Leftovers|Hospitality|MatchaGotcha,RagePowder,TrickRoom,LifeDew|Bold|||||50|]Kingambit||ChopleBerry|Defiant|KowtowCleave,SuckerPunch,IronHead,Protect|Adamant||M|||50|]Incineroar||SitrusBerry|Intimidate|FakeOut,PartingShot,FlareBlitz,Protect|Careful||M|||50|]Ninetales-Alola||FocusSash|SnowWarning|AuroraVeil,IcyWind,Blizzard,Encore|Timid||F|||50|]Sneasler||WhiteHerb|Unburden|CloseCombat,DireClaw,FakeOut,Protect|Jolly||M|||50|
|inactive|Battle timer is ON: inactive players will automatically lose when time's up. (requested by wodaiogien)
|inactive|wodaiogien has 60 seconds left.
|
|t:|1782332557
|teamsize|p1|4
|teamsize|p2|4
|start
|switch|p1a: Tsareena|Tsareena, L50, F|100/100
|switch|p1b: Basculegion|Basculegion, L50, M|100/100
|switch|p2a: Ninetales|Ninetales-Alola, L50, F, shiny|100/100
|switch|p2b: Sneasler|Sneasler, L50, M|100/100
|-weather|Snowscape|[from] ability: Snow Warning|[of] p2a: Ninetales
|turn|1
|inactive|wodaiogien has 30 seconds left.
|
|t:|1782332588
|switch|p1b: Kingambit|Kingambit, L50, F|100/100
|move|p1a: Tsareena|Protect|p1a: Tsareena
|-singleturn|p1a: Tsareena|Protect
|move|p2b: Sneasler|Fake Out||[still]
|cant|p1a: Tsareena|ability: Queenly Majesty|Fake Out|[of] p2b: Sneasler
|move|p2a: Ninetales|Aurora Veil|p2a: Ninetales
|-sidestart|p2: TM06ssb|move: Aurora Veil
|
|-weather|Snowscape|[upkeep]
|upkeep
|turn|2
|inactive|wodaiogien has 30 seconds left.
|inactive|TM06ssb has 30 seconds left.
|
|t:|1782332621
|move|p2b: Sneasler|Close Combat|p1b: Kingambit
|-supereffective|p1b: Kingambit|2
|-crit|p1b: Kingambit
|-enditem|p1b: Kingambit|Chople Berry|[eat]
|-enditem|p1b: Kingambit|Chople Berry|[weaken]
|-damage|p1b: Kingambit|0 fnt
|-unboost|p2b: Sneasler|def|1
|-unboost|p2b: Sneasler|spd|1
|faint|p1b: Kingambit
|-enditem|p2b: Sneasler|White Herb
|-clearnegativeboost|p2b: Sneasler|[silent]
|move|p2a: Ninetales|Encore|p1a: Tsareena
|-start|p1a: Tsareena|Encore
|move|p1a: Tsareena|Protect||[still]
|-fail|p1a: Tsareena
|
|-weather|Snowscape|[upkeep]
|upkeep
|-message|wodaiogien forfeited.
|
|win|TM06ssb
|raw|wodaiogien's rating: 1131 → 1101(-30 for losing)
|raw|TM06ssb's rating: 1061 → 1098(+37 for winning)
