|j|☆Sincubii
|j|☆thedelybird
|html|Sincubiithedelybird    
|uhtml|bestof|Game 2 of a best-of-3
|t:|1756688042
|gametype|doubles
|player|p1|Sincubii|palmer|1054
|player|p2|thedelybird|2|1180
|gen|9
|tier|[Gen 9] VGC 2025 Reg H (Bo3)
|rated|
|rule|Species Clause: Limit one of each Pokémon
|rule|Item Clause: Limit 1 of each item
|clearpoke
|poke|p1|Weavile, L50, F|
|poke|p1|Rillaboom, L50, F|
|poke|p1|Magnezone, L50|
|poke|p1|Dragonite, L50, M|
|poke|p1|Infernape, L50, M|
|poke|p1|Primarina, L50, F|
|poke|p2|Archaludon, L50, M|
|poke|p2|Pelipper, L50, M|
|poke|p2|Basculegion, L50, M|
|poke|p2|Sinistcha, L50|
|poke|p2|Electrode-Hisui, L50|
|poke|p2|Spiritomb, L50, F|
|teampreview|4
|showteam|p1|Weavile||FocusSash|Pressure|IceSpinner,FakeOut,KnockOff,Taunt|||F|||50|,,,,,Ghost]Rillaboom||MiracleSeed|GrassySurge|FakeOut,GrassyGlide,WoodHammer,Protect|||F|||50|,,,,,Grass]Magnezone||ChoiceScarf|Sturdy|VoltSwitch,Electroweb,Thunderbolt,FlashCannon||||||50|,,,,,Electric]Dragonite||LoadedDice|Multiscale|Protect,ScaleShot,Tailwind,Haze|||M|||50|,,,,,Fairy]Infernape||LifeOrb|Blaze|HeatWave,Protect,AuraSphere,ScorchingSands|||M|||50|,,,,,Fire]Primarina||ThroatSpray|LiquidVoice|HyperVoice,Moonblast,Protect,CalmMind|||F|||50|,,,,,Steel
|showteam|p2|Archaludon||AssaultVest|Stamina|DragonPulse,FlashCannon,ElectroShot,BodyPress|||M|||50|,,,,,Bug]Pelipper||FocusSash|Drizzle|WeatherBall,Hurricane,Tailwind,Protect|||M|||50|,,,,,Stellar]Basculegion||LifeOrb|SwiftSwim|WaveCrash,LastRespects,AquaJet,Protect|||M|||50|,,,,,Grass]Sinistcha||SitrusBerry|Hospitality|MatchaGotcha,StrengthSap,RagePowder,TrickRoom||||||50|,,,,,Fire]Electrode-Hisui||LoadedDice|Soundproof|BulletSeed,Electroweb,Taunt,ThunderWave||||||50|,,,,,Ghost]Spiritomb||BlackGlasses|Pressure|DarkPulse,Snarl,TrickRoom,Imprison|||F|||50|,,,,,Water
|inactive|Battle timer is ON: inactive players will automatically lose when time's up. (requested by thedelybird)
|
|t:|1756688104
|teamsize|p1|4
|teamsize|p2|4
|start
|switch|p1a: Big Boss|Dragonite, L50, M, shiny|100/100
|switch|p1b: Mr. Cool|Weavile, L50, F|100/100
|switch|p2a: Archaludon|Archaludon, L50, M|100/100
|switch|p2b: Electrode|Electrode-Hisui, L50|100/100
|-ability|p1b: Mr. Cool|Pressure
|turn|1
|
|t:|1756688129
|move|p2b: Electrode|Electroweb|p1a: Big Boss|[spread] p1a,p1b
|-damage|p1a: Big Boss|95/100
|-damage|p1b: Mr. Cool|84/100
|-unboost|p1a: Big Boss|spe|1
|-unboost|p1b: Mr. Cool|spe|1
|move|p1b: Mr. Cool|Ice Spinner|p2b: Electrode
|-supereffective|p2b: Electrode
|-damage|p2b: Electrode|0 fnt
|faint|p2b: Electrode
|move|p2a: Archaludon|Body Press|p1b: Mr. Cool
|-supereffective|p1b: Mr. Cool
|-crit|p1b: Mr. Cool
|-damage|p1b: Mr. Cool|0 fnt
|faint|p1b: Mr. Cool
|move|p1a: Big Boss|Tailwind|p1a: Big Boss
|-sidestart|p1: Sincubii|move: Tailwind
|
|upkeep
|
|t:|1756688146
|switch|p2b: Pelipper|Pelipper, L50, M|100/100
|switch|p1b: Mr. Electro|Magnezone, L50|100/100
|-weather|RainDance|[from] ability: Drizzle|[of] p2b: Pelipper
|turn|2
|
|t:|1756688171
|-terastallize|p1b: Mr. Electro|Electric
|move|p2b: Pelipper|Protect|p2b: Pelipper
|-singleturn|p2b: Pelipper|Protect
|move|p1b: Mr. Electro|Thunderbolt|p2a: Archaludon
|-resisted|p2a: Archaludon
|-damage|p2a: Archaludon|80/100
|-ability|p2a: Archaludon|Stamina|boost
|-boost|p2a: Archaludon|def|1
|move|p1a: Big Boss|Scale Shot|p2b: Pelipper
|-activate|p2b: Pelipper|move: Protect
|move|p2a: Archaludon|Dragon Pulse|p1a: Big Boss
|-supereffective|p1a: Big Boss
|-damage|p1a: Big Boss|19/100
|
|-weather|RainDance|[upkeep]
|upkeep
|turn|3
|
|t:|1756688193
|switch|p2b: Sinistcha|Sinistcha, L50|100/100
|-heal|p2a: Archaludon|100/100|[from] ability: Hospitality|[of] p2b: Sinistcha
|move|p1b: Mr. Electro|Thunderbolt|p2b: Sinistcha
|-resisted|p2b: Sinistcha
|-damage|p2b: Sinistcha|70/100
|move|p1a: Big Boss|Scale Shot|p2b: Sinistcha
|-crit|p2b: Sinistcha
|-damage|p2b: Sinistcha|50/100
|-enditem|p2b: Sinistcha|Sitrus Berry|[eat]
|-heal|p2b: Sinistcha|75/100|[from] item: Sitrus Berry
|-damage|p2b: Sinistcha|62/100
|-damage|p2b: Sinistcha|49/100
|-damage|p2b: Sinistcha|36/100
|-crit|p2b: Sinistcha
|-damage|p2b: Sinistcha|18/100
|-hitcount|p2b: Sinistcha|5
|-unboost|p1a: Big Boss|def|1
|-boost|p1a: Big Boss|spe|1
|move|p2a: Archaludon|Electro Shot||[still]
|-prepare|p2a: Archaludon|Electro Shot
|-boost|p2a: Archaludon|spa|1
|-anim|p2a: Archaludon|Electro Shot|p1a: Big Boss
|-damage|p1a: Big Boss|0 fnt
|faint|p1a: Big Boss
|
|-weather|RainDance|[upkeep]
|upkeep
|
|t:|1756688210
|switch|p1a: Furnace God|Infernape, L50, M|100/100
|turn|4
|inactive|Sincubii has 30 seconds left.
|
|t:|1756688242
|move|p2b: Sinistcha|Rage Powder|p2b: Sinistcha
|-singleturn|p2b: Sinistcha|move: Rage Powder
|move|p1b: Mr. Electro|Thunderbolt|p2b: Sinistcha
|-resisted|p2b: Sinistcha
|-damage|p2b: Sinistcha|0 fnt
|faint|p2b: Sinistcha
|move|p1a: Furnace God|Heat Wave|p2a: Archaludon
|-damage|p2a: Archaludon|83/100
|-ability|p2a: Archaludon|Stamina|boost
|-boost|p2a: Archaludon|def|1
|-damage|p1a: Furnace God|91/100|[from] item: Life Orb
|move|p2a: Archaludon|Electro Shot||[still]
|-prepare|p2a: Archaludon|Electro Shot
|-boost|p2a: Archaludon|spa|1
|-anim|p2a: Archaludon|Electro Shot|p1a: Furnace God
|-damage|p1a: Furnace God|0 fnt
|faint|p1a: Furnace God
|
|-weather|RainDance|[upkeep]
|-sideend|p1: Sincubii|move: Tailwind
|upkeep
|-message|Sincubii forfeited.
|
|win|thedelybird
|raw|Sincubii's rating: 1054 → 1042(-12 for losing)
|raw|thedelybird's rating: 1180 → 1196(+16 for winning)
|l|☆Sincubii
|player|p1|
