|j|☆ratman1324
|j|☆pinba2
|html|ratman1324pinba2    
|uhtml|bestof|Game 2 of a best-of-3
|t:|1757699441
|gametype|doubles
|player|p1|ratman1324|swimmer|1072
|player|p2|pinba2|nate|1000
|gen|9
|tier|[Gen 9] VGC 2025 Reg H (Bo3)
|rated|
|rule|Species Clause: Limit one of each Pokémon
|rule|Item Clause: Limit 1 of each item
|clearpoke
|poke|p1|Tyranitar, L50, M|
|poke|p1|Talonflame, L50, M|
|poke|p1|Indeedee, L50, M|
|poke|p1|Ursaluna-Bloodmoon, L50, M|
|poke|p1|Sneasler, L50, M|
|poke|p1|Electabuzz, L50, M|
|poke|p2|Annihilape, L50, M|
|poke|p2|Garchomp, L50, F|
|poke|p2|Incineroar, L50, M|
|poke|p2|Whimsicott, L50, M|
|poke|p2|Rillaboom, L50, M|
|poke|p2|Palafin, L50, F|
|teampreview|4
|showteam|p1|Tyranitar||AssaultVest|SandStream|RockSlide,KnockOff,LowKick,TeraBlast|||M|||50|,,,,,Flying]Talonflame||CovertCloak|FlameBody|DualWingbeat,WillOWisp,FlareBlitz,Tailwind|||M|||50|,,,,,Fairy]Indeedee||ChoiceSpecs|PsychicSurge|ExpandingForce,TrickRoom,Trick,TeraBlast|||M|||50|,,,,,Psychic]Ursaluna-Bloodmoon||LifeOrb|MindsEye|HyperVoice,BloodMoon,Protect,EarthPower|||M|||50|,,,,,Normal]Sneasler||PsychicSeed|Unburden|DireClaw,CloseCombat,ThroatChop,Protect|||M|||50|,,,,,Dark]Electabuzz||Eviolite|VitalSpirit|FollowMe,Taunt,Protect,Electroweb|||M|||50|,,,,,Ghost
|showteam|p2|Annihilape||ChoiceScarf|Defiant|IcePunch,PoisonJab,RageFist,CloseCombat|||M|||50|,,,,,Dark]Garchomp||FocusSash|RoughSkin|ScaleShot,RockSlide,Earthquake,Protect|||F|||50|,,,,,Ground]Incineroar||CovertCloak|Intimidate|FlareBlitz,SunnyDay,KnockOff,FakeOut|||M|||50|,,,,,Bug]Whimsicott||AbilityShield|Prankster|Encore,Tailwind,DazzlingGleam,TrickRoom|||M|||50|,,,,,Dark]Rillaboom||MiracleSeed|GrassySurge|FakeOut,GrassyGlide,WoodHammer,Taunt|||M|||50|,,,,,Fire]Palafin||MysticWater|ZerotoHero|Haze,WaveCrash,JetPunch,CloseCombat|||F|||50|,,,,,Water
|inactive|Battle timer is ON: inactive players will automatically lose when time's up. (requested by pinba2)
|inactive|ratman1324 has 60 seconds left.
|inactive|ratman1324 has 30 seconds left.
|inactive|ratman1324 has 20 seconds left.
|inactive|ratman1324 has 15 seconds left.
|c|☆pinba2|Go
|
|t:|1757699522
|teamsize|p1|4
|teamsize|p2|4
|start
|switch|p1a: Ursaluna|Ursaluna-Bloodmoon, L50, M|100/100
|switch|p1b: Sneasler|Sneasler, L50, M, shiny|100/100
|switch|p2a: Garchomp|Garchomp, L50, F|100/100
|switch|p2b: Whimsicott|Whimsicott, L50, M|100/100
|turn|1
|
|t:|1757699540
|-terastallize|p2a: Garchomp|Ground
|-terastallize|p1a: Ursaluna|Normal
|move|p2b: Whimsicott|Tailwind|p2b: Whimsicott
|-sidestart|p2: pinba2|move: Tailwind
|move|p2a: Garchomp|Earthquake|p1b: Sneasler|[spread] p2b,p1a,p1b
|-resisted|p2b: Whimsicott
|-supereffective|p1b: Sneasler
|-damage|p2b: Whimsicott|61/100
|-damage|p1a: Ursaluna|60/100
|-damage|p1b: Sneasler|0 fnt
|faint|p1b: Sneasler
|move|p1a: Ursaluna|Blood Moon|p2a: Garchomp
|-enditem|p2a: Garchomp|Focus Sash
|-damage|p2a: Garchomp|1/100
|-damage|p1a: Ursaluna|51/100|[from] item: Life Orb
|
|upkeep
|
|t:|1757699556
|switch|p1b: Talonflame|Talonflame, L50, M, shiny|100/100
|turn|2
|
|t:|1757699571
|move|p2b: Whimsicott|Encore|p1a: Ursaluna
|-start|p1a: Ursaluna|Encore
|move|p2a: Garchomp|Rock Slide|p1b: Talonflame|[spread] p1a,p1b
|-supereffective|p1b: Talonflame
|-damage|p1a: Ursaluna|35/100
|-damage|p1b: Talonflame|0 fnt
|faint|p1b: Talonflame
|move|p1a: Ursaluna|Blood Moon|p2a: Garchomp
|-damage|p2a: Garchomp|0 fnt
|faint|p2a: Garchomp
|-damage|p1a: Ursaluna|25/100|[from] item: Life Orb
|-hint|Some effects can force a Pokemon to use Blood Moon again in a row.
|
|upkeep
|
|t:|1757699592
|switch|p1b: Tyranitar|Tyranitar, L50, M|100/100
|switch|p2a: Annihilape|Annihilape, L50, M|100/100
|-weather|Sandstorm|[from] ability: Sand Stream|[of] p1b: Tyranitar
|turn|3
|inactive|ratman1324 has 30 seconds left.
|inactive|pinba2 has 30 seconds left.
|
|t:|1757699621
|move|p2a: Annihilape|Close Combat|p1b: Tyranitar
|-supereffective|p1b: Tyranitar
|-damage|p1b: Tyranitar|0 fnt
|-unboost|p2a: Annihilape|def|1
|-unboost|p2a: Annihilape|spd|1
|faint|p1b: Tyranitar
|move|p2b: Whimsicott|Dazzling Gleam|p1a: Ursaluna
|-damage|p1a: Ursaluna|0 fnt
|faint|p1a: Ursaluna
|
|win|pinba2
|raw|ratman1324's rating: 1072 → 1047(-25 for losing)
|raw|pinba2's rating: 1000 → 1048(+48 for winning)
|l|☆ratman1324
|player|p1|
