|j|☆lordtentacle69
|j|☆jkavier
|html|lordtentacle69jkavier    
|uhtml|bestof|Game 2 of a best-of-3
|t:|1782965407
|gametype|doubles
|player|p1|lordtentacle69|corbeau|1000
|player|p2|jkavier|101|1021
|gen|9
|tier|[Gen 9 Champions] VGC 2026 Reg M-B (Bo3)
|rated|
|rule|Species Clause: Limit one of each Pokémon
|rule|Item Clause: Limit 1 of each item
|clearpoke
|poke|p1|Aerodactyl, L50, M|
|poke|p1|Charizard, L50, M|
|poke|p1|Kingambit, L50, M|
|poke|p1|Sylveon, L50, M|
|poke|p1|Farigiraf, L50, F|
|poke|p1|Garchomp, L50, F|
|poke|p2|Blaziken, L50, M|
|poke|p2|Milotic, L50, F|
|poke|p2|Sylveon, L50, F, shiny|
|poke|p2|Aerodactyl, L50, M|
|poke|p2|Kingambit, L50, M|
|poke|p2|Garchomp, L50, M|
|teampreview|4
|showteam|p1|Aerodactyl||Aerodactylite|Unnerve|RockSlide,DualWingbeat,IceFang,Tailwind|Jolly||M|||50|]Charizard||CharizarditeY|Blaze|HeatWave,Protect,SolarBeam,WeatherBall|Modest||M|||50|]Kingambit||FocusSash|Defiant|KowtowCleave,SuckerPunch,LowKick,IronHead|Adamant||M|||50|]Sylveon||FairyFeather|Pixilate|HyperVoice,HyperBeam,QuickAttack,Protect|Modest||M|||50|]Farigiraf||SitrusBerry|ArmorTail|Psychic,Protect,TrickRoom,Thunderbolt|Bold||F|||50|]Garchomp||LifeOrb|RoughSkin|Earthquake,StompingTantrum,DragonClaw,Protect|Jolly||F|||50|
|showteam|p2|Blaziken||Blazikenite|SpeedBoost|RockSlide,FlareBlitz,CloseCombat,Protect|Adamant||M|||50|]Milotic||Leftovers|Competitive|Scald,IcyWind,Recover,Protect|Bold||F|||50|]Sylveon||FairyFeather|Pixilate|HyperVoice,Detect,QuickAttack,Yawn|Modest||F|||50|]Aerodactyl||Aerodactylite|RockHead|DualWingbeat,Protect,Tailwind,RockSlide|Jolly||M|||50|]Kingambit||LifeOrb|Defiant|KowtowCleave,IronHead,SuckerPunch,Protect|Adamant||M|||50|]Garchomp||LumBerry|RoughSkin|DragonClaw,Earthquake,RockSlide,Protect|Jolly||M|||50|
|inactive|Battle timer is ON: inactive players will automatically lose when time's up. (requested by jkavier)
|
|t:|1782965474
|teamsize|p1|4
|teamsize|p2|4
|start
|switch|p1a: Farigiraf|Farigiraf, L50, F|100/100
|switch|p1b: Kingambit|Kingambit, L50, M|100/100
|switch|p2a: Aerodactyl|Aerodactyl, L50, M|100/100
|switch|p2b: Garchomp|Garchomp, L50, M|100/100
|turn|1
|inactive|jkavier has 30 seconds left.
|
|t:|1782965501
|move|p2a: Aerodactyl|Rock Slide|p1b: Kingambit|[spread] p1a,p1b
|-resisted|p1b: Kingambit|1
|-damage|p1a: Farigiraf|83/100
|-damage|p1b: Kingambit|90/100
|move|p2b: Garchomp|Earthquake|p1b: Kingambit|[spread] p1a,p1b
|-immune|p2a: Aerodactyl
|-supereffective|p1b: Kingambit|1
|-damage|p1a: Farigiraf|51/100
|-damage|p1b: Kingambit|24/100
|move|p1b: Kingambit|Iron Head|p2a: Aerodactyl
|-supereffective|p2a: Aerodactyl|1
|-damage|p2a: Aerodactyl|0 fnt
|faint|p2a: Aerodactyl
|move|p1a: Farigiraf|Trick Room|p1a: Farigiraf
|-fieldstart|move: Trick Room|[of] p1a: Farigiraf
|
|upkeep
|
|t:|1782965511
|switch|p2a: Sylveon|Sylveon, L50, F, shiny|100/100
|turn|2
|
|t:|1782965529
|move|p2a: Sylveon|Detect|p2a: Sylveon
|-singleturn|p2a: Sylveon|Protect
|move|p1b: Kingambit|Sucker Punch||[still]
|-fail|p1b: Kingambit
|move|p1a: Farigiraf|Psychic|p2a: Sylveon
|-activate|p2a: Sylveon|move: Protect
|move|p2b: Garchomp|Earthquake|p1a: Farigiraf|[spread] p1a,p1b
|-activate|p2a: Sylveon|move: Protect
|-supereffective|p1b: Kingambit|1
|-damage|p1a: Farigiraf|19/100
|-damage|p1b: Kingambit|0 fnt
|-enditem|p1a: Farigiraf|Sitrus Berry|[eat]
|-heal|p1a: Farigiraf|44/100|[from] item: Sitrus Berry
|faint|p1b: Kingambit
|
|upkeep
|
|t:|1782965532
|switch|p1b: Sylveon|Sylveon, L50, M|100/100
|turn|3
|
|t:|1782965550
|move|p2b: Garchomp|Protect|p2b: Garchomp
|-singleturn|p2b: Garchomp|Protect
|move|p1a: Farigiraf|Psychic|p2a: Sylveon
|-damage|p2a: Sylveon|73/100
|move|p1b: Sylveon|Hyper Beam|p2a: Sylveon
|-damage|p2a: Sylveon|0 fnt
|-mustrecharge|p1b: Sylveon
|faint|p2a: Sylveon
|
|upkeep
|
|t:|1782965558
|switch|p2a: Blaziken|Blaziken, L50, M|100/100
|turn|4
|
|t:|1782965576
|move|p1a: Farigiraf|Psychic|p2a: Blaziken
|-supereffective|p2a: Blaziken|1
|-damage|p2a: Blaziken|0 fnt
|faint|p2a: Blaziken
|cant|p1b: Sylveon|recharge
|move|p2b: Garchomp|Rock Slide|p1b: Sylveon|[spread] p1b
|-miss|p2b: Garchomp|p1a: Farigiraf
|-damage|p1b: Sylveon|75/100
|
|upkeep
|turn|5
|
|t:|1782965588
|switch|p1a: Garchomp|Garchomp, L50, F|100/100
|move|p1b: Sylveon|Hyper Voice|p2b: Garchomp
|-supereffective|p2b: Garchomp|1
|-damage|p2b: Garchomp|0 fnt
|faint|p2b: Garchomp
|
|win|lordtentacle69
||lordtentacle69 is ready for game 3.
||jkavier is ready for game 3.
|uhtml|next|Next: Game 3 of 3
