|j|☆Traindelpivgc
|j|☆HyphyJavi
|html|TraindelpivgcHyphyJavi    
|uhtml|bestof|Game 2 of a best-of-3
|t:|1756481471
|gametype|doubles
|player|p1|Traindelpivgc|hilbert-wonderlauncher|1138
|player|p2|HyphyJavi|dancer|1264
|gen|9
|tier|[Gen 9] VGC 2025 Reg H (Bo3)
|rated|
|rule|Species Clause: Limit one of each Pokémon
|rule|Item Clause: Limit 1 of each item
|clearpoke
|poke|p1|Incineroar, L50, M|
|poke|p1|Amoonguss, L50, F|
|poke|p1|Ursaluna-Bloodmoon, L50, M|
|poke|p1|Sneasler, L50, F|
|poke|p1|Gholdengo, L50|
|poke|p1|Dragonite, L50, M|
|poke|p2|Hatterene, L50, F|
|poke|p2|Indeedee-F, L50, F|
|poke|p2|Torkoal, L50, M|
|poke|p2|Gallade, L50, M|
|poke|p2|Sneasler, L50, M|
|poke|p2|Farigiraf, L50, M|
|teampreview|4
|showteam|p1|Incineroar||SafetyGoggles|Intimidate|FlareBlitz,KnockOff,PartingShot,FakeOut|||M|||50|,,,,,Ghost]Amoonguss||SitrusBerry|Regenerator|Spore,RagePowder,PollenPuff,Protect|||F|||50|,,,,,Psychic]Ursaluna-Bloodmoon||AssaultVest|MindsEye|HyperVoice,BloodMoon,EarthPower,VacuumWave|||M|||50|,,,,,Water]Sneasler||FocusSash|Unburden|CloseCombat,DireClaw,ThroatChop,Protect|||F|||50|,,,,,Stellar]Gholdengo||LifeOrb|GoodasGold|MakeItRain,ShadowBall,NastyPlot,Protect||||||50|,,,,,Water]Dragonite||LoadedDice|Multiscale|ScaleShot,Tailwind,Haze,Protect|||M|||50|,,,,,Fairy
|showteam|p2|Hatterene||LifeOrb|MagicBounce|ExpandingForce,DazzlingGleam,Psychic,TrickRoom|||F|||50|,,,,,Psychic]Indeedee-F||SafetyGoggles|PsychicSurge|FollowMe,HelpingHand,Psychic,TrickRoom|||F|||50|,,,,,Steel]Torkoal||Charcoal|Drought|Eruption,HeatWave,SolarBeam,WeatherBall|||M|||50|,,,,,Fire]Gallade||ClearAmulet|Sharpness|SacredSword,NightSlash,WideGuard,TrickRoom|||M|||50|,,,,,Dark]Sneasler||PsychicSeed|Unburden|DireClaw,CloseCombat,ThroatChop,RockSlide|||M|||50|,,,,,Stellar]Farigiraf||ThroatSpray|ArmorTail|HyperVoice,HelpingHand,AllySwitch,TrickRoom|||M|||50|,,,,,Fairy
|c|☆HyphyJavi|glhf
|
|t:|1756481514
|teamsize|p1|4
|teamsize|p2|4
|start
|switch|p1a: Ursaluna|Ursaluna-Bloodmoon, L50, M|100/100
|switch|p1b: Sneasler|Sneasler, L50, F|100/100
|switch|p2a: Indeedee|Indeedee-F, L50, F|100/100
|switch|p2b: Sneasler|Sneasler, L50, M|100/100
|-fieldstart|move: Psychic Terrain|[from] ability: Psychic Surge|[of] p2a: Indeedee
|-enditem|p2b: Sneasler|Psychic Seed
|-boost|p2b: Sneasler|spd|1|[from] item: Psychic Seed
|turn|1
|inactive|Battle timer is ON: inactive players will automatically lose when time's up. (requested by Traindelpivgc)
|inactive|Traindelpivgc has 60 seconds left.
|inactive|HyphyJavi has 60 seconds left.
|
|t:|1756481569
|switch|p1b: Incineroar|Incineroar, L50, M|100/100
|-ability|p1b: Incineroar|Intimidate|boost
|-unboost|p2a: Indeedee|atk|1
|-unboost|p2b: Sneasler|atk|1
|-terastallize|p2a: Indeedee|Steel
|-terastallize|p1a: Ursaluna|Water
|move|p2b: Sneasler|Dire Claw|p1b: Incineroar
|-damage|p1b: Incineroar|73/100
|-status|p1b: Incineroar|par
|move|p1a: Ursaluna|Earth Power|p2b: Sneasler
|-supereffective|p2b: Sneasler
|-damage|p2b: Sneasler|11/100
|move|p2a: Indeedee|Trick Room|p2a: Indeedee
|-fieldstart|move: Trick Room|[of] p2a: Indeedee
|
|upkeep
|turn|2
|inactive|Traindelpivgc has 30 seconds left.
|inactive|HyphyJavi has 30 seconds left.
|inactive|Traindelpivgc has 20 seconds left.
|
|t:|1756481608
|switch|p2b: Gallade|Gallade, L50, M|100/100
|move|p1b: Incineroar|Flare Blitz|p2a: Indeedee
|-supereffective|p2a: Indeedee
|-damage|p2a: Indeedee|0 fnt
|faint|p2a: Indeedee
|-damage|p1b: Incineroar|45/100 par|[from] Recoil
|move|p1a: Ursaluna|Hyper Voice|p2b: Gallade
|-damage|p2b: Gallade|58/100
|
|upkeep
|
|t:|1756481618
|switch|p2a: Torkoal|Torkoal, L50, M, shiny|100/100
|-weather|SunnyDay|[from] ability: Drought|[of] p2a: Torkoal
|turn|3
|inactive|Traindelpivgc has 30 seconds left.
|
|t:|1756481652
|move|p2a: Torkoal|Solar Beam||[still]
|-prepare|p2a: Torkoal|Solar Beam
|-anim|p2a: Torkoal|Solar Beam|p1a: Ursaluna
|-supereffective|p1a: Ursaluna
|-damage|p1a: Ursaluna|54/100
|move|p1b: Incineroar|Parting Shot|p2a: Torkoal
|-unboost|p2a: Torkoal|atk|1
|-unboost|p2a: Torkoal|spa|1
|
|t:|1756481661
|switch|p1b: Amoonguss|Amoonguss, L50, F|100/100|[from] Parting Shot
|move|p2b: Gallade|Sacred Sword|p1b: Amoonguss
|-resisted|p1b: Amoonguss
|-damage|p1b: Amoonguss|70/100
|move|p1a: Ursaluna|Blood Moon|p2b: Gallade
|-damage|p2b: Gallade|0 fnt
|faint|p2b: Gallade
|
|-weather|SunnyDay|[upkeep]
|upkeep
|
|t:|1756481673
|switch|p2b: Sneasler|Sneasler, L50, M|11/100
|turn|4
|c|☆HyphyJavi|gg
|-message|HyphyJavi forfeited.
|
|win|Traindelpivgc
||HyphyJavi is ready for game 3.
|inactive|Traindelpivgc has 30 seconds to confirm battle start!
||Traindelpivgc is ready for game 3.
|uhtml|next|Next: Game 3 of 3
|l|☆HyphyJavi
|player|p2|
