|j|☆Elsa Lamance
|j|☆BigE3L
|html|Elsa LamanceBigE3L    
|uhtml|bestof|Game 1 of a best-of-3
|t:|1756412423
|gametype|doubles
|player|p1|Elsa Lamance|hugh|1164
|player|p2|BigE3L|gambler|1222
|gen|9
|tier|[Gen 9] VGC 2025 Reg H (Bo3)
|rated|
|rule|Species Clause: Limit one of each Pokémon
|rule|Item Clause: Limit 1 of each item
|clearpoke
|poke|p1|Tyranitar, L50, M|
|poke|p1|Excadrill, L50, M|
|poke|p1|Sneasler, L50, M|
|poke|p1|Primarina, L50, F|
|poke|p1|Indeedee, L50, M|
|poke|p1|Volcarona, L50, F|
|poke|p2|Torkoal, L50, M|
|poke|p2|Porygon2, L50|
|poke|p2|Ursaluna, L50, M|
|poke|p2|Rillaboom, L50, M|
|poke|p2|Lilligant-Hisui, L50, F|
|poke|p2|Ninetales, L50, F|
|teampreview|4
|showteam|p1|Tyranitar||AssaultVest|SandStream|RockSlide,KnockOff,LowKick,TeraBlast|||M|||50|,,,,,Flying]Excadrill||ClearAmulet|SandRush|IronHead,HighHorsepower,Protect,Earthquake|||M|||50|,,,,,Ground]Sneasler||PsychicSeed|Unburden|CloseCombat,DireClaw,ThroatChop,Protect|||M|||50|,,,,,Dark]Primarina||LifeOrb|LiquidVoice|HyperVoice,Moonblast,Protect,Haze|||F|||50|,,,,,Grass]Indeedee||ChoiceScarf|PsychicSurge|ExpandingForce,TeraBlast,Trick,Protect|||M|||50|,,,,,Psychic]Volcarona||SitrusBerry|FlameBody|Overheat,StruggleBug,RagePowder,Tailwind|||F|||50|,,,,,Grass
|showteam|p2|Torkoal||Charcoal|Drought|Eruption,EarthPower,HeatWave,Protect|||M|||50|,,,,,Grass]Porygon2||Eviolite|Download|TrickRoom,Recover,TeraBlast,IceBeam||||||50|,,,,,Grass]Ursaluna||FlameOrb|Guts|Facade,HeadlongRush,Earthquake,Protect|||M|||50|,,,,,Ghost]Rillaboom||AssaultVest|GrassySurge|FakeOut,GrassyGlide,WoodHammer,HighHorsepower|||M|||50|,,,,,Fire]Lilligant-Hisui||FocusSash|Chlorophyll|Protect,CloseCombat,AfterYou,LeafBlade|||F|||50|,,,,,Ghost]Ninetales||CovertCloak|Drought|SunnyDay,WeatherBall,Protect,SolarBeam|||F|||50|,,,,,Grass
|inactive|Battle timer is ON: inactive players will automatically lose when time's up. (requested by BigE3L)
|
|t:|1756412459
|teamsize|p1|4
|teamsize|p2|4
|start
|switch|p1a: Sneasler|Sneasler, L50, M, shiny|100/100
|switch|p1b: Excadrill|Excadrill, L50, M|100/100
|switch|p2a: Porygon2|Porygon2, L50|100/100
|switch|p2b: Ursaluna|Ursaluna, L50, M|100/100
|-ability|p2a: Porygon2|Download|boost
|-boost|p2a: Porygon2|atk|1
|turn|1
|inactive|BigE3L has 30 seconds left.
|
|t:|1756412487
|-terastallize|p2b: Ursaluna|Ghost
|move|p1a: Sneasler|Dire Claw|p2a: Porygon2
|-damage|p2a: Porygon2|78/100
|move|p1b: Excadrill|Iron Head|p2a: Porygon2
|-damage|p2a: Porygon2|55/100
|move|p2b: Ursaluna|Earthquake|p1a: Sneasler|[spread] p2a,p1a,p1b
|-supereffective|p1a: Sneasler
|-supereffective|p1b: Excadrill
|-damage|p2a: Porygon2|29/100
|-damage|p1a: Sneasler|0 fnt
|-damage|p1b: Excadrill|0 fnt
|faint|p1a: Sneasler
|faint|p1b: Excadrill
|move|p2a: Porygon2|Trick Room|p2a: Porygon2
|-fieldstart|move: Trick Room|[of] p2a: Porygon2
|
|-status|p2b: Ursaluna|brn|[from] item: Flame Orb
|upkeep
|
|t:|1756412496
|switch|p1b: Tyranitar|Tyranitar, L50, M, shiny|100/100
|switch|p1a: Indeedee|Indeedee, L50, M|100/100
|-weather|Sandstorm|[from] ability: Sand Stream|[of] p1b: Tyranitar
|-fieldstart|move: Psychic Terrain|[from] ability: Psychic Surge|[of] p1a: Indeedee
|turn|2
|
|t:|1756412512
|-terastallize|p1b: Tyranitar|Flying
|move|p2b: Ursaluna|Earthquake|p1a: Indeedee|[spread] p2a,p1a
|-immune|p1b: Tyranitar
|-damage|p2a: Porygon2|0 fnt
|-damage|p1a: Indeedee|0 fnt
|faint|p2a: Porygon2
|faint|p1a: Indeedee
|move|p1b: Tyranitar|Knock Off|p2b: Ursaluna
|-supereffective|p2b: Ursaluna
|-damage|p2b: Ursaluna|18/100 brn
|-enditem|p2b: Ursaluna|Flame Orb|[from] move: Knock Off|[of] p1b: Tyranitar
|
|-weather|Sandstorm|[upkeep]
|-damage|p2b: Ursaluna|12/100 brn|[from] Sandstorm
|-damage|p1b: Tyranitar|94/100|[from] Sandstorm
|-damage|p2b: Ursaluna|6/100 brn|[from] brn
|upkeep
|
|t:|1756412518
|switch|p2a: Torkoal|Torkoal, L50, M|100/100
|-weather|SunnyDay|[from] ability: Drought|[of] p2a: Torkoal
|turn|3
|
|t:|1756412522
|move|p2a: Torkoal|Eruption|p1b: Tyranitar
|-damage|p1b: Tyranitar|24/100
|move|p2b: Ursaluna|Facade|p1b: Tyranitar
|-damage|p1b: Tyranitar|0 fnt
|faint|p1b: Tyranitar
|
|win|BigE3L
||BigE3L is ready for game 2.
|inactive|Elsa Lamance has 30 seconds to confirm battle start!
||Elsa Lamance is ready for game 2.
|uhtml|next|Next: Game 2 of 3
|l|☆Elsa Lamance
|player|p1|
