|j|☆lazarett
|j|‽Desertfreak
|html|lazarettDesertfreak    
|uhtml|bestof|Game 2 of a best-of-3
|t:|1757670285
|gametype|doubles
|player|p1|lazarett|riley|1303
|player|p2|Desertfreak|266|1345
|gen|9
|tier|[Gen 9] VGC 2025 Reg H (Bo3)
|rated|
|rule|Species Clause: Limit one of each Pokémon
|rule|Item Clause: Limit 1 of each item
|clearpoke
|poke|p1|Slaking, L50, F|
|poke|p1|Weezing, L50, M|
|poke|p1|Tatsugiri-Droopy, L50, F|
|poke|p1|Dondozo, L50, M|
|poke|p1|Kilowattrel, L50, M|
|poke|p1|Mamoswine, L50, M|
|poke|p2|Gholdengo, L50|
|poke|p2|Kilowattrel, L50, M|
|poke|p2|Incineroar, L50, F|
|poke|p2|Amoonguss, L50, F|
|poke|p2|Porygon2, L50|
|poke|p2|Ursaluna, L50, M|
|teampreview|4
|showteam|p1|Slaking||LifeOrb|Truant|Protect,DoubleEdge,HighHorsepower,SuckerPunch|||F|||50|,,,,,Ghost]Weezing||CovertCloak|NeutralizingGas|Protect,ToxicSpikes,WillOWisp,SludgeBomb|||M|||50|,,,,,Fairy]Tatsugiri-Droopy||AssaultVest|Commander|MuddyWater,DracoMeteor,IcyWind,MirrorCoat|||F|||50|,,,,,Steel]Dondozo||Leftovers|Unaware|Protect,OrderUp,WaveCrash,Earthquake|||M|||50|,,,,,Steel]Kilowattrel||ChoiceSpecs|Competitive|VoltSwitch,Discharge,AirSlash,Thunderbolt|||M|||50|,,,,,Ghost]Mamoswine||FocusSash|Oblivious|Protect,Earthquake,IceShard,IcicleCrash|||M|||50|,,,,,Ghost
|showteam|p2|Gholdengo||LifeOrb|GoodasGold|MakeItRain,ShadowBall,Protect,NastyPlot||||||50|,,,,,Water]Kilowattrel||FocusSash|Competitive|AirSlash,Thunderbolt,Tailwind,Protect|||M|||50|,,,,,Ghost]Incineroar||SafetyGoggles|Intimidate|FakeOut,FlareBlitz,KnockOff,PartingShot|||F|||50|,,,,,Ghost]Amoonguss||SitrusBerry|Regenerator|PollenPuff,Spore,RagePowder,Protect|||F|||50|,,,,,Water]Porygon2||Eviolite|Download|TeraBlast,IceBeam,Recover,TrickRoom||||||50|,,,,,Fighting]Ursaluna||FlameOrb|Guts|Earthquake,Facade,HeadlongRush,Protect|||M|||50|,,,,,Ghost
|
|t:|1757670296
|teamsize|p1|4
|teamsize|p2|4
|start
|switch|p1a: Kilowattrel|Kilowattrel, L50, M|100/100
|switch|p1b: Mamoswine|Mamoswine, L50, M|100/100
|switch|p2a: Porygon2|Porygon2, L50, shiny|100/100
|switch|p2b: Incineroar|Incineroar, L50, F, shiny|100/100
|-ability|p2b: Incineroar|Intimidate|boost
|-unboost|p1a: Kilowattrel|atk|1
|-ability|p1a: Kilowattrel|Competitive|boost
|-boost|p1a: Kilowattrel|spa|2
|-fail|p1b: Mamoswine|unboost|Attack|[from] ability: Oblivious|[of] p1b: Mamoswine
|-ability|p2a: Porygon2|Download|boost
|-boost|p2a: Porygon2|spa|1
|turn|1
|
|t:|1757670319
|-terastallize|p1b: Mamoswine|Ghost
|move|p1a: Kilowattrel|Thunderbolt|p2a: Porygon2
|-damage|p2a: Porygon2|29/100
|move|p1b: Mamoswine|Earthquake|p2b: Incineroar|[spread] p2a,p2b
|-immune|p1a: Kilowattrel
|-supereffective|p2b: Incineroar
|-damage|p2a: Porygon2|0 fnt
|-damage|p2b: Incineroar|16/100
|faint|p2a: Porygon2
|move|p2b: Incineroar|Knock Off|p1a: Kilowattrel
|-damage|p1a: Kilowattrel|16/100
|-enditem|p1a: Kilowattrel|Choice Specs|[from] move: Knock Off|[of] p2b: Incineroar
|
|upkeep
|
|t:|1757670328
|switch|p2a: Amoonguss|Amoonguss, L50, F, shiny|100/100
|turn|2
|
|t:|1757670350
|switch|p2b: Ursaluna|Ursaluna, L50, M, shiny|100/100
|move|p1a: Kilowattrel|Thunderbolt|p2a: Amoonguss
|-resisted|p2a: Amoonguss
|-damage|p2a: Amoonguss|67/100
|move|p1b: Mamoswine|Earthquake|p2a: Amoonguss|[spread] p2a,p2b
|-immune|p1a: Kilowattrel
|-damage|p2a: Amoonguss|31/100
|-damage|p2b: Ursaluna|68/100
|-enditem|p2a: Amoonguss|Sitrus Berry|[eat]
|-heal|p2a: Amoonguss|56/100|[from] item: Sitrus Berry
|move|p2a: Amoonguss|Spore|p1b: Mamoswine
|-status|p1b: Mamoswine|slp|[from] move: Spore
|
|-status|p2b: Ursaluna|brn|[from] item: Flame Orb
|upkeep
|turn|3
|
|t:|1757670380
|cant|p1b: Mamoswine|slp
|move|p2b: Ursaluna|Protect|p2b: Ursaluna
|-singleturn|p2b: Ursaluna|Protect
|move|p1a: Kilowattrel|Air Slash|p2a: Amoonguss
|-supereffective|p2a: Amoonguss
|-crit|p2a: Amoonguss
|-damage|p2a: Amoonguss|0 fnt
|faint|p2a: Amoonguss
|
|-damage|p2b: Ursaluna|62/100 brn|[from] brn
|upkeep
|-message|Desertfreak forfeited.
|
|win|lazarett
||Desertfreak is ready for game 3.
||lazarett is ready for game 3.
|uhtml|next|Next: Game 3 of 3
|l|‽Desertfreak
|player|p2|
|l|☆lazarett
|player|p1|
