|j|☆Nimblefrog6
|j|☆AemBigChilling
|html|Nimblefrog6AemBigChilling    
|uhtml|bestof|Game 1 of a best-of-3
|t:|1757760440
|gametype|doubles
|player|p1|Nimblefrog6|medium-gen2jp|1154
|player|p2|AemBigChilling|lass-gen4|1117
|gen|9
|tier|[Gen 9] VGC 2025 Reg H (Bo3)
|rated|
|rule|Species Clause: Limit one of each Pokémon
|rule|Item Clause: Limit 1 of each item
|clearpoke
|poke|p1|Gholdengo, L50|
|poke|p1|Sneasler, L50, M|
|poke|p1|Rillaboom, L50, F|
|poke|p1|Ninetales-Alola, L50, M|
|poke|p1|Ursaluna-Bloodmoon, L50, M|
|poke|p1|Incineroar, L50, F|
|poke|p2|Charizard, L50, F|
|poke|p2|Torkoal, L50, M|
|poke|p2|Porygon2, L50|
|poke|p2|Incineroar, L50, F|
|poke|p2|Jumpluff, L50, M|
|poke|p2|Ursaluna, L50, M|
|teampreview|4
|showteam|p1|Gholdengo||GrassySeed|GoodasGold|NastyPlot,MakeItRain,ShadowBall,Protect||||||50|,,,,,Water]Sneasler||WhiteHerb|Unburden|CloseCombat,DireClaw,ThroatChop,Protect|||M|||50|,,,,,Ghost]Rillaboom||MiracleSeed|GrassySurge|FakeOut,GrassyGlide,DrumBeating,HighHorsepower|||F|||50|,,,,,Fire]Ninetales-Alola||FocusSash|SnowWarning|Blizzard,IcyWind,Encore,AuroraVeil|||M|||50|,,,,,Ghost]Ursaluna-Bloodmoon||AssaultVest|MindsEye|HyperVoice,BloodMoon,EarthPower,VacuumWave|||M|||50|,,,,,Ghost]Incineroar||SitrusBerry|Intimidate|FakeOut,KnockOff,PartingShot,FlareBlitz|||F|||50|,,,,,Ghost
|showteam|p2|Charizard||ChoiceSpecs|SolarPower|HeatWave,Overheat,WeatherBall,DragonPulse|||F|||50|,,,,,Ghost]Torkoal||EjectPack|Drought|Eruption,Overheat,HelpingHand,Protect|||M|||50|,,,,,Fire]Porygon2||Eviolite|Download|IceBeam,TeraBlast,TrickRoom,Recover||||||50|,,,,,Fighting]Incineroar||SitrusBerry|Intimidate|FlareBlitz,KnockOff,FakeOut,PartingShot|||F|||50|,,,,,Ghost]Jumpluff||CovertCloak|Chlorophyll|SleepPowder,SunnyDay,RagePowder,Tailwind|||M|||50|,,,,,Water]Ursaluna||FlameOrb|Guts|HeadlongRush,Facade,Earthquake,Protect|||M|||50|,,,,,Ghost
|inactive|Battle timer is ON: inactive players will automatically lose when time's up. (requested by Nimblefrog6)
|inactive|AemBigChilling has 60 seconds left.
|inactive|AemBigChilling has 30 seconds left.
|
|t:|1757760509
|teamsize|p1|4
|teamsize|p2|4
|start
|switch|p1a: Bear|Ursaluna-Bloodmoon, L50, M|100/100
|switch|p1b: Cat|Incineroar, L50, F|100/100
|switch|p2a: Charizard|Charizard, L50, F|100/100
|switch|p2b: Incineroar|Incineroar, L50, F|100/100
|-ability|p2b: Incineroar|Intimidate|boost
|-unboost|p1a: Bear|atk|1
|-unboost|p1b: Cat|atk|1
|-ability|p1b: Cat|Intimidate|boost
|-unboost|p2a: Charizard|atk|1
|-unboost|p2b: Incineroar|atk|1
|turn|1
|inactive|Nimblefrog6 has 30 seconds left.
|inactive|AemBigChilling has 30 seconds left.
|inactive|Nimblefrog6 has 20 seconds left.
|inactive|AemBigChilling has 20 seconds left.
|inactive|AemBigChilling has 15 seconds left.
|
|t:|1757760553
|switch|p2b: Torkoal|Torkoal, L50, M|100/100
|-weather|SunnyDay|[from] ability: Drought|[of] p2b: Torkoal
|move|p1b: Cat|Fake Out|p2a: Charizard
|-damage|p2a: Charizard|91/100
|cant|p2a: Charizard|flinch
|move|p1a: Bear|Blood Moon|p2a: Charizard
|-damage|p2a: Charizard|0 fnt
|faint|p2a: Charizard
|
|-weather|SunnyDay|[upkeep]
|upkeep
|
|t:|1757760566
|switch|p2a: Incineroar|Incineroar, L50, F|100/100
|-ability|p2a: Incineroar|Intimidate|boost
|-unboost|p1a: Bear|atk|1
|-unboost|p1b: Cat|atk|1
|turn|2
|inactive|AemBigChilling has 30 seconds left.
|inactive|AemBigChilling has 20 seconds left.
|
|t:|1757760602
|switch|p1b: Fox|Ninetales-Alola, L50, M|100/100
|-weather|Snowscape|[from] ability: Snow Warning|[of] p1b: Fox
|-terastallize|p1a: Bear|Ghost
|move|p2a: Incineroar|Fake Out|p1a: Bear
|-immune|p1a: Bear
|move|p1a: Bear|Earth Power|p2b: Torkoal
|-supereffective|p2b: Torkoal
|-damage|p2b: Torkoal|0 fnt
|faint|p2b: Torkoal
|
|-weather|Snowscape|[upkeep]
|upkeep
|-message|AemBigChilling forfeited.
|
|win|Nimblefrog6
|l|☆AemBigChilling
|player|p2|
||AemBigChilling is ready for game 2.
||Nimblefrog6 is ready for game 2.
|uhtml|next|Next: Game 2 of 3
