|j|☆sam0el
|j|☆Homero tg
|html|sam0elHomero tg    
|uhtml|bestof|Game 1 of a best-of-3
|t:|1756352491
|gametype|doubles
|player|p1|sam0el|veteran|1067
|player|p2|Homero tg|170|1058
|gen|9
|tier|[Gen 9] VGC 2025 Reg H (Bo3)
|rated|
|rule|Species Clause: Limit one of each Pokémon
|rule|Item Clause: Limit 1 of each item
|clearpoke
|poke|p1|Hatterene, L50, F|
|poke|p1|Indeedee-F, L50, F|
|poke|p1|Gallade, L50, M|
|poke|p1|Torkoal, L50, M|
|poke|p1|Zoroark-Hisui, L50, F|
|poke|p1|Ursaluna-Bloodmoon, L50, M|
|poke|p2|Ursaluna, L50, F|
|poke|p2|Jumpluff, L50, M|
|poke|p2|Charizard, L50, M|
|poke|p2|Torkoal, L50, M|
|poke|p2|Incineroar, L50, M|
|poke|p2|Porygon2, L50|
|teampreview|4
|showteam|p1|Hatterene||MindPlate|MagicBounce|ExpandingForce,DazzlingGleam,Protect,TrickRoom|||F|||50|,,,,,Fire]Indeedee-F||PsychicSeed|PsychicSurge|FollowMe,HelpingHand,TrickRoom,HealPulse|||F|||50|,,,,,Water]Gallade||ClearAmulet|Sharpness|SacredSword,PsychoCut,WideGuard,TrickRoom|||M|||50|,,,,,Grass]Torkoal||ChoiceSpecs|Drought|Eruption,HeatWave,WeatherBall,EarthPower|||M|||50|,,,,,Fire]Zoroark-Hisui||LifeOrb|Illusion|HyperBeam,ShadowBall,Protect,Flamethrower|||F|||50|,,,,,Stellar]Ursaluna-Bloodmoon||SilkScarf|MindsEye|EarthPower,BloodMoon,HyperVoice,HyperBeam|||M|||50|,,,,,Normal
|showteam|p2|Ursaluna||FlameOrb|Guts|HeadlongRush,Facade,Earthquake,Protect|||F|||50|,,,,,Ghost]Jumpluff||CovertCloak|Chlorophyll|SleepPowder,SunnyDay,Tailwind,RagePowder|||M|||50|,,,,,Fire]Charizard||ChoiceSpecs|SolarPower|DragonPulse,HeatWave,Overheat,WeatherBall|||M|||50|,,,,,Ghost]Torkoal||EjectPack|Drought|ClearSmog,Eruption,Overheat,Protect|||M|||50|,,,,,Fire]Incineroar||SitrusBerry|Intimidate|FakeOut,FlareBlitz,KnockOff,PartingShot|||M|||50|,,,,,Ghost]Porygon2||Eviolite|Download|TeraBlast,IceBeam,Recover,TrickRoom||||||50|,,,,,Fighting
|
|t:|1756352517
|teamsize|p1|4
|teamsize|p2|4
|start
|switch|p1a: Hatterene|Hatterene, L50, F|100/100
|switch|p1b: Indeedee|Indeedee-F, L50, F|100/100
|switch|p2a: Jumpluff|Jumpluff, L50, M|100/100
|switch|p2b: Torkoal|Torkoal, L50, M|100/100
|-fieldstart|move: Psychic Terrain|[from] ability: Psychic Surge|[of] p1b: Indeedee
|-enditem|p1b: Indeedee|Psychic Seed
|-boost|p1b: Indeedee|spd|1|[from] item: Psychic Seed
|-weather|SunnyDay|[from] ability: Drought|[of] p2b: Torkoal
|turn|1
|
|t:|1756352549
|-terastallize|p1a: Hatterene|Fire
|move|p1b: Indeedee|Follow Me|p1b: Indeedee
|-singleturn|p1b: Indeedee|move: Follow Me
|move|p2a: Jumpluff|Sleep Powder|p1b: Indeedee|[miss]
|-miss|p2a: Jumpluff|p1b: Indeedee
|move|p2b: Torkoal|Eruption|p1b: Indeedee|[spread] p1a,p1b
|-resisted|p1a: Hatterene
|-damage|p1a: Hatterene|63/100
|-damage|p1b: Indeedee|54/100
|move|p1a: Hatterene|Trick Room|p1a: Hatterene
|-fieldstart|move: Trick Room|[of] p1a: Hatterene
|
|-weather|SunnyDay|[upkeep]
|upkeep
|turn|2
|
|t:|1756352570
|-terastallize|p2b: Torkoal|Fire
|move|p1b: Indeedee|Helping Hand|p1a: Hatterene
|-singleturn|p1a: Hatterene|Helping Hand|[of] p1b: Indeedee
|move|p2a: Jumpluff|Rage Powder|p2a: Jumpluff
|-singleturn|p2a: Jumpluff|move: Rage Powder
|move|p2b: Torkoal|Eruption|p1b: Indeedee|[spread] p1a,p1b
|-resisted|p1a: Hatterene
|-damage|p1a: Hatterene|10/100
|-damage|p1b: Indeedee|0 fnt
|faint|p1b: Indeedee
|move|p1a: Hatterene|Expanding Force|p2a: Jumpluff|[spread] p2a,p2b
|-damage|p2a: Jumpluff|0 fnt
|-damage|p2b: Torkoal|0 fnt
|faint|p2a: Jumpluff
|faint|p2b: Torkoal
|
|-weather|SunnyDay|[upkeep]
|upkeep
|
|t:|1756352587
|switch|p2b: Charizard|Charizard, L50, M|100/100
|switch|p1b: Torkoal|Torkoal, L50, M|100/100
|switch|p2a: Ursaluna|Ursaluna, L50, F|100/100
|turn|3
|
|t:|1756352596
|move|p1b: Torkoal|Eruption|p2b: Charizard|[spread] p2a,p2b
|-resisted|p2b: Charizard
|-damage|p2a: Ursaluna|0 fnt
|-damage|p2b: Charizard|30/100
|faint|p2a: Ursaluna
|move|p1a: Hatterene|Expanding Force|p2b: Charizard
|-damage|p2b: Charizard|0 fnt
|faint|p2b: Charizard
|
|win|sam0el
||Homero tg is ready for game 2.
|inactive|sam0el has 30 seconds to confirm battle start!
||sam0el is ready for game 2.
|uhtml|next|Next: Game 2 of 3
