|j|☆Blitzukoy
|j|☆Goat Pincurchin
|html|BlitzukoyGoat Pincurchin    
|uhtml|bestof|Game 1 of a best-of-3
|t:|1757747579
|gametype|doubles
|player|p1|Blitzukoy|2|1303
|player|p2|Goat Pincurchin|pokemonranger-gen4|1338
|gen|9
|tier|[Gen 9] VGC 2025 Reg H (Bo3)
|rated|
|rule|Species Clause: Limit one of each Pokémon
|rule|Item Clause: Limit 1 of each item
|clearpoke
|poke|p1|Dragonite, L50, F|
|poke|p1|Ursaluna-Bloodmoon, L50, M|
|poke|p1|Gholdengo, L50|
|poke|p1|Rillaboom, L50, F|
|poke|p1|Annihilape, L50, M|
|poke|p1|Ninetales-Alola, L50, M|
|poke|p2|Gholdengo, L50|
|poke|p2|Annihilape, L50, F|
|poke|p2|Talonflame, L50, F|
|poke|p2|Ursaluna-Bloodmoon, L50, M|
|poke|p2|Rillaboom, L50, M|
|poke|p2|Dragonite, L50, M|
|teampreview|4
|showteam|p1|Dragonite||LoadedDice|Multiscale|ScaleShot,ExtremeSpeed,Tailwind,Protect|||F|||50|,,,,,Steel]Ursaluna-Bloodmoon||AssaultVest|MindsEye|BloodMoon,EarthPower,HyperVoice,VacuumWave|||M|||50|,,,,,Water]Gholdengo||LifeOrb|GoodasGold|MakeItRain,ShadowBall,NastyPlot,Protect||||||50|,,,,,Water]Rillaboom||MiracleSeed|GrassySurge|WoodHammer,GrassyGlide,HighHorsepower,FakeOut|||F|||50|,,,,,Fire]Annihilape||SafetyGoggles|Defiant|DrainPunch,RageFist,BulkUp,Protect|||M|||50|,,,,,Fire]Ninetales-Alola||FocusSash|SnowWarning|Encore,Blizzard,AuroraVeil,IcyWind|||M|||50|,,,,,Ghost
|showteam|p2|Gholdengo||ChoiceSpecs|GoodasGold|MakeItRain,ShadowBall,Thunderbolt,Trick||||||50|,,,,,Steel]Annihilape||SafetyGoggles|Defiant|RageFist,CloseCombat,Taunt,FinalGambit|||F|||50|,,,,,Fire]Talonflame||LifeOrb|GaleWings|BraveBird,FlareBlitz,Protect,Tailwind|||F|||50|,,,,,Flying]Ursaluna-Bloodmoon||AssaultVest|MindsEye|BloodMoon,HyperVoice,EarthPower,VacuumWave|||M|||50|,,,,,Water]Rillaboom||MiracleSeed|GrassySurge|FakeOut,GrassyGlide,DrumBeating,HighHorsepower|||M|||50|,,,,,Fire]Dragonite||LoadedDice|Multiscale|ScaleShot,LowKick,Protect,Encore|||M|||50|,,,,,Fairy
|inactive|Battle timer is ON: inactive players will automatically lose when time's up. (requested by Goat Pincurchin)
|inactive|Blitzukoy has 60 seconds left.
|inactive|Goat Pincurchin has 60 seconds left.
|
|t:|1757747626
|teamsize|p1|4
|teamsize|p2|4
|start
|switch|p1a: Dragonite|Dragonite, L50, F|100/100
|switch|p1b: Ursaluna|Ursaluna-Bloodmoon, L50, M|100/100
|switch|p2a: Annihilape|Annihilape, L50, F|100/100
|switch|p2b: Talonflame|Talonflame, L50, F|100/100
|turn|1
|inactive|Blitzukoy has 30 seconds left.
|inactive|Blitzukoy has 20 seconds left.
|inactive|Blitzukoy has 15 seconds left.
|inactive|Blitzukoy has 10 seconds left.
|
|t:|1757747672
|-terastallize|p1b: Ursaluna|Water
|move|p2b: Talonflame|Protect|p2b: Talonflame
|-singleturn|p2b: Talonflame|Protect
|move|p2a: Annihilape|Final Gambit|p1a: Dragonite
|-damage|p1a: Dragonite|0 fnt
|faint|p2a: Annihilape
|faint|p1a: Dragonite
|move|p1b: Ursaluna|Blood Moon|p2b: Talonflame
|-activate|p2b: Talonflame|move: Protect
|
|upkeep
|
|t:|1757747687
|switch|p2a: Gholdengo|Gholdengo, L50|100/100
|switch|p1a: Annihilape|Annihilape, L50, M|100/100
|turn|2
|
|t:|1757747697
|move|p1a: Annihilape|Protect|p1a: Annihilape
|-singleturn|p1a: Annihilape|Protect
|move|p2b: Talonflame|Brave Bird|p1b: Ursaluna
|-damage|p1b: Ursaluna|55/100
|-damage|p2b: Talonflame|80/100|[from] Recoil
|-damage|p2b: Talonflame|70/100|[from] item: Life Orb
|move|p2a: Gholdengo|Thunderbolt|p1b: Ursaluna
|-supereffective|p1b: Ursaluna
|-damage|p1b: Ursaluna|0 fnt
|faint|p1b: Ursaluna
|
|upkeep
|
|t:|1757747707
|switch|p1b: Rillaboom|Rillaboom, L50, F|100/100
|-fieldstart|move: Grassy Terrain|[from] ability: Grassy Surge|[of] p1b: Rillaboom
|turn|3
|-message|Blitzukoy forfeited.
|
|win|Goat Pincurchin
|l|☆Blitzukoy
|player|p1|
||Goat Pincurchin is ready for game 2.
||Blitzukoy is ready for game 2.
|uhtml|next|Next: Game 2 of 3
|l|☆Goat Pincurchin
|player|p2|
