|j|☆tg100
|j|☆Lewis94
|html|tg100Lewis94    
|uhtml|bestof|Game 2 of a best-of-3
|t:|1756178543
|gametype|doubles
|player|p1|tg100|1|1106
|player|p2|Lewis94|ethan-gen2|1118
|gen|9
|tier|[Gen 9] VGC 2025 Reg H (Bo3)
|rated|
|rule|Species Clause: Limit one of each Pokémon
|rule|Item Clause: Limit 1 of each item
|clearpoke
|poke|p1|Meowstic, L50, M|
|poke|p1|Indeedee, L50, M|
|poke|p1|Flamigo, L50, M|
|poke|p1|Incineroar, L50, M|
|poke|p1|Sneasler, L50, M|
|poke|p1|Ninetales-Alola, L50, F|
|poke|p2|Garchomp, L50, M|
|poke|p2|Whimsicott, L50, F|
|poke|p2|Dragonite, L50, F|
|poke|p2|Typhlosion-Hisui, L50, M|
|poke|p2|Torkoal, L50, F|
|poke|p2|Gholdengo, L50|
|teampreview|4
|showteam|p1|Meowstic||LifeOrb|Prankster|ExpandingForce,PsychicTerrain,LightScreen,Reflect|||M|||50|,,,,,Fairy]Indeedee||ChoiceScarf|PsychicSurge|Trick,ExpandingForce,DazzlingGleam,HyperVoice|||M|||50|,,,,,Fairy]Flamigo||WhiteHerb|Scrappy|Tailwind,CloseCombat,Acrobatics,Protect|||M|||50|,,,,,Steel]Incineroar||AssaultVest|Intimidate|FlareBlitz,KnockOff,Uturn,BrickBreak|||M|||50|,,,,,Grass]Sneasler||PsychicSeed|Unburden|ThroatChop,CloseCombat,DireClaw,Protect|||M|||50|,,,,,Dark]Ninetales-Alola||LightClay|SnowWarning|Blizzard,AuroraVeil,Moonblast,IcyWind|||F|||50|,,,,,Water
|showteam|p2|Garchomp||LifeOrb|RoughSkin|DragonClaw,StompingTantrum,Earthquake,Protect|||M|||50|,,,,,Ground]Whimsicott||CovertCloak|Prankster|Tailwind,SunnyDay,Moonblast,Encore|||F|||50|,,,,,Dark]Dragonite||LoadedDice|Multiscale|ExtremeSpeed,ScaleShot,Tailwind,Protect|||F|||50|,,,,,Normal]Typhlosion-Hisui||ChoiceSpecs|Blaze|Eruption,ShadowBall,HeatWave,Overheat|||M|||50|,,,,,Fire]Torkoal||EjectPack|Drought|Overheat,Flamethrower,HelpingHand,Protect|||F|||50|,,,,,Flying]Gholdengo||ChoiceScarf|GoodasGold|MakeItRain,ShadowBall,PowerGem,Thunderbolt||||||50|,,,,,Flying
|inactive|Battle timer is ON: inactive players will automatically lose when time's up. (requested by Lewis94)
|inactive|Lewis94 has 60 seconds left.
|
|t:|1756178581
|teamsize|p1|4
|teamsize|p2|4
|start
|switch|p1a: Indeedee|Indeedee, L50, M|100/100
|switch|p1b: Sneasler|Sneasler, L50, M|100/100
|switch|p2a: Dragonite|Dragonite, L50, F|100/100
|switch|p2b: Garchomp|Garchomp, L50, M|100/100
|-fieldstart|move: Psychic Terrain|[from] ability: Psychic Surge|[of] p1a: Indeedee
|-enditem|p1b: Sneasler|Psychic Seed
|-boost|p1b: Sneasler|spd|1|[from] item: Psychic Seed
|turn|1
|
|t:|1756178599
|-terastallize|p2b: Garchomp|Ground
|move|p1b: Sneasler|Dire Claw|p2a: Dragonite
|-damage|p2a: Dragonite|73/100
|-status|p2a: Dragonite|par
|move|p1a: Indeedee|Expanding Force|p2b: Garchomp|[spread] p2a,p2b
|-damage|p2a: Dragonite|13/100 par
|-damage|p2b: Garchomp|40/100
|move|p2b: Garchomp|Earthquake|p1b: Sneasler|[spread] p1a,p1b
|-immune|p2a: Dragonite
|-supereffective|p1b: Sneasler
|-damage|p1a: Indeedee|0 fnt
|-damage|p1b: Sneasler|0 fnt
|faint|p1a: Indeedee
|faint|p1b: Sneasler
|-damage|p2b: Garchomp|30/100|[from] item: Life Orb
|move|p2a: Dragonite|Scale Shot|p1: Indeedee|[notarget]
|-fail|p2a: Dragonite
|
|upkeep
|
|t:|1756178608
|switch|p1b: Incineroar|Incineroar, L50, M|100/100
|switch|p1a: Ninetales|Ninetales-Alola, L50, F|100/100
|-weather|Snowscape|[from] ability: Snow Warning|[of] p1a: Ninetales
|-ability|p1b: Incineroar|Intimidate|boost
|-unboost|p2a: Dragonite|atk|1
|-unboost|p2b: Garchomp|atk|1
|turn|2
|inactive|Lewis94 has 30 seconds left.
|inactive|Lewis94 has 20 seconds left.
|inactive|Lewis94 has 15 seconds left.
|inactive|Lewis94 has 10 seconds left.
|
|t:|1756178655
|cant|p2a: Dragonite|par
|move|p1a: Ninetales|Blizzard|p2a: Dragonite|[spread] p2a,p2b
|-supereffective|p2a: Dragonite
|-supereffective|p2b: Garchomp
|-damage|p2a: Dragonite|0 fnt
|-damage|p2b: Garchomp|0 fnt
|faint|p2a: Dragonite
|faint|p2b: Garchomp
|move|p1b: Incineroar|Brick Break|p2: Dragonite|[notarget]
|-fail|p1b: Incineroar
|
|-weather|Snowscape|[upkeep]
|upkeep
|
|t:|1756178665
|switch|p2b: Typhlosion|Typhlosion-Hisui, L50, M|100/100
|switch|p2a: Gholdengo|Gholdengo, L50|100/100
|turn|3
|
|t:|1756178677
|-terastallize|p1a: Ninetales|Water
|move|p2a: Gholdengo|Make It Rain|p1a: Ninetales|[spread] p1a,p1b
|-resisted|p1a: Ninetales
|-resisted|p1b: Incineroar
|-damage|p1a: Ninetales|70/100
|-damage|p1b: Incineroar|80/100
|-unboost|p2a: Gholdengo|spa|1
|move|p1a: Ninetales|Icy Wind|p2b: Typhlosion|[spread] p2a,p2b
|-resisted|p2a: Gholdengo
|-resisted|p2b: Typhlosion
|-damage|p2a: Gholdengo|92/100
|-damage|p2b: Typhlosion|90/100
|-unboost|p2a: Gholdengo|spe|1
|-unboost|p2b: Typhlosion|spe|1
|move|p1b: Incineroar|Knock Off|p2a: Gholdengo
|-supereffective|p2a: Gholdengo
|-damage|p2a: Gholdengo|0 fnt
|-enditem|p2a: Gholdengo|Choice Scarf|[from] move: Knock Off|[of] p1b: Incineroar
|faint|p2a: Gholdengo
|move|p2b: Typhlosion|Eruption|p1b: Incineroar|[spread] p1a,p1b
|-resisted|p1a: Ninetales
|-resisted|p1b: Incineroar
|-damage|p1a: Ninetales|28/100
|-damage|p1b: Incineroar|51/100
|
|-weather|Snowscape|[upkeep]
|upkeep
|turn|4
|
|t:|1756178698
|move|p1a: Ninetales|Icy Wind|p2b: Typhlosion|[miss]
|-miss|p1a: Ninetales|p2b: Typhlosion
|move|p1b: Incineroar|Knock Off|p2b: Typhlosion
|-supereffective|p2b: Typhlosion
|-damage|p2b: Typhlosion|0 fnt
|-enditem|p2b: Typhlosion|Choice Specs|[from] move: Knock Off|[of] p1b: Incineroar
|faint|p2b: Typhlosion
|
|win|tg100
|raw|tg100's rating: 1106 → 1132(+26 for winning)
|raw|Lewis94's rating: 1118 → 1092(-26 for losing)
|l|☆tg100
|player|p1|
