|j|☆GOLDIFINGER
|j|☆3ChrisTresTigres
|html|GOLDIFINGER3ChrisTresTigres    
|uhtml|bestof|Game 2 of a best-of-3
|t:|1783583041
|gametype|doubles
|player|p1|GOLDIFINGER|swimmer-gen4dp|1025
|player|p2|3ChrisTresTigres|flannery|1136
|gen|9
|tier|[Gen 9 Champions] VGC 2026 Reg M-B (Bo3)
|rated|
|rule|Species Clause: Limit one of each Pokémon
|rule|Item Clause: Limit 1 of each item
|clearpoke
|poke|p1|Venusaur, L50, F|
|poke|p1|Charizard, L50, F|
|poke|p1|Garchomp, L50, M|
|poke|p1|Annihilape, L50, M|
|poke|p1|Incineroar, L50, M|
|poke|p1|Toxapex, L50, M|
|poke|p2|Blastoise, L50, M|
|poke|p2|Delphox, L50, M, shiny|
|poke|p2|Incineroar, L50, M|
|poke|p2|Sneasler, L50, M|
|poke|p2|Sinistcha, L50|
|poke|p2|Maushold-Four, L50|
|teampreview|4
|showteam|p1|Venusaur||LifeOrb|Chlorophyll|SolarBeam,SludgeWave,EarthPower,Protect|Modest||F|||50|]Charizard||CharizarditeY|Blaze|HeatWave,WeatherBall,HelpingHand,Protect|Modest||F|||50|]Garchomp||ChoiceScarf|RoughSkin|DragonClaw,Earthquake,RockSlide,StompingTantrum|Adamant||M|||50|]Annihilape||FocusSash|Defiant|PhantomForce,CloseCombat,RockTomb,Protect|Jolly||M|||50|]Incineroar||SitrusBerry|Intimidate|FakeOut,ThroatChop,FlareBlitz,PartingShot|Impish||M|||50|]Toxapex||Leftovers|Regenerator|Infestation,Toxic,BanefulBunker,WideGuard|Impish||M|||50|
|showteam|p2|Blastoise||Blastoisinite|RainDish|WaterSpout,DarkPulse,ShellSmash,Protect|Modest||M|||50|]Delphox||Delphoxite|Blaze|HeatWave,Psyshock,NastyPlot,Protect|Timid||M|||50|]Incineroar||SitrusBerry|Intimidate|FakeOut,FlareBlitz,ThroatChop,PartingShot|Impish||M|||50|]Sneasler||FocusSash|PoisonTouch|FakeOut,CloseCombat,DireClaw,QuickGuard|Jolly||M|||50|]Sinistcha||KasibBerry|Hospitality|MatchaGotcha,LifeDew,RagePowder,Protect|Bold|||||50|]Maushold-Four||ChopleBerry|FriendGuard|SuperFang,Feint,FollowMe,Protect|Impish|||||50|
|
|t:|1783583087
|teamsize|p1|4
|teamsize|p2|4
|start
|switch|p1a: Incineroar|Incineroar, L50, M|100/100
|switch|p1b: Annihilape|Annihilape, L50, M|100/100
|switch|p2a: Delphox|Delphox, L50, M, shiny|100/100
|switch|p2b: Incineroar|Incineroar, L50, M|100/100
|-ability|p2b: Incineroar|Intimidate|boost
|-unboost|p1a: Incineroar|atk|1
|-unboost|p1b: Annihilape|atk|1
|-ability|p1b: Annihilape|Defiant|boost
|-boost|p1b: Annihilape|atk|2
|-ability|p1a: Incineroar|Intimidate|boost
|-unboost|p2a: Delphox|atk|1
|-unboost|p2b: Incineroar|atk|1
|turn|1
|inactive|Battle timer is ON: inactive players will automatically lose when time's up. (requested by GOLDIFINGER)
|inactive|GOLDIFINGER has 60 seconds left.
|inactive|GOLDIFINGER has 30 seconds left.
|inactive|GOLDIFINGER has 20 seconds left.
|inactive|GOLDIFINGER has 15 seconds left.
|inactive|GOLDIFINGER has 10 seconds left.
|inactive|GOLDIFINGER has 5 seconds left.
|
|t:|1783583194
|switch|p2b: Sinistcha|Sinistcha, L50|100/100
|move|p2a: Delphox|Protect|p2a: Delphox
|-singleturn|p2a: Delphox|Protect
|move|p1a: Incineroar|Fake Out|p2a: Delphox
|-activate|p2a: Delphox|move: Protect
|move|p1b: Annihilape|Phantom Force||[still]
|-prepare|p1b: Annihilape|Phantom Force
|
|upkeep
|turn|2
|inactive|GOLDIFINGER has 30 seconds left.
|inactive|3ChrisTresTigres has 30 seconds left.
|inactive|GOLDIFINGER has 20 seconds left.
|inactive|GOLDIFINGER has 15 seconds left.
|inactive|3ChrisTresTigres has 20 seconds left.
|inactive|GOLDIFINGER has 10 seconds left.
|inactive|GOLDIFINGER has 5 seconds left.
|
|t:|1783583249
|detailschange|p2a: Delphox|Delphox-Mega, L50, M, shiny
|-mega|p2a: Delphox|Delphox|Delphoxite
|move|p2b: Sinistcha|Rage Powder|p2b: Sinistcha
|-singleturn|p2b: Sinistcha|move: Rage Powder
|move|p2a: Delphox|Nasty Plot|p2a: Delphox
|-boost|p2a: Delphox|spa|2
|move|p1b: Annihilape|Phantom Force|p2b: Sinistcha|[from] lockedmove
|-supereffective|p2b: Sinistcha|1
|-enditem|p2b: Sinistcha|Kasib Berry|[eat]
|-enditem|p2b: Sinistcha|Kasib Berry|[weaken]
|-damage|p2b: Sinistcha|47/100
|move|p1a: Incineroar|Throat Chop|p2b: Sinistcha
|-supereffective|p2b: Sinistcha|1
|-damage|p2b: Sinistcha|12/100
|-start|p2b: Sinistcha|Throat Chop|[silent]
|
|upkeep
|turn|3
|inactive|GOLDIFINGER has 30 seconds left.
|inactive|3ChrisTresTigres has 30 seconds left.
|inactive|GOLDIFINGER has 20 seconds left.
|inactive|3ChrisTresTigres has 20 seconds left.
|inactive|GOLDIFINGER has 15 seconds left.
|inactive|GOLDIFINGER has 10 seconds left.
|inactive|GOLDIFINGER has 5 seconds left.
|
|t:|1783583304
|switch|p2b: Maushold|Maushold-Four, L50|100/100
|move|p2a: Delphox|Heat Wave|p1a: Incineroar|[spread] p1a,p1b
|-resisted|p1a: Incineroar|1
|-damage|p1a: Incineroar|67/100
|-damage|p1b: Annihilape|20/100y
|move|p1b: Annihilape|Phantom Force||[still]
|-prepare|p1b: Annihilape|Phantom Force
|move|p1a: Incineroar|Throat Chop|p2b: Maushold
|-damage|p2b: Maushold|80/100
|-start|p2b: Maushold|Throat Chop|[silent]
|
|upkeep
|turn|4
|l|☆GOLDIFINGER
|inactive|GOLDIFINGER disconnected and has a minute to reconnect!
|player|p1|
|inactive|GOLDIFINGER has 30 seconds left.
|inactive|GOLDIFINGER has 20 seconds left.
|inactive|GOLDIFINGER has 15 seconds left.
|inactive|GOLDIFINGER has 10 seconds left.
|inactive|GOLDIFINGER has 5 seconds left.
|-message|GOLDIFINGER lost due to inactivity.
|
|win|3ChrisTresTigres
