|j|☆Scrafty's#1
|j|☆testdigi
|html|Scrafty's#1testdigi    
|uhtml|bestof|Game 2 of a best-of-3
|t:|1784302940
|gametype|doubles
|player|p1|Scrafty's#1|hilbert-wonderlauncher|1317
|player|p2|testdigi|1|1137
|gen|9
|tier|[Gen 9 Champions] VGC 2026 Reg M-B (Bo3)
|rated|
|rule|Species Clause: Limit one of each Pokémon
|rule|Item Clause: Limit 1 of each item
|clearpoke
|poke|p1|Gardevoir, L50, M|
|poke|p1|Talonflame, L50, M|
|poke|p1|Kingambit, L50, F|
|poke|p1|Basculegion, L50, M|
|poke|p1|Kommo-o, L50, M|
|poke|p1|Maushold-Four, L50|
|poke|p2|Sneasler, L50, M|
|poke|p2|Delphox, L50, M, shiny|
|poke|p2|Kingambit, L50, F, shiny|
|poke|p2|Sinistcha, L50|
|poke|p2|Incineroar, L50, M|
|poke|p2|Blastoise, L50, F|
|teampreview|4
|showteam|p1|Gardevoir||Gardevoirite|Trace|HyperVoice,Psychic,Thunderbolt,Protect|Modest||M|||50|]Talonflame||SharpBeak|GaleWings|DualWingbeat,FlareBlitz,Tailwind,Protect|Jolly||M|||50|]Kingambit||ExpertBelt|Defiant|SuckerPunch,KowtowCleave,IronHead,LowKick|Jolly||F|||50|]Basculegion||ChoiceScarf|Adaptability|WaveCrash,LastRespects,AquaJet,FlipTurn|Jolly||M|||50|]Kommo-o||LifeOrb|Soundproof|ClangingScales,AuraSphere,DracoMeteor,Protect|Modest||M|||50|]Maushold-Four||FocusSash|FriendGuard|SuperFang,FollowMe,Feint,Protect|Jolly|||||50|
|showteam|p2|Sneasler||FocusSash|PoisonTouch|PoisonJab,QuickGuard,CloseCombat,FakeOut|Jolly||M|||50|]Delphox||Delphoxite|Blaze|HeatWave,Psychic,NastyPlot,Protect|Timid||M|||50|]Kingambit||LifeOrb|Defiant|KowtowCleave,SuckerPunch,SwordsDance,Protect|Adamant||F|||50|]Sinistcha||ColburBerry|Hospitality|MatchaGotcha,RagePowder,TrickRoom,Protect|Bold|||||50|]Incineroar||SitrusBerry|Intimidate|FlareBlitz,HelpingHand,PartingShot,FakeOut|Impish||M|||50|]Blastoise||Blastoisinite|RainDish|WaterSpout,DarkPulse,ShellSmash,Protect|Modest||F|||50|
|
|t:|1784302952
|teamsize|p1|4
|teamsize|p2|4
|start
|switch|p1a: Gardevoir|Gardevoir, L50, M|100/100
|switch|p1b: Maushold|Maushold-Four, L50|100/100
|switch|p2a: Sneasler|Sneasler, L50, M|100/100
|switch|p2b: Kingambit|Kingambit, L50, F, shiny|100/100
|-ability|p1a: Gardevoir|Poison Touch|Trace|[from] ability: Trace|[of] p2a: Sneasler
|turn|1
|
|t:|1784302990
|detailschange|p1a: Gardevoir|Gardevoir-Mega, L50, M
|-mega|p1a: Gardevoir|Gardevoir|Gardevoirite
|move|p1a: Gardevoir|Protect|p1a: Gardevoir
|-singleturn|p1a: Gardevoir|Protect
|move|p2a: Sneasler|Poison Jab|p1a: Gardevoir
|-activate|p1a: Gardevoir|move: Protect
|move|p1b: Maushold|Super Fang|p2b: Kingambit
|-damage|p2b: Kingambit|50/100y
|move|p2b: Kingambit|Swords Dance|p2b: Kingambit
|-boost|p2b: Kingambit|atk|2
|
|upkeep
|turn|2
|
|t:|1784303004
|move|p2b: Kingambit|Protect|p2b: Kingambit
|-singleturn|p2b: Kingambit|Protect
|move|p1b: Maushold|Follow Me|p1b: Maushold
|-singleturn|p1b: Maushold|move: Follow Me
|move|p2a: Sneasler|Poison Jab|p1b: Maushold
|-damage|p1b: Maushold|49/100
|move|p1a: Gardevoir|Hyper Voice|p2b: Kingambit|[spread] p2a
|-activate|p2b: Kingambit|move: Protect
|-damage|p2a: Sneasler|30/100
|
|upkeep
|turn|3
|
|t:|1784303037
|switch|p2b: Sinistcha|Sinistcha, L50|100/100
|-heal|p2a: Sneasler|55/100|[from] ability: Hospitality|[of] p2b: Sinistcha
|move|p1b: Maushold|Follow Me|p1b: Maushold
|-singleturn|p1b: Maushold|move: Follow Me
|move|p2a: Sneasler|Poison Jab|p1b: Maushold
|-damage|p1b: Maushold|0 fnt
|faint|p1b: Maushold
|move|p1a: Gardevoir|Hyper Voice|p2b: Sinistcha|[spread] p2a,p2b
|-damage|p2a: Sneasler|0 fnt
|-damage|p2b: Sinistcha|47/100
|faint|p2a: Sneasler
|
|upkeep
|
|t:|1784303064
|switch|p2a: Kingambit|Kingambit, L50, F, shiny|50/100y
|switch|p1b: Kommo-o|Kommo-o, L50, M|100/100
|turn|4
|
|t:|1784303082
|move|p1a: Gardevoir|Hyper Voice|p2b: Sinistcha|[spread] p2a,p2b
|-damage|p2a: Kingambit|1/100
|-damage|p2b: Sinistcha|0 fnt
|faint|p2b: Sinistcha
|move|p1b: Kommo-o|Clanging Scales|p2a: Kingambit
|-resisted|p2a: Kingambit|1
|-damage|p2a: Kingambit|0 fnt
|faint|p2a: Kingambit
|-unboost|p1b: Kommo-o|def|1
|-damage|p1b: Kommo-o|90/100|[from] item: Life Orb
|
|upkeep
|-message|testdigi forfeited.
|
|win|Scrafty's#1
