|j|☆RosieAndJim
|j|☆MauryOF
|html|RosieAndJimMauryOF    
|uhtml|bestof|Game 2 of a best-of-3
|t:|1756668347
|gametype|doubles
|player|p1|RosieAndJim|169|1057
|player|p2|MauryOF|clerk|1090
|gen|9
|tier|[Gen 9] VGC 2025 Reg H (Bo3)
|rated|
|rule|Species Clause: Limit one of each Pokémon
|rule|Item Clause: Limit 1 of each item
|clearpoke
|poke|p1|Archaludon, L50, M|
|poke|p1|Garchomp, L50, M|
|poke|p1|Incineroar, L50, F|
|poke|p1|Pelipper, L50, F|
|poke|p1|Talonflame, L50, F|
|poke|p1|Armarouge, L50, F|
|poke|p2|Gastrodon-East, L50, F|
|poke|p2|Dachsbun, L50, M|
|poke|p2|Typhlosion-Hisui, L50, F|
|poke|p2|Torkoal, L50, F|
|poke|p2|Indeedee-F, L50, F|
|poke|p2|Exeggutor, L50, M|
|teampreview|4
|showteam|p1|Archaludon||AssaultVest|Stamina|ElectroShot,DragonPulse,BodyPress,Snarl|||M|||50|,,,,,Grass]Garchomp||LifeOrb|RoughSkin|Earthquake,DragonClaw,StompingTantrum,Protect|||M|||50|,,,,,Ground]Incineroar||SafetyGoggles|Intimidate|FlareBlitz,KnockOff,PartingShot,FakeOut|||F|||50|,,,,,Ghost]Pelipper||FocusSash|Drizzle|WeatherBall,Hurricane,Tailwind,Protect|||F|||50|,,,,,Stellar]Talonflame||CovertCloak|GaleWings|BraveBird,Tailwind,Taunt,RainDance|||F|||50|,,,,,Flying]Armarouge||PsychicSeed|FlashFire|ExpandingForce,ArmorCannon,WideGuard,Protect|||F|||50|,,,,,Grass
|showteam|p2|Gastrodon-East||Leftovers|StormDrain|Recover,Protect,EarthPower,ClearSmog|||F|||50|,,,,,Grass]Dachsbun||CovertCloak|WellBakedBody|BodyPress,Roar,Protect,Wish|||M|||50|,,,,,Steel]Typhlosion-Hisui||ChoiceScarf|Blaze|Eruption,LavaPlume,ShadowBall,SolarBeam|||F|||50|,,,,,Fire]Torkoal||Charcoal|Drought|LavaPlume,Protect,Eruption,HelpingHand|||F|||50|,,,,,Fire]Indeedee-F||SafetyGoggles|PsychicSurge|FollowMe,HelpingHand,Psychic,TrickRoom|||F|||50|,,,,,Fairy]Exeggutor||LifeOrb|Chlorophyll|ExpandingForce,TrickRoom,GigaDrain,TeraBlast|||M|||50|,,,,,Fire
|inactive|Battle timer is ON: inactive players will automatically lose when time's up. (requested by MauryOF)
|
|t:|1756668369
|teamsize|p1|4
|teamsize|p2|4
|start
|switch|p1a: Talonflame|Talonflame, L50, F|100/100
|switch|p1b: Garchomp|Garchomp, L50, M|100/100
|switch|p2a: Indeedee|Indeedee-F, L50, F|100/100
|switch|p2b: Gastrodon|Gastrodon-East, L50, F|100/100
|-fieldstart|move: Psychic Terrain|[from] ability: Psychic Surge|[of] p2a: Indeedee
|turn|1
|inactive|RosieAndJim has 30 seconds left.
|inactive|MauryOF has 30 seconds left.
|inactive|MauryOF has 20 seconds left.
|inactive|MauryOF has 15 seconds left.
|inactive|MauryOF has 10 seconds left.
|
|t:|1756668416
|-terastallize|p1b: Garchomp|Ground
|move|p1a: Talonflame|Taunt|p2a: Indeedee
|-start|p2a: Indeedee|move: Taunt
|move|p1b: Garchomp|Earthquake|p2b: Gastrodon|[spread] p2a,p2b
|-immune|p1a: Talonflame
|-damage|p2a: Indeedee|34/100
|-damage|p2b: Gastrodon|36/100
|-damage|p1b: Garchomp|91/100|[from] item: Life Orb
|move|p2a: Indeedee|Psychic|p1b: Garchomp
|-damage|p1b: Garchomp|43/100
|move|p2b: Gastrodon|Clear Smog|p1a: Talonflame
|-damage|p1a: Talonflame|84/100
|-clearboost|p1a: Talonflame
|
|-heal|p2b: Gastrodon|42/100|[from] item: Leftovers
|upkeep
|turn|2
|inactive|MauryOF has 30 seconds left.
|
|t:|1756668445
|switch|p2a: Exeggutor|Exeggutor, L50, M|100/100
|move|p1a: Talonflame|Taunt|p2b: Gastrodon
|-start|p2b: Gastrodon|move: Taunt
|move|p1b: Garchomp|Earthquake|p2a: Exeggutor|[spread] p2a,p2b
|-immune|p1a: Talonflame
|-resisted|p2a: Exeggutor
|-damage|p2a: Exeggutor|63/100
|-damage|p2b: Gastrodon|0 fnt
|faint|p2b: Gastrodon
|-damage|p1b: Garchomp|34/100|[from] item: Life Orb
|
|upkeep
|
|t:|1756668461
|switch|p2b: Torkoal|Torkoal, L50, F|100/100
|-weather|SunnyDay|[from] ability: Drought|[of] p2b: Torkoal
|turn|3
|
|t:|1756668478
|switch|p1a: Pelipper|Pelipper, L50, F|100/100
|-weather|RainDance|[from] ability: Drizzle|[of] p1a: Pelipper
|move|p1b: Garchomp|Dragon Claw|p2a: Exeggutor
|-damage|p2a: Exeggutor|0 fnt
|faint|p2a: Exeggutor
|-damage|p1b: Garchomp|24/100|[from] item: Life Orb
|move|p2b: Torkoal|Eruption|p1a: Pelipper|[spread] p1a,p1b
|-resisted|p1a: Pelipper
|-damage|p1a: Pelipper|74/100
|-damage|p1b: Garchomp|0 fnt
|faint|p1b: Garchomp
|
|-weather|RainDance|[upkeep]
|upkeep
|-message|MauryOF forfeited.
|
|win|RosieAndJim
|raw|RosieAndJim's rating: 1057 → 1091(+34 for winning)
|raw|MauryOF's rating: 1090 → 1064(-26 for losing)
