|j|☆pekkleduck
|j|☆Cymothoa829469
|html|pekkleduckCymothoa829469    
|uhtml|bestof|Game 3 of a best-of-3
|t:|1783554678
|gametype|doubles
|player|p1|pekkleduck|170|
|player|p2|Cymothoa829469|ingo|
|gen|9
|tier|[Gen 9 Champions] VGC 2026 Reg M-B (Bo3)
|rule|Species Clause: Limit one of each Pokémon
|rule|Item Clause: Limit 1 of each item
|clearpoke
|poke|p1|Greninja, L50, M|
|poke|p1|Swampert, L50, F|
|poke|p1|Grimmsnarl, L50, M|
|poke|p1|Archaludon, L50, M|
|poke|p1|Gholdengo, L50|
|poke|p1|Pelipper, L50, F|
|poke|p2|Staraptor, L50, M|
|poke|p2|Farigiraf, L50, F|
|poke|p2|Garchomp, L50, M|
|poke|p2|Incineroar, L50, M|
|poke|p2|Sceptile, L50, F|
|poke|p2|Gengar, L50, M|
|teampreview|4
|showteam|p1|Greninja||Greninjite|Protean|WeatherBall,IceBeam,GrassKnot,Protect|Timid||M|||50|]Swampert||Swampertite|Damp|WaveCrash,Earthquake,IcePunch,Protect|Adamant||F|||50|]Grimmsnarl||LightClay|Prankster|SuckerPunch,PartingShot,Reflect,LightScreen|Adamant||M|||50|]Archaludon||Leftovers|Stamina|FlashCannon,ElectroShot,DragonPulse,Protect|Modest||M|||50|]Gholdengo||MetalCoat|GoodasGold|MakeItRain,ShadowBall,NastyPlot,Protect|Modest|||||50|]Pelipper||DampRock|Drizzle|WeatherBall,Hurricane,Tailwind,Protect|Modest||F|||50|
|showteam|p2|Staraptor||ChoiceScarf|Reckless|CloseCombat,BraveBird,DoubleEdge,Uturn|Adamant||M|||50|]Farigiraf||SitrusBerry|ArmorTail|Psychic,TrickRoom,FoulPlay,Protect|Sassy||F|||50|]Garchomp||LifeOrb|RoughSkin|DragonClaw,RockSlide,StompingTantrum,Protect|Jolly||M|||50|]Incineroar||Leftovers|Intimidate|FakeOut,FlareBlitz,PartingShot,ThroatChop|Impish||M|||50|]Sceptile||Sceptilite|Overgrow|DragonPulse,EarthPower,GigaDrain,Protect|Timid||F|||50|]Gengar||Gengarite|CursedBody|ClearSmog,DarkPulse,SludgeWave,Protect|Timid||M|||50|
|inactive|Battle timer is ON: inactive players will automatically lose when time's up. (requested by pekkleduck)
|
|t:|1783554705
|teamsize|p1|4
|teamsize|p2|4
|start
|switch|p1a: Frog|Greninja, L50, M|100/100
|switch|p1b: Shuten-Dōji|Grimmsnarl, L50, M|100/100
|switch|p2a: Garchomp|Garchomp, L50, M|100/100
|switch|p2b: Staraptor|Staraptor, L50, M|100/100
|turn|1
|
|t:|1783554721
|switch|p1a: Bridge|Archaludon, L50, M|100/100
|move|p2a: Garchomp|Protect|p2a: Garchomp
|-singleturn|p2a: Garchomp|Protect
|move|p1b: Shuten-Dōji|Sucker Punch|p2b: Staraptor
|-damage|p2b: Staraptor|40/100
|move|p2b: Staraptor|Brave Bird|p1b: Shuten-Dōji
|-damage|p1b: Shuten-Dōji|0 fnt
|faint|p1b: Shuten-Dōji
|-damage|p2b: Staraptor|0 fnt|[from] Recoil
|faint|p2b: Staraptor
|
|upkeep
|
|t:|1783554735
|switch|p2b: Incineroar|Incineroar, L50, M|100/100
|switch|p1b: Frog|Greninja, L50, M|100/100
|-ability|p2b: Incineroar|Intimidate|boost
|-unboost|p1a: Bridge|atk|1
|-unboost|p1b: Frog|atk|1
|turn|2
|
|t:|1783554747
|move|p1b: Frog|Protect|p1b: Frog
|-start|p1b: Frog|typechange|Normal|[from] ability: Protean
|-singleturn|p1b: Frog|Protect
|move|p2b: Incineroar|Fake Out|p1b: Frog
|-activate|p1b: Frog|move: Protect
|move|p2a: Garchomp|Stomping Tantrum|p1a: Bridge
|-supereffective|p1a: Bridge|1
|-damage|p1a: Bridge|33/100
|-ability|p1a: Bridge|Stamina|boost
|-boost|p1a: Bridge|def|1
|-damage|p2a: Garchomp|90/100|[from] item: Life Orb
|move|p1a: Bridge|Dragon Pulse|p2a: Garchomp
|-supereffective|p2a: Garchomp|1
|-damage|p2a: Garchomp|0 fnt
|faint|p2a: Garchomp
|
|-heal|p1a: Bridge|39/100|[from] item: Leftovers
|upkeep
|
|t:|1783554750
|switch|p2a: Sceptile|Sceptile, L50, F|100/100
|turn|3
|
|t:|1783554763
|detailschange|p1b: Frog|Greninja-Mega, L50, M
|-mega|p1b: Frog|Greninja|Greninjite
|detailschange|p2a: Sceptile|Sceptile-Mega, L50, F
|-mega|p2a: Sceptile|Sceptile|Sceptilite
|move|p2a: Sceptile|Giga Drain|p1b: Frog
|-supereffective|p1b: Frog|1
|-damage|p1b: Frog|0 fnt
|faint|p1b: Frog
|move|p1a: Bridge|Dragon Pulse|p2a: Sceptile
|-supereffective|p2a: Sceptile|1
|-damage|p2a: Sceptile|0 fnt
|faint|p2a: Sceptile
|move|p2b: Incineroar|Flare Blitz|p1a: Bridge
|-damage|p1a: Bridge|16/100
|-ability|p1a: Bridge|Stamina|boost
|-boost|p1a: Bridge|def|1
|-damage|p2b: Incineroar|93/100|[from] Recoil
|
|-heal|p1a: Bridge|22/100|[from] item: Leftovers
|-heal|p2b: Incineroar|99/100|[from] item: Leftovers
|upkeep
|
|t:|1783554768
|switch|p1b: Tolietbowl|Pelipper, L50, F|100/100
|-weather|RainDance|[from] ability: Drizzle|[of] p1b: Tolietbowl
|turn|4
|-message|Cymothoa829469 forfeited.
|
|win|pekkleduck
|l|☆Cymothoa829469
|player|p2|
|l|☆pekkleduck
|player|p1|
|j|☆pekkleduck
|player|p1|pekkleduck|170|
|l|☆pekkleduck
|player|p1|
|j|☆pekkleduck
|player|p1|pekkleduck|170|
