|j|☆Mega Zap2
|j|☆minhisdum
|html|Mega Zap2minhisdum    
|uhtml|bestof|Game 3 of a best-of-3
|t:|1782295548
|gametype|doubles
|player|p1|Mega Zap2|benga|1147
|player|p2|minhisdum|1|1140
|gen|9
|tier|[Gen 9 Champions] VGC 2026 Reg M-B (Bo3)
|rated|
|rule|Species Clause: Limit one of each Pokémon
|rule|Item Clause: Limit 1 of each item
|clearpoke
|poke|p1|Metagross, L50|
|poke|p1|Incineroar, L50, M|
|poke|p1|Aerodactyl, L50, M|
|poke|p1|Farigiraf, L50, M|
|poke|p1|Sylveon, L50, F|
|poke|p1|Garchomp, L50, F|
|poke|p2|Staraptor, L50, F|
|poke|p2|Sinistcha-Masterpiece, L50|
|poke|p2|Garchomp, L50, F|
|poke|p2|Kingambit, L50, M|
|poke|p2|Sneasler, L50, M|
|poke|p2|Delphox, L50, M|
|teampreview|4
|showteam|p1|Metagross||Metagrossite|ClearBody|IronHead,ThunderPunch,PsychicFangs,BodyPress|Adamant|||||50|]Incineroar||PasshoBerry|Intimidate|FakeOut,ThroatChop,FlareBlitz,PartingShot|Impish||M|||50|]Aerodactyl||Aerodactylite|RockHead|RockSlide,IceFang,Tailwind,DualWingbeat|Jolly||M|||50|]Farigiraf||SitrusBerry|ArmorTail|Psychic,TrickRoom,Protect,Thunderbolt|Bold||M|||50|]Sylveon||FairyFeather|Pixilate|HyperVoice,HyperBeam,QuickAttack,Protect|Modest||F|||50|]Garchomp||LifeOrb|RoughSkin|Protect,StompingTantrum,Earthquake,DragonClaw|Adamant||F|||50|
|showteam|p2|Staraptor||Staraptite|Intimidate|CloseCombat,BraveBird,SteelWing,Protect|Jolly||F|||50|]Sinistcha-Masterpiece||Leftovers|Hospitality|TrickRoom,LifeDew,MatchaGotcha,ShadowBall|Relaxed|||||50|]Garchomp||LifeOrb|RoughSkin|Earthquake,StompingTantrum,DragonClaw,PoisonJab|Adamant||F|||50|]Kingambit||BlackGlasses|Defiant|IronHead,KowtowCleave,SuckerPunch,Protect|Adamant||M|||50|]Sneasler||FocusSash|Unburden|CloseCombat,DireClaw,Protect,FakeOut|Adamant||M|||50|]Delphox||Delphoxite|Blaze|HeatWave,Psyshock,CalmMind,Protect|Timid||M|||50|
|inactive|Battle timer is ON: inactive players will automatically lose when time's up. (requested by Mega Zap2)
|inactive|Mega Zap2 has 60 seconds left.
|inactive|minhisdum has 60 seconds left.
|
|t:|1782295593
|teamsize|p1|4
|teamsize|p2|4
|start
|switch|p1a: Aerodactyl|Aerodactyl, L50, M|100/100
|switch|p1b: Garchomp|Garchomp, L50, F|100/100
|switch|p2a: Kingambit|Kingambit, L50, M|100/100
|switch|p2b: Sneasler|Sneasler, L50, M|100/100
|turn|1
|
|t:|1782295603
|move|p1a: Aerodactyl|Tailwind|p1a: Aerodactyl
|-sidestart|p1: Mega Zap2|move: Tailwind
|move|p1b: Garchomp|Earthquake|p2b: Sneasler|[spread] p2a,p2b
|-immune|p1a: Aerodactyl
|-supereffective|p2a: Kingambit|1
|-supereffective|p2b: Sneasler|1
|-damage|p2a: Kingambit|15/100
|-enditem|p2b: Sneasler|Focus Sash
|-damage|p2b: Sneasler|1/100
|-damage|p1b: Garchomp|90/100|[from] item: Life Orb
|move|p2b: Sneasler|Close Combat|p1b: Garchomp
|-damage|p1b: Garchomp|33/100
|-unboost|p2b: Sneasler|def|1
|-unboost|p2b: Sneasler|spd|1
|-damage|p2b: Sneasler|0 fnt|[from] ability: Rough Skin|[of] p1b: Garchomp
|faint|p2b: Sneasler
|move|p2a: Kingambit|Iron Head|p1a: Aerodactyl
|-supereffective|p1a: Aerodactyl|1
|-damage|p1a: Aerodactyl|0 fnt
|faint|p1a: Aerodactyl
|
|upkeep
|
|t:|1782295625
|switch|p1a: Sylveon|Sylveon, L50, F|100/100
|switch|p2b: Delphox|Delphox, L50, M|100/100
|turn|2
|
|t:|1782295640
|detailschange|p2b: Delphox|Delphox-Mega, L50, M
|-mega|p2b: Delphox|Delphox|Delphoxite
|move|p2a: Kingambit|Protect|p2a: Kingambit
|-singleturn|p2a: Kingambit|Protect
|move|p1b: Garchomp|Dragon Claw|p2b: Delphox
|-crit|p2b: Delphox
|-damage|p2b: Delphox|0 fnt
|faint|p2b: Delphox
|-damage|p1b: Garchomp|24/100|[from] item: Life Orb
|move|p1a: Sylveon|Hyper Voice|p2a: Kingambit
|-activate|p2a: Kingambit|move: Protect
|
|upkeep
|
|t:|1782295649
|switch|p2b: Garchomp|Garchomp, L50, F|100/100
|turn|3
|c|☆Mega Zap2|sorry
|
|t:|1782295657
|move|p1b: Garchomp|Protect|p1b: Garchomp
|-singleturn|p1b: Garchomp|Protect
|move|p2a: Kingambit|Sucker Punch||[still]
|-fail|p2a: Kingambit
|move|p1a: Sylveon|Hyper Voice|p2b: Garchomp|[spread] p2a,p2b
|-supereffective|p2b: Garchomp|1
|-damage|p2a: Kingambit|0 fnt
|-damage|p2b: Garchomp|9/100
|faint|p2a: Kingambit
|move|p2b: Garchomp|Poison Jab|p1a: Sylveon
|-supereffective|p1a: Sylveon|1
|-damage|p1a: Sylveon|20/100y
|-damage|p2b: Garchomp|0 fnt|[from] item: Life Orb
|faint|p2b: Garchomp
|
|win|Mega Zap2
|raw|Mega Zap2's rating: 1147 → 1171(+24 for winning)
|raw|minhisdum's rating: 1140 → 1116(-24 for losing)
|c|☆minhisdum|Damn
|c|☆Mega Zap2|gg
|c|☆minhisdum|geuinelu sucks ggs
