|j|☆Karissel
|j|☆yamamagames
|html|Karisselyamamagames    
|uhtml|bestof|Game 1 of a best-of-3
|t:|1784582771
|gametype|doubles
|player|p1|Karissel|burgh-masters|1321
|player|p2|yamamagames|red|1304
|gen|9
|tier|[Gen 9 Champions] VGC 2026 Reg M-B (Bo3)
|rated|
|rule|Species Clause: Limit one of each Pokémon
|rule|Item Clause: Limit 1 of each item
|clearpoke
|poke|p1|Charizard, L50, F|
|poke|p1|Glimmora, L50, M|
|poke|p1|Whimsicott, L50, F|
|poke|p1|Ninetales-Alola, L50, F|
|poke|p1|Kingambit, L50, M|
|poke|p1|Kommo-o, L50, F|
|poke|p2|Talonflame, L50, M|
|poke|p2|Gardevoir, L50, F|
|poke|p2|Maushold-Four, L50|
|poke|p2|Garchomp, L50, M|
|poke|p2|Aurorus, L50, M|
|poke|p2|Kingambit, L50, F|
|teampreview|4
|showteam|p1|Charizard||CharizarditeY|Blaze|HeatWave,WeatherBall,SolarBeam,Protect|Modest||F|||50|]Glimmora||Glimmoranite|ToxicDebris|SludgeBomb,PowerGem,EarthPower,SpikyShield|Timid||M|||50|]Whimsicott||FocusSash|Prankster|Moonblast,Tailwind,Encore,Protect|Timid||F|||50|]Ninetales-Alola||NeverMeltIce|SnowWarning|Blizzard,FreezeDry,Disable,Protect|Timid||F|||50|]Kingambit||ChopleBerry|Defiant|KowtowCleave,SuckerPunch,IronHead,Protect|Adamant||M|||50|]Kommo-o||LifeOrb|Overcoat|AuraSphere,VacuumWave,ClangingScales,Protect|Modest||F|||50|
|showteam|p2|Talonflame||FocusSash|GaleWings|FlareBlitz,BraveBird,Tailwind,Protect|Jolly||M|||50|]Gardevoir||Gardevoirite|Telepathy|Psychic,Moonblast,HyperVoice,Protect|Modest||F|||50|]Maushold-Four||ChopleBerry|FriendGuard|SuperFang,FollowMe,Taunt,Protect|Jolly|||||50|]Garchomp||LifeOrb|RoughSkin|Earthquake,DragonClaw,RockSlide,Protect|Adamant||M|||50|]Aurorus||ChoiceScarf|SnowWarning|Blizzard,FreezeDry,IcyWind,AncientPower|Timid||M|||50|]Kingambit||BlackGlasses|Defiant|KowtowCleave,SuckerPunch,IronHead,Protect|Adamant||F|||50|
|inactive|Battle timer is ON: inactive players will automatically lose when time's up. (requested by Karissel)
|inactive|Karissel has 60 seconds left.
|
|t:|1784582811
|teamsize|p1|4
|teamsize|p2|4
|start
|switch|p1a: Whimsicott|Whimsicott, L50, F|100/100
|switch|p1b: Charizard|Charizard, L50, F|100/100
|switch|p2a: Gardevoir|Gardevoir, L50, F|100/100
|switch|p2b: Maushold|Maushold-Four, L50|100/100
|turn|1
|
|t:|1784582827
|detailschange|p1b: Charizard|Charizard-Mega-Y, L50, F
|-mega|p1b: Charizard|Charizard|Charizardite Y
|-weather|SunnyDay|[from] ability: Drought|[of] p1b: Charizard
|detailschange|p2a: Gardevoir|Gardevoir-Mega, L50, F
|-mega|p2a: Gardevoir|Gardevoir|Gardevoirite
|move|p1a: Whimsicott|Protect|p1a: Whimsicott
|-singleturn|p1a: Whimsicott|Protect
|move|p2b: Maushold|Super Fang|p1b: Charizard
|-damage|p1b: Charizard|50/100g
|move|p1b: Charizard|Heat Wave|p2a: Gardevoir|[spread] p2a,p2b
|-damage|p2a: Gardevoir|63/100
|-damage|p2b: Maushold|29/100
|move|p2a: Gardevoir|Psychic|p1b: Charizard
|-damage|p1b: Charizard|0 fnt
|faint|p1b: Charizard
|
|-weather|SunnyDay|[upkeep]
|upkeep
|
|t:|1784582840
|switch|p1b: Kingambit|Kingambit, L50, M|100/100
|turn|2
|
|t:|1784582847
|move|p2b: Maushold|Follow Me|p2b: Maushold
|-singleturn|p2b: Maushold|move: Follow Me
|move|p1a: Whimsicott|Moonblast|p2b: Maushold
|-damage|p2b: Maushold|0 fnt
|faint|p2b: Maushold
|move|p2a: Gardevoir|Hyper Voice|p1b: Kingambit|[spread] p1a,p1b
|-damage|p1a: Whimsicott|8/100
|-damage|p1b: Kingambit|49/100
|move|p1b: Kingambit|Kowtow Cleave|p2a: Gardevoir
|-damage|p2a: Gardevoir|3/100
|
|-weather|SunnyDay|[upkeep]
|upkeep
|
|t:|1784582858
|switch|p2b: Talonflame|Talonflame, L50, M|100/100
|turn|3
|inactive|Karissel has 30 seconds left.
|
|t:|1784582884
|switch|p2a: Garchomp|Garchomp, L50, M|100/100
|move|p1a: Whimsicott|Protect|p1a: Whimsicott
|-singleturn|p1a: Whimsicott|Protect
|move|p2b: Talonflame|Tailwind|p2b: Talonflame
|-sidestart|p2: yamamagames|move: Tailwind
|move|p1b: Kingambit|Sucker Punch||[still]
|-fail|p1b: Kingambit
|
|-weather|SunnyDay|[upkeep]
|upkeep
|turn|4
|-message|Karissel forfeited.
|
|win|yamamagames
|l|☆Karissel
|player|p1|
||Karissel is ready for game 2.
||yamamagames is ready for game 2.
|uhtml|next|Next: Game 2 of 3
|l|☆yamamagames
|player|p2|
|j|☆Karissel
|player|p1|Karissel|burgh-masters|
