|j|鈽唋ancerh
|j|鈽咰retaceousDraconid
|html|lancerhCretaceousDraconid    
|uhtml|bestof|Game 2 of a best-of-3
|t:|1757731296
|gametype|doubles
|player|p1|lancerh|169|1282
|player|p2|CretaceousDraconid|zinnia-masters|1311
|gen|9
|tier|[Gen 9] VGC 2025 Reg H (Bo3)
|rated|
|rule|Species Clause: Limit one of each Pok茅mon
|rule|Item Clause: Limit 1 of each item
|clearpoke
|poke|p1|Indeedee-F, L50, F|
|poke|p1|Torkoal, L50, M|
|poke|p1|Ursaluna-Bloodmoon, L50, M|
|poke|p1|Hatterene, L50, F|
|poke|p1|Armarouge, L50, M|
|poke|p1|Annihilape, L50, F|
|poke|p2|Kingambit, L50, F|
|poke|p2|Whimsicott, L50, F|
|poke|p2|Farigiraf, L50, F|
|poke|p2|Salamence, L50, M|
|poke|p2|Sneasler, L50, F|
|poke|p2|Ursaluna-Bloodmoon, L50, M|
|teampreview|4
|showteam|p1|Indeedee-F||PsychicSeed|PsychicSurge|FollowMe,TrickRoom,Psychic,HelpingHand|||F|||50|,,,,,Water]Torkoal||ChoiceSpecs|Drought|Eruption,HeatWave,ClearSmog,WeatherBall|||M|||50|,,,,,Fire]Ursaluna-Bloodmoon||AssaultVest|MindsEye|BloodMoon,HyperVoice,VacuumWave,EarthPower|||M|||50|,,,,,Ghost]Hatterene||LifeOrb|MagicBounce|ExpandingForce,DazzlingGleam,Protect,TrickRoom|||F|||50|,,,,,Psychic]Armarouge||PowerHerb|FlashFire|ExpandingForce,HeatWave,MeteorBeam,Protect|||M|||50|,,,,,Grass]Annihilape||SafetyGoggles|Defiant|CloseCombat,FinalGambit,RageFist,Protect|||F|||50|,,,,,Ghost
|showteam|p2|Kingambit||SafetyGoggles|Defiant|SuckerPunch,KowtowCleave,SwordsDance,Protect|||F|||50|,,,,,Dark]Whimsicott||CovertCloak|Prankster|Tailwind,FakeTears,Taunt,Moonblast|||F|||50|,,,,,Steel]Farigiraf||ThroatSpray|ArmorTail|PsychicNoise,HelpingHand,TrickRoom,HyperVoice|||F|||50|,,,,,Fairy]Salamence||ChoiceSpecs|Intimidate|DracoMeteor,Hurricane,HeatWave,AirSlash|||M|||50|,,,,,Fire]Sneasler||FocusSash|PoisonTouch|FakeOut,CloseCombat,DireClaw,Protect|||F|||50|,,,,,Fairy]Ursaluna-Bloodmoon||LifeOrb|MindsEye|EarthPower,BloodMoon,HyperVoice,Protect|||M|||50|,,,,,Normal
|
|t:|1757731350
|teamsize|p1|4
|teamsize|p2|4
|start
|switch|p1a: Indeedee|Indeedee-F, L50, F|100/100
|switch|p1b: Annihilape|Annihilape, L50, F|100/100
|switch|p2a: Farigiraf|Farigiraf, L50, F|100/100
|switch|p2b: Ursaluna|Ursaluna-Bloodmoon, L50, M|100/100
|-fieldstart|move: Psychic Terrain|[from] ability: Psychic Surge|[of] p1a: Indeedee
|-enditem|p1a: Indeedee|Psychic Seed
|-boost|p1a: Indeedee|spd|1|[from] item: Psychic Seed
|turn|1
|
|t:|1757731363
|-terastallize|p2b: Ursaluna|Normal
|move|p2a: Farigiraf|Helping Hand|p2b: Ursaluna
|-singleturn|p2b: Ursaluna|Helping Hand|[of] p2a: Farigiraf
|move|p1b: Annihilape|Final Gambit|p2a: Farigiraf
|-damage|p2a: Farigiraf|0 fnt
|faint|p1b: Annihilape
|faint|p2a: Farigiraf
|move|p2b: Ursaluna|Blood Moon|p1a: Indeedee
|-damage|p1a: Indeedee|0 fnt
|faint|p1a: Indeedee
|-damage|p2b: Ursaluna|91/100|[from] item: Life Orb
|
|upkeep
|
|t:|1757731374
|switch|p1b: Torkoal|Torkoal, L50, M|100/100
|switch|p1a: Ursaluna|Ursaluna-Bloodmoon, L50, M|100/100
|switch|p2a: Salamence|Salamence, L50, M|100/100
|-ability|p2a: Salamence|Intimidate|boost
|-unboost|p1a: Ursaluna|atk|1
|-unboost|p1b: Torkoal|atk|1
|-weather|SunnyDay|[from] ability: Drought|[of] p1b: Torkoal
|turn|2
|
|t:|1757731393
|-terastallize|p1b: Torkoal|Fire
|move|p2a: Salamence|Draco Meteor|p1a: Ursaluna
|-damage|p1a: Ursaluna|29/100
|-unboost|p2a: Salamence|spa|2
|move|p2b: Ursaluna|Hyper Voice|p1a: Ursaluna|[spread] p1a,p1b
|-damage|p1a: Ursaluna|0 fnt
|-damage|p1b: Torkoal|11/100
|faint|p1a: Ursaluna
|-damage|p2b: Ursaluna|81/100|[from] item: Life Orb
|move|p1b: Torkoal|Weather Ball|p2b: Ursaluna
|-damage|p2b: Ursaluna|0 fnt
|faint|p2b: Ursaluna
|
|-weather|SunnyDay|[upkeep]
|upkeep
|
|t:|1757731405
|switch|p2b: Kingambit|Kingambit, L50, F|100/100
|turn|3
|
|t:|1757731410
|move|p2a: Salamence|Draco Meteor|p1b: Torkoal
|-damage|p1b: Torkoal|0 fnt
|-unboost|p2a: Salamence|spa|2
|faint|p1b: Torkoal
|
|win|CretaceousDraconid
||CretaceousDraconid is ready for game 3.
