|j|☆Giocostorto
|j|☆pabloblo
|html|Giocostortopabloblo    
|uhtml|bestof|Game 2 of a best-of-3
|t:|1756457086
|gametype|doubles
|player|p1|Giocostorto|palmer|1184
|player|p2|pabloblo|266|1272
|gen|9
|tier|[Gen 9] VGC 2025 Reg H (Bo3)
|rated|
|rule|Species Clause: Limit one of each Pokémon
|rule|Item Clause: Limit 1 of each item
|clearpoke
|poke|p1|Oricorio-Pom-Pom, L50, M|
|poke|p1|Volcarona, L50, F|
|poke|p1|Maushold, L50|
|poke|p1|Annihilape, L50, M|
|poke|p1|Basculegion, L50, M|
|poke|p1|Farigiraf, L50, M|
|poke|p2|Torkoal, L50, M|
|poke|p2|Hatterene, L50, F|
|poke|p2|Indeedee-F, L50, F|
|poke|p2|Armarouge, L50, F|
|poke|p2|Ursaluna, L50, F|
|poke|p2|Kingambit, L50, M|
|teampreview|4
|showteam|p1|Oricorio-Pom-Pom||FocusSash|Dancer|Hurricane,RevelationDance,Tailwind,Protect|||M|||50|,,,,,Ghost]Volcarona||CovertCloak|FlameBody|FieryDance,TeraBlast,QuiverDance,Protect|||F|||50|,,,,,Fairy]Maushold||SafetyGoggles|FriendGuard|BeatUp,Taunt,FollowMe,Protect||||||50|,,,,,Ghost]Annihilape||SitrusBerry|Defiant|Protect,BulkUp,DrainPunch,RageFist|||M|||50|,,,,,Fire]Basculegion||ChoiceScarf|Adaptability|WaveCrash,LastRespects,FlipTurn,AquaJet|||M|||50|,,,,,Water]Farigiraf||ThroatSpray|ArmorTail|Psychic,HyperVoice,TrickRoom,Imprison|||M|||50|,,,,,Fairy
|showteam|p2|Torkoal||Charcoal|Drought|Eruption,Overheat,HelpingHand,Protect|||M|||50|,,,,,Fire]Hatterene||LifeOrb|MagicBounce|ExpandingForce,DazzlingGleam,TrickRoom,Protect|||F|||50|,,,,,Fire]Indeedee-F||SafetyGoggles|PsychicSurge|FollowMe,Psychic,TrickRoom,HelpingHand|||F|||50|,,,,,Water]Armarouge||PowerHerb|FlashFire|ArmorCannon,MeteorBeam,ExpandingForce,TrickRoom|||F|||50|,,,,,Grass]Ursaluna||FlameOrb|Guts|Facade,HeadlongRush,Earthquake,Protect|||F|||50|,,,,,Ghost]Kingambit||AssaultVest|Defiant|KowtowCleave,SuckerPunch,IronHead,LowKick|||M|||50|,,,,,Flying
|inactive|Battle timer is ON: inactive players will automatically lose when time's up. (requested by Giocostorto)
|inactive|Giocostorto has 60 seconds left.
|
|t:|1756457129
|teamsize|p1|4
|teamsize|p2|4
|start
|switch|p1a: Basculegion|Basculegion, L50, M|100/100
|switch|p1b: Farigiraf|Farigiraf, L50, M|100/100
|switch|p2a: Indeedee|Indeedee-F, L50, F|100/100
|switch|p2b: Armarouge|Armarouge, L50, F|100/100
|-fieldstart|move: Psychic Terrain|[from] ability: Psychic Surge|[of] p2a: Indeedee
|turn|1
|inactive|Giocostorto has 30 seconds left.
|inactive|Giocostorto has 20 seconds left.
|inactive|Giocostorto has 15 seconds left.
|
|t:|1756457171
|move|p2a: Indeedee|Follow Me|p2a: Indeedee
|-singleturn|p2a: Indeedee|move: Follow Me
|move|p1a: Basculegion|Flip Turn|p2a: Indeedee
|-damage|p2a: Indeedee|59/100
|
|t:|1756457180
|switch|p1a: Volcarona|Volcarona, L50, F|100/100|[from] Flip Turn
|move|p1b: Farigiraf|Psychic|p2a: Indeedee
|-resisted|p2a: Indeedee
|-damage|p2a: Indeedee|38/100
|move|p2b: Armarouge|Meteor Beam||[still]
|-prepare|p2b: Armarouge|Meteor Beam
|-boost|p2b: Armarouge|spa|1
|-enditem|p2b: Armarouge|Power Herb
|-anim|p2b: Armarouge|Meteor Beam|p1a: Volcarona
|-supereffective|p1a: Volcarona
|-damage|p1a: Volcarona|0 fnt
|faint|p1a: Volcarona
|
|upkeep
|
|t:|1756457185
|switch|p1a: Basculegion|Basculegion, L50, M|100/100
|turn|2
|
|t:|1756457200
|move|p2a: Indeedee|Follow Me|p2a: Indeedee
|-singleturn|p2a: Indeedee|move: Follow Me
|move|p1a: Basculegion|Flip Turn|p2a: Indeedee
|-damage|p2a: Indeedee|0 fnt
|faint|p2a: Indeedee
|
|t:|1756457204
|switch|p1a: Annihilape|Annihilape, L50, M|100/100|[from] Flip Turn
|move|p1b: Farigiraf|Imprison|p1b: Farigiraf
|-start|p1b: Farigiraf|move: Imprison
|move|p2b: Armarouge|Expanding Force|p1b: Farigiraf|[spread] p1a,p1b
|-supereffective|p1a: Annihilape
|-resisted|p1b: Farigiraf
|-damage|p1a: Annihilape|0 fnt
|-damage|p1b: Farigiraf|53/100
|faint|p1a: Annihilape
|
|upkeep
|
|t:|1756457216
|switch|p1a: Basculegion|Basculegion, L50, M|100/100
|switch|p2a: Torkoal|Torkoal, L50, M|100/100
|-weather|SunnyDay|[from] ability: Drought|[of] p2a: Torkoal
|turn|3
|
|t:|1756457237
|-terastallize|p2b: Armarouge|Grass
|move|p1a: Basculegion|Last Respects|p2b: Armarouge
|-damage|p2b: Armarouge|12/100
|move|p1b: Farigiraf|Psychic|p2a: Torkoal
|-damage|p2a: Torkoal|39/100
|move|p2b: Armarouge|Expanding Force|p1a: Basculegion|[spread] p1a,p1b
|-resisted|p1b: Farigiraf
|-damage|p1a: Basculegion|0 fnt
|-damage|p1b: Farigiraf|11/100
|faint|p1a: Basculegion
|move|p2a: Torkoal|Overheat|p1b: Farigiraf
|-damage|p1b: Farigiraf|0 fnt
|-unboost|p2a: Torkoal|spa|2
|faint|p1b: Farigiraf
|
|win|pabloblo
|raw|Giocostorto's rating: 1184 → 1165(-19 for losing)
|raw|pabloblo's rating: 1272 → 1291(+19 for winning)
