|j|☆Zaxxxxxx
|j|☆Mclovingods
|html|ZaxxxxxxMclovingods    
|uhtml|bestof|Game 2 of a best-of-3
|t:|1782675179
|gametype|doubles
|player|p1|Zaxxxxxx|benga|1289
|player|p2|Mclovingods|266|1216
|gen|9
|tier|[Gen 9 Champions] VGC 2026 Reg M-B (Bo3)
|rated|
|rule|Species Clause: Limit one of each Pokémon
|rule|Item Clause: Limit 1 of each item
|clearpoke
|poke|p1|Farigiraf, L50, M, shiny|
|poke|p1|Charizard, L50, F, shiny|
|poke|p1|Sylveon, L50, F, shiny|
|poke|p1|Kingambit, L50, M, shiny|
|poke|p1|Aerodactyl, L50, M, shiny|
|poke|p1|Basculegion, L50, M, shiny|
|poke|p2|Delphox, L50, M|
|poke|p2|Basculegion, L50, M|
|poke|p2|Sinistcha, L50|
|poke|p2|Incineroar, L50, F|
|poke|p2|Garchomp, L50, F|
|poke|p2|Staraptor, L50, M|
|teampreview|4
|showteam|p1|Farigiraf||SitrusBerry|ArmorTail|Roar,TrickRoom,TwinBeam,Thunderbolt|Modest||M|||50|]Charizard||CharizarditeY|Blaze|SolarBeam,Protect,HeatWave,WeatherBall|Modest||F|||50|]Sylveon||FairyFeather|Pixilate|Protect,HyperBeam,HyperVoice,QuickAttack|Modest||F|||50|]Kingambit||FocusSash|Defiant|SuckerPunch,KowtowCleave,IronHead,LowKick|Adamant||M|||50|]Aerodactyl||Aerodactylite|Unnerve|Protect,IceFang,Tailwind,RockSlide|Jolly||M|||50|]Basculegion||LifeOrb|Adaptability|Protect,AquaJet,LastRespects,WaveCrash|Adamant||M|||50|
|showteam|p2|Delphox||Delphoxite|Blaze|NastyPlot,HeatWave,Psychic,Protect|Timid||M|||50|]Basculegion||MysticWater|Adaptability|WaveCrash,AquaJet,LastRespects,Protect|Jolly||M|||50|]Sinistcha||CobaBerry|Hospitality|MatchaGotcha,RagePowder,LifeDew,TrickRoom|Calm|||||50|]Incineroar||SitrusBerry|Intimidate|FakeOut,PartingShot,FlareBlitz,DarkestLariat|Careful||F|||50|]Garchomp||LifeOrb|RoughSkin|Earthquake,DragonClaw,RockSlide,Protect|Jolly||F|||50|]Staraptor||Staraptite|Intimidate|CloseCombat,BraveBird,Protect,Roost|Jolly||M|||50|
|
|t:|1782675186
|teamsize|p1|4
|teamsize|p2|4
|start
|switch|p1a: Kingambit|Kingambit, L50, M, shiny|100/100
|switch|p1b: Sylveon|Sylveon, L50, F, shiny|100/100
|switch|p2a: Delphox|Delphox, L50, M|100/100
|switch|p2b: Garchomp|Garchomp, L50, F|100/100
|turn|1
|
|t:|1782675198
|detailschange|p2a: Delphox|Delphox-Mega, L50, M
|-mega|p2a: Delphox|Delphox|Delphoxite
|move|p2a: Delphox|Nasty Plot|p2a: Delphox
|-boost|p2a: Delphox|spa|2
|move|p2b: Garchomp|Earthquake|p1b: Sylveon|[spread] p1a,p1b
|-immune|p2a: Delphox|[from] ability: Levitate
|-supereffective|p1a: Kingambit|1
|-damage|p1a: Kingambit|16/100
|-damage|p1b: Sylveon|42/100
|-damage|p2b: Garchomp|90/100|[from] item: Life Orb
|move|p1a: Kingambit|Kowtow Cleave|p2a: Delphox
|-supereffective|p2a: Delphox|1
|-damage|p2a: Delphox|0 fnt
|faint|p2a: Delphox
|move|p1b: Sylveon|Hyper Voice|p2b: Garchomp
|-supereffective|p2b: Garchomp|1
|-damage|p2b: Garchomp|0 fnt
|faint|p2b: Garchomp
|
|upkeep
|
|t:|1782675204
|switch|p2a: Sinistcha|Sinistcha, L50|100/100
|switch|p2b: Basculegion|Basculegion, L50, M|100/100
|turn|2
|inactive|Battle timer is ON: inactive players will automatically lose when time's up. (requested by Zaxxxxxx)
|
|t:|1782675227
|move|p2a: Sinistcha|Rage Powder|p2a: Sinistcha
|-singleturn|p2a: Sinistcha|move: Rage Powder
|move|p2b: Basculegion|Wave Crash|p1a: Kingambit
|-damage|p1a: Kingambit|0 fnt
|faint|p1a: Kingambit
|-damage|p2b: Basculegion|94/100|[from] Recoil
|move|p1b: Sylveon|Hyper Voice|p2a: Sinistcha|[spread] p2a,p2b
|-damage|p2a: Sinistcha|52/100
|-damage|p2b: Basculegion|35/100
|
|upkeep
|inactive|Zaxxxxxx has 30 seconds left.
|
|t:|1782675255
|switch|p1a: Basculegion|Basculegion, L50, M, shiny|100/100
|turn|3
|
|t:|1782675275
|move|p2b: Basculegion|Protect|p2b: Basculegion
|-singleturn|p2b: Basculegion|Protect
|move|p1a: Basculegion|Last Respects|p2a: Sinistcha
|-supereffective|p2a: Sinistcha|1
|-damage|p2a: Sinistcha|0 fnt
|faint|p2a: Sinistcha
|-damage|p1a: Basculegion|90/100|[from] item: Life Orb
|move|p1b: Sylveon|Hyper Voice|p2b: Basculegion
|-activate|p2b: Basculegion|move: Protect
|
|upkeep
|turn|4
|-message|Mclovingods forfeited.
|
|win|Zaxxxxxx
|raw|Zaxxxxxx's rating: 1289 → 1309(+20 for winning)
|raw|Mclovingods's rating: 1216 → 1196(-20 for losing)
|l|☆Zaxxxxxx
|player|p1|
