|j|☆WestyLiam
|j|☆Slackermaru
|html|WestyLiamSlackermaru    
|uhtml|bestof|Game 2 of a best-of-3
|t:|1756717548
|gametype|doubles
|player|p1|WestyLiam|101|1449
|player|p2|Slackermaru|workerice|1479
|gen|9
|tier|[Gen 9] VGC 2025 Reg H (Bo3)
|rated|
|rule|Species Clause: Limit one of each Pokémon
|rule|Item Clause: Limit 1 of each item
|clearpoke
|poke|p1|Garchomp, L50, F|
|poke|p1|Jumpluff, L50, M|
|poke|p1|Torkoal, L50, F|
|poke|p1|Dragonite, L50, M|
|poke|p1|Kingambit, L50, M|
|poke|p1|Typhlosion-Hisui, L50, M|
|poke|p2|Rillaboom, L50, F|
|poke|p2|Dragonite, L50, F|
|poke|p2|Sneasler, L50, F|
|poke|p2|Kingambit, L50, F|
|poke|p2|Electabuzz, L50, M|
|poke|p2|Volcarona, L50, M|
|teampreview|4
|showteam|p1|Garchomp||LifeOrb|RoughSkin|DragonClaw,StompingTantrum,Earthquake,Protect|||F|||50|,,,,,Fairy]Jumpluff||CovertCloak|Chlorophyll|LeafStorm,SleepPowder,Encore,Tailwind|||M|||50|,,,,,Poison]Torkoal||EjectPack|Drought|Overheat,BurningJealousy,HelpingHand,Protect|||F|||50|,,,,,Flying]Dragonite||LoadedDice|Multiscale|ScaleShot,ExtremeSpeed,IceSpinner,Protect|||M|||50|,,,,,Fairy]Kingambit||AssaultVest|Defiant|IronHead,SuckerPunch,Assurance,LowKick|||M|||50|,,,,,Flying]Typhlosion-Hisui||ChoiceSpecs|Blaze|Eruption,ShadowBall,HeatWave,Overheat|||M|||50|,,,,,Fire
|showteam|p2|Rillaboom||AssaultVest|GrassySurge|FakeOut,HighHorsepower,WoodHammer,GrassyGlide|||F|||50|,,,,,Fire]Dragonite||LoadedDice|Multiscale|ExtremeSpeed,ScaleShot,Protect,Haze|||F|||50|,,,,,Steel]Sneasler||FocusSash|Unburden|DireClaw,CloseCombat,FakeOut,Protect|||F|||50|,,,,,Stellar]Kingambit||SafetyGoggles|Defiant|KowtowCleave,SuckerPunch,SwordsDance,Protect|||F|||50|,,,,,Dark]Electabuzz||Eviolite|VitalSpirit|Thunderbolt,Taunt,FollowMe,Protect|||M|||50|,,,,,Ghost]Volcarona||Leftovers|FlameBody|HeatWave,TeraBlast,QuiverDance,Protect|||M|||50|,,,,,Fairy
|
|t:|1756717578
|teamsize|p1|4
|teamsize|p2|4
|start
|switch|p1a: Typhlosion|Typhlosion-Hisui, L50, M|100/100
|switch|p1b: Torkoal|Torkoal, L50, F|100/100
|switch|p2a: Kingambit|Kingambit, L50, F|100/100
|switch|p2b: Rillaboom|Rillaboom, L50, F|100/100
|-fieldstart|move: Grassy Terrain|[from] ability: Grassy Surge|[of] p2b: Rillaboom
|-weather|SunnyDay|[from] ability: Drought|[of] p1b: Torkoal
|turn|1
|
|t:|1756717603
|-terastallize|p1a: Typhlosion|Fire
|-terastallize|p2a: Kingambit|Dark
|move|p1b: Torkoal|Helping Hand|p1a: Typhlosion
|-singleturn|p1a: Typhlosion|Helping Hand|[of] p1b: Torkoal
|move|p2b: Rillaboom|Fake Out|p1a: Typhlosion
|-damage|p1a: Typhlosion|82/100
|move|p2a: Kingambit|Sucker Punch|p1a: Typhlosion
|-damage|p1a: Typhlosion|3/100
|cant|p1a: Typhlosion|flinch
|
|-weather|SunnyDay|[upkeep]
|-heal|p1a: Typhlosion|9/100|[from] Grassy Terrain
|upkeep
|turn|2
|
|t:|1756717623
|switch|p1a: Kingambit|Kingambit, L50, M|100/100
|move|p2b: Rillaboom|Grassy Glide|p1a: Kingambit
|-resisted|p1a: Kingambit
|-damage|p1a: Kingambit|85/100
|move|p2a: Kingambit|Swords Dance|p2a: Kingambit
|-boost|p2a: Kingambit|atk|2
|move|p1b: Torkoal|Overheat|p2b: Rillaboom
|-supereffective|p2b: Rillaboom
|-damage|p2b: Rillaboom|0 fnt
|-unboost|p1b: Torkoal|spa|2
|faint|p2b: Rillaboom
|-enditem|p1b: Torkoal|Eject Pack
|
|t:|1756717628
|switch|p1b: Jumpluff|Jumpluff, L50, M|100/100
|
|-weather|SunnyDay|[upkeep]
|-heal|p1a: Kingambit|92/100|[from] Grassy Terrain
|upkeep
|
|t:|1756717640
|switch|p2b: Electabuzz|Electabuzz, L50, M|100/100
|turn|3
|j| T-Soro
|
|t:|1756717650
|move|p2b: Electabuzz|Follow Me|p2b: Electabuzz
|-singleturn|p2b: Electabuzz|move: Follow Me
|move|p1b: Jumpluff|Leaf Storm|p2b: Electabuzz
|-damage|p2b: Electabuzz|77/100
|-unboost|p1b: Jumpluff|spa|2
|move|p1a: Kingambit|Assurance|p2b: Electabuzz
|-damage|p2b: Electabuzz|27/100
|move|p2a: Kingambit|Kowtow Cleave|p1b: Jumpluff
|-damage|p1b: Jumpluff|0 fnt
|faint|p1b: Jumpluff
|
|-weather|SunnyDay|[upkeep]
|-heal|p2b: Electabuzz|32/100|[from] Grassy Terrain
|-heal|p1a: Kingambit|98/100|[from] Grassy Terrain
|upkeep
|
|t:|1756717655
|switch|p1b: Torkoal|Torkoal, L50, F|100/100
|turn|4
|
|t:|1756717670
|move|p2b: Electabuzz|Follow Me|p2b: Electabuzz
|-singleturn|p2b: Electabuzz|move: Follow Me
|move|p1a: Kingambit|Assurance|p2b: Electabuzz
|-damage|p2b: Electabuzz|6/100
|move|p2a: Kingambit|Kowtow Cleave|p1b: Torkoal
|-damage|p1b: Torkoal|0 fnt
|faint|p1b: Torkoal
|
|-weather|SunnyDay|[upkeep]
|-heal|p2b: Electabuzz|12/100|[from] Grassy Terrain
|-heal|p1a: Kingambit|100/100|[from] Grassy Terrain
|upkeep
|-message|WestyLiam forfeited.
|
|win|Slackermaru
||Slackermaru is ready for game 3.
||WestyLiam is ready for game 3.
|uhtml|next|Next: Game 3 of 3
|l| T-Soro
|l|☆WestyLiam
|player|p1|
