|j|☆walkinginthesnow
|j|☆ariel.mr_
|html|walkinginthesnowariel.mr_    
|uhtml|bestof|Game 1 of a best-of-3
|t:|1783681251
|gametype|doubles
|player|p1|walkinginthesnow|drayden|1217
|player|p2|ariel.mr_|hilbert|1245
|gen|9
|tier|[Gen 9 Champions] VGC 2026 Reg M-B (Bo3)
|rated|
|rule|Species Clause: Limit one of each Pokémon
|rule|Item Clause: Limit 1 of each item
|clearpoke
|poke|p1|Ninetales-Alola, L50, F, shiny|
|poke|p1|Blaziken, L50, F|
|poke|p1|Kingambit, L50, M|
|poke|p1|Aerodactyl, L50, M|
|poke|p1|Basculegion, L50, M|
|poke|p1|Incineroar, L50, M|
|poke|p2|Charizard, L50, M, shiny|
|poke|p2|Kingambit, L50, F|
|poke|p2|Sylveon, L50, F|
|poke|p2|Garchomp, L50, M|
|poke|p2|Aerodactyl, L50, F|
|poke|p2|Farigiraf, L50, M|
|teampreview|4
|showteam|p1|Ninetales-Alola||LifeOrb|SnowWarning|Blizzard,FreezeDry,Moonblast,Protect|Timid||F|||50|]Blaziken||FocusSash|SpeedBoost|HeatWave,AuraSphere,Coaching,Protect|Timid||F|||50|]Kingambit||BlackGlasses|Defiant|KowtowCleave,SwordsDance,SuckerPunch,Protect|Adamant||M|||50|]Aerodactyl||Aerodactylite|Unnerve|RockSlide,DualWingbeat,Tailwind,Protect|Adamant||M|||50|]Basculegion||MysticWater|Adaptability|WaveCrash,AquaJet,LastRespects,Protect|Adamant||M|||50|]Incineroar||SitrusBerry|Intimidate|FlareBlitz,WillOWisp,PartingShot,FakeOut|Careful||M|||50|
|showteam|p2|Charizard||CharizarditeY|SolarPower|Protect,HeatWave,SolarBeam,WeatherBall|Modest||M|||50|]Kingambit||FocusSash|Defiant|IronHead,SuckerPunch,KowtowCleave,LowKick|Adamant||F|||50|]Sylveon||FairyFeather|Pixilate|Protect,HyperVoice,HyperBeam,QuickAttack|Modest||F|||50|]Garchomp||LifeOrb|RoughSkin|Protect,DragonClaw,Earthquake,RockSlide|Jolly||M|||50|]Aerodactyl||Aerodactylite|Unnerve|IceFang,RockSlide,Tailwind,DualWingbeat|Jolly||F|||50|]Farigiraf||SitrusBerry|ArmorTail|TrickRoom,Psychic,Thunderbolt,Roar|Bold||M|||50|
|inactive|Battle timer is ON: inactive players will automatically lose when time's up. (requested by ariel.mr_)
|
|t:|1783681272
|teamsize|p1|4
|teamsize|p2|4
|start
|switch|p1a: Blaziken|Blaziken, L50, F|100/100
|switch|p1b: Aerodactyl|Aerodactyl, L50, M|100/100
|switch|p2a: Kingambit|Kingambit, L50, F|100/100
|switch|p2b: Aerodactyl|Aerodactyl, L50, F|100/100
|-ability|p2b: Aerodactyl|Unnerve
|-ability|p1b: Aerodactyl|Unnerve
|turn|1
|
|t:|1783681287
|detailschange|p2b: Aerodactyl|Aerodactyl-Mega, L50, F
|-mega|p2b: Aerodactyl|Aerodactyl|Aerodactylite
|detailschange|p1b: Aerodactyl|Aerodactyl-Mega, L50, M
|-mega|p1b: Aerodactyl|Aerodactyl|Aerodactylite
|move|p2b: Aerodactyl|Rock Slide|p1b: Aerodactyl|[spread] p1a,p1b
|-supereffective|p1b: Aerodactyl|1
|-damage|p1a: Blaziken|59/100
|-damage|p1b: Aerodactyl|33/100
|cant|p1b: Aerodactyl|flinch
|cant|p1a: Blaziken|flinch
|move|p2a: Kingambit|Iron Head|p1b: Aerodactyl
|-supereffective|p1b: Aerodactyl|1
|-damage|p1b: Aerodactyl|0 fnt
|faint|p1b: Aerodactyl
|
|-ability|p1a: Blaziken|Speed Boost|boost
|-boost|p1a: Blaziken|spe|1
|upkeep
|c|☆walkinginthesnow|Cg
|c|☆ariel.mr_|lol
|-message|walkinginthesnow forfeited.
|
|win|ariel.mr_
||ariel.mr_ is ready for game 2.
|inactive|walkinginthesnow has 30 seconds to confirm battle start!
|inactive|walkinginthesnow has 20 seconds to confirm battle start!
|l|☆walkinginthesnow
|player|p1|
|inactive|walkinginthesnow has 10 seconds to confirm battle start!
|j|☆walkinginthesnow
|player|p1|walkinginthesnow|drayden|
||walkinginthesnow is ready for game 2.
|uhtml|next|Next: Game 2 of 3
|l|☆walkinginthesnow
|player|p1|
