|j|☆Poliilla
|j|☆Asterliuz
|html|PoliillaAsterliuz    
|uhtml|bestof|Game 1 of a best-of-3
|t:|1783968542
|gametype|doubles
|player|p1|Poliilla|265|1095
|player|p2|Asterliuz|1|1000
|gen|9
|tier|[Gen 9 Champions] VGC 2026 Reg M-B (Bo3)
|rated|
|rule|Species Clause: Limit one of each Pokémon
|rule|Item Clause: Limit 1 of each item
|clearpoke
|poke|p1|Swampert, L50, M, shiny|
|poke|p1|Venusaur, L50, M, shiny|
|poke|p1|Pelipper, L50, F, shiny|
|poke|p1|Archaludon, L50, M, shiny|
|poke|p1|Sneasler, L50, F, shiny|
|poke|p1|Kingambit, L50, M, shiny|
|poke|p2|Sceptile, L50, M|
|poke|p2|Rotom-Heat, L50|
|poke|p2|Aerodactyl, L50, F|
|poke|p2|Garchomp, L50, M|
|poke|p2|Basculegion, L50, M|
|poke|p2|Sneasler, L50, M|
|teampreview|4
|showteam|p1|Swampert||Swampertite|Torrent|WaveCrash,Earthquake,FlipTurn,Protect|Adamant||M|||50|]Venusaur||Venusaurite|Overgrow|GigaDrain,SludgeBomb,EarthPower,Protect|Modest||M|||50|]Pelipper||DampRock|Drizzle|WeatherBall,Hurricane,WideGuard,Tailwind|Modest||F|||50|]Archaludon||Leftovers|Stamina|DragonPulse,FlashCannon,ElectroShot,Protect|Modest||M|||50|]Sneasler||WhiteHerb|Unburden|FakeOut,DireClaw,CloseCombat,Coaching|Adamant||F|||50|]Kingambit||FocusSash|Defiant|KowtowCleave,SuckerPunch,IronHead,LowKick|Adamant||M|||50|
|showteam|p2|Sceptile||Sceptilite|Overgrow|LeafStorm,EarthPower,Detect,DragonPulse|Timid||M|||50|]Rotom-Heat||ChoiceScarf|Levitate|Overheat,Thunderbolt,Electroweb,VoltSwitch|Timid|||||50|]Aerodactyl||LifeOrb|Unnerve|RockSlide,Taunt,DualWingbeat,Crunch|Jolly||F|||50|]Garchomp||LumBerry|SandVeil|RockSlide,Earthquake,StompingTantrum,DragonClaw|Jolly||M|||50|]Basculegion||MysticWater|Adaptability|WaveCrash,Protect,Crunch,LastRespects|Adamant||M|||50|]Sneasler||WhiteHerb|Unburden|CloseCombat,FakeOut,DireClaw,LashOut|Adamant||M|||50|
|inactive|Battle timer is ON: inactive players will automatically lose when time's up. (requested by Poliilla)
|inactive|Poliilla has 60 seconds left.
|inactive|Asterliuz has 60 seconds left.
|
|t:|1783968612
|teamsize|p1|4
|teamsize|p2|4
|start
|switch|p1a: Archaludon|Archaludon, L50, M, shiny|100/100
|switch|p1b: Pelipper|Pelipper, L50, F, shiny|100/100
|switch|p2a: Sceptile|Sceptile, L50, M|100/100
|switch|p2b: Aerodactyl|Aerodactyl, L50, F|100/100
|-ability|p2b: Aerodactyl|Unnerve
|-weather|RainDance|[from] ability: Drizzle|[of] p1b: Pelipper
|turn|1
|inactive|Poliilla has 30 seconds left.
|inactive|Asterliuz has 30 seconds left.
|inactive|Poliilla has 20 seconds left.
|inactive|Poliilla has 15 seconds left.
|inactive|Poliilla has 10 seconds left.
|inactive|Poliilla has 5 seconds left.
|
|t:|1783968667
|detailschange|p2a: Sceptile|Sceptile-Mega, L50, M
|-mega|p2a: Sceptile|Sceptile|Sceptilite
|move|p2a: Sceptile|Earth Power|p1a: Archaludon
|-supereffective|p1a: Archaludon|1
|-damage|p1a: Archaludon|25/100
|-ability|p1a: Archaludon|Stamina|boost
|-boost|p1a: Archaludon|def|1
|move|p2b: Aerodactyl|Rock Slide|p1b: Pelipper|[spread] p1a,p1b
|-resisted|p1a: Archaludon|1
|-supereffective|p1b: Pelipper|1
|-damage|p1a: Archaludon|17/100
|-damage|p1b: Pelipper|7/100
|-ability|p1a: Archaludon|Stamina|boost
|-boost|p1a: Archaludon|def|1
|-damage|p2b: Aerodactyl|90/100|[from] item: Life Orb
|move|p1b: Pelipper|Weather Ball|p2a: Sceptile
|-resisted|p2a: Sceptile|2
|-damage|p2a: Sceptile|76/100
|move|p1a: Archaludon|Dragon Pulse|p2b: Aerodactyl
|-damage|p2b: Aerodactyl|30/100
|
|-weather|RainDance|[upkeep]
|-heal|p1a: Archaludon|23/100|[from] item: Leftovers
|upkeep
|turn|2
|inactive|Poliilla has 30 seconds left.
|inactive|Asterliuz has 30 seconds left.
|
|t:|1783968697
|move|p1b: Pelipper|Wide Guard|p1b: Pelipper
|-singleturn|p1b: Pelipper|Wide Guard
|move|p2a: Sceptile|Dragon Pulse|p1a: Archaludon
|-damage|p1a: Archaludon|0 fnt
|faint|p1a: Archaludon
|move|p2b: Aerodactyl|Dual Wingbeat|p1b: Pelipper
|-damage|p1b: Pelipper|0 fnt
|faint|p1b: Pelipper
|-hitcount|p1: Pelipper|1
|-damage|p2b: Aerodactyl|21/100|[from] item: Life Orb
|
|-weather|RainDance|[upkeep]
|upkeep
|
|t:|1783968704
|switch|p1b: Swampert|Swampert, L50, M, shiny|100/100
|switch|p1a: Kingambit|Kingambit, L50, M, shiny|100/100
|turn|3
|
|t:|1783968728
|switch|p2b: Basculegion|Basculegion, L50, M|100/100
|detailschange|p1b: Swampert|Swampert-Mega, L50, M, shiny
|-mega|p1b: Swampert|Swampert|Swampertite
|move|p1b: Swampert|Protect|p1b: Swampert
|-singleturn|p1b: Swampert|Protect
|move|p1a: Kingambit|Sucker Punch||[still]
|-fail|p1a: Kingambit
|move|p2a: Sceptile|Earth Power|p1a: Kingambit
|-supereffective|p1a: Kingambit|1
|-damage|p1a: Kingambit|35/100
|
|-weather|RainDance|[upkeep]
|upkeep
|turn|4
|
|t:|1783968747
|switch|p2b: Garchomp|Garchomp, L50, M|100/100
|move|p1a: Kingambit|Sucker Punch||[still]
|-fail|p1a: Kingambit
|move|p2a: Sceptile|Leaf Storm|p1b: Swampert
|-supereffective|p1b: Swampert|2
|-damage|p1b: Swampert|0 fnt
|-unboost|p2a: Sceptile|spa|2
|faint|p1b: Swampert
|
|-weather|RainDance|[upkeep]
|upkeep
|turn|5
|l|☆Poliilla
|inactive|Poliilla disconnected and has a minute to reconnect!
|player|p1|
|inactive|Poliilla has 30 seconds left.
|inactive|Poliilla has 20 seconds left.
|inactive|Poliilla has 15 seconds left.
|inactive|Poliilla has 10 seconds left.
|inactive|Poliilla has 5 seconds left.
|-message|Poliilla lost due to inactivity.
|
|win|Asterliuz
||Asterliuz is ready for game 2.
|inactive|Poliilla has 5 seconds to reconnect!
|raw|Poliilla's rating: 1095 → 1064(-31 for losing)
|raw|Asterliuz's rating: 1000 → 1051(+51 for winning)
