|j|☆KodeBeast0526
|j|☆himhimhimhim15
|html|KodeBeast0526himhimhimhim15    
|uhtml|bestof|Game 3 of a best-of-3
|t:|1784397928
|gametype|doubles
|player|p1|KodeBeast0526|sailor|1187
|player|p2|himhimhimhim15|265|1076
|gen|9
|tier|[Gen 9 Champions] VGC 2026 Reg M-B (Bo3)
|rated|
|rule|Species Clause: Limit one of each Pokémon
|rule|Item Clause: Limit 1 of each item
|clearpoke
|poke|p1|Aerodactyl, L50, M, shiny|
|poke|p1|Kingambit, L50, M, shiny|
|poke|p1|Sylveon, L50, M, shiny|
|poke|p1|Garchomp, L50, M, shiny|
|poke|p1|Charizard, L50, M, shiny|
|poke|p1|Farigiraf, L50, M, shiny|
|poke|p2|Malamar, L50, M|
|poke|p2|Maushold-Four, L50|
|poke|p2|Meowscarada, L50, F|
|poke|p2|Staraptor, L50, F|
|poke|p2|Mawile, L50, M|
|poke|p2|Basculegion, L50, M|
|teampreview|4
|showteam|p1|Aerodactyl||Aerodactylite|Unnerve|RockSlide,IceFang,Tailwind,WideGuard|Jolly||M|||50|]Kingambit||FocusSash|Defiant|KowtowCleave,SuckerPunch,IronHead,LowKick|Adamant||M|||50|]Sylveon||LifeOrb|Pixilate|Detect,HyperVoice,HyperBeam,QuickAttack|Modest||M|||50|]Garchomp||ChoiceScarf|RoughSkin|Earthquake,DragonClaw,StompingTantrum,StoneEdge|Jolly||M|||50|]Charizard||CharizarditeY|Blaze|Protect,HeatWave,SolarBeam,WeatherBall|Modest||M|||50|]Farigiraf||SitrusBerry|ArmorTail|Thunderbolt,PsychicNoise,TrickRoom,HelpingHand|Bold||M|||50|
|showteam|p2|Malamar||RoseliBerry|Contrary|Superpower,KnockOff,Protect,TrickRoom|Brave||M|||50|]Maushold-Four||WideLens|Technician|PopulationBomb,FollowMe,Protect,Feint|Jolly|||||50|]Meowscarada||LifeOrb|Overgrow|FlowerTrick,KnockOff,HelpingHand,LowKick|Jolly||F|||50|]Staraptor||Staraptite|Intimidate|CloseCombat,BraveBird,Facade,Protect|Adamant||F|||50|]Mawile||Mawilite|HyperCutter|PlayRough,KnockOff,RockSlide,SuckerPunch|Brave||M|||50|]Basculegion||FocusSash|Adaptability|WaveCrash,LastRespects,AquaJet,Protect|Adamant||M|||50|
|
|t:|1784397988
|teamsize|p1|4
|teamsize|p2|4
|start
|switch|p1a: Farigiraf|Farigiraf, L50, M, shiny|100/100
|switch|p1b: Garchomp|Garchomp, L50, M, shiny|100/100
|switch|p2a: Malamar|Malamar, L50, M|100/100
|switch|p2b: Maushold|Maushold-Four, L50|100/100
|turn|1
|
|t:|1784398011
|move|p1a: Farigiraf|Helping Hand|p1b: Garchomp
|-singleturn|p1b: Garchomp|Helping Hand|[of] p1a: Farigiraf
|move|p1b: Garchomp|Earthquake|p2b: Maushold|[spread] p1a,p2a,p2b
|-damage|p1a: Farigiraf|55/100
|-damage|p2a: Malamar|35/100
|-damage|p2b: Maushold|2/100
|move|p2b: Maushold|Population Bomb|p1b: Garchomp
|-damage|p1b: Garchomp|89/100
|-damage|p2b: Maushold|0 fnt|[from] ability: Rough Skin|[of] p1b: Garchomp
|faint|p2b: Maushold
|-hitcount|p1b: Garchomp|1
|move|p2a: Malamar|Knock Off|p1a: Farigiraf
|-supereffective|p1a: Farigiraf|1
|-damage|p1a: Farigiraf|0 fnt
|-enditem|p1a: Farigiraf|Sitrus Berry|[from] move: Knock Off|[of] p2a: Malamar
|faint|p1a: Farigiraf
|
|upkeep
|
|t:|1784398028
|switch|p2b: Basculegion|Basculegion, L50, M|100/100
|switch|p1a: Charizard|Charizard, L50, M, shiny|100/100
|turn|2
|
|t:|1784398046
|detailschange|p1a: Charizard|Charizard-Mega-Y, L50, M, shiny
|-mega|p1a: Charizard|Charizard|Charizardite Y
|-weather|SunnyDay|[from] ability: Drought|[of] p1a: Charizard
|move|p1b: Garchomp|Earthquake|p2b: Basculegion|[spread] p2a,p2b
|-immune|p1a: Charizard
|-damage|p2a: Malamar|0 fnt
|-damage|p2b: Basculegion|50/100g
|faint|p2a: Malamar
|move|p1a: Charizard|Heat Wave|p2b: Basculegion
|-resisted|p2b: Basculegion|1
|-damage|p2b: Basculegion|3/100
|move|p2b: Basculegion|Wave Crash|p1b: Garchomp
|-damage|p1b: Garchomp|49/100
|-damage|p2b: Basculegion|0 fnt|[from] ability: Rough Skin|[of] p1b: Garchomp
|faint|p2b: Basculegion
|
|-weather|SunnyDay|[upkeep]
|upkeep
|c|☆KodeBeast0526|gg
|inactive|Battle timer is ON: inactive players will automatically lose when time's up. (requested by KodeBeast0526)
|
|t:|1784398081
|switch|p2a: Mawile|Mawile, L50, M|100/100
|turn|3
|
|t:|1784398086
|detailschange|p2a: Mawile|Mawile-Mega, L50, M
|-mega|p2a: Mawile|Mawile|Mawilite
|move|p1b: Garchomp|Earthquake|p2a: Mawile|[spread] p2a
|-immune|p1a: Charizard
|-supereffective|p2a: Mawile|1
|-damage|p2a: Mawile|27/100
|move|p1a: Charizard|Heat Wave|p2a: Mawile
|-supereffective|p2a: Mawile|1
|-damage|p2a: Mawile|0 fnt
|faint|p2a: Mawile
|
|win|KodeBeast0526
|raw|KodeBeast0526's rating: 1187 → 1204(+17 for winning)
|raw|himhimhimhim15's rating: 1076 → 1061(-15 for losing)
