|j|☆Monterreytest
|j|☆Alecat
|html|MonterreytestAlecat    
|uhtml|bestof|Game 1 of a best-of-3
|t:|1757693822
|gametype|doubles
|player|p1|Monterreytest|102|1000
|player|p2|Alecat|scientistf|1048
|gen|9
|tier|[Gen 9] VGC 2025 Reg H (Bo3)
|rated|
|rule|Species Clause: Limit one of each Pokémon
|rule|Item Clause: Limit 1 of each item
|clearpoke
|poke|p1|Incineroar, L50, F|
|poke|p1|Ninetales-Alola, L50, F|
|poke|p1|Rillaboom, L50, M|
|poke|p1|Dragonite, L50, F|
|poke|p1|Frosmoth, L50, F|
|poke|p1|Ursaluna, L50, M|
|poke|p2|Sneasler, L50, F|
|poke|p2|Magmar, L50, F|
|poke|p2|Rillaboom, L50, M|
|poke|p2|Espathra, L50, M|
|poke|p2|Kingambit, L50, M|
|poke|p2|Arcanine-Hisui, L50, M|
|teampreview|4
|showteam|p1|Incineroar||SafetyGoggles|Intimidate|FakeOut,KnockOff,FlareBlitz,PartingShot|||F|||50|,,,,,Water]Ninetales-Alola||LightClay|SnowWarning|AuroraVeil,Blizzard,Encore,Disable|||F|||50|,,,,,Ghost]Rillaboom||AssaultVest|GrassySurge|FakeOut,WoodHammer,GrassyGlide,HighHorsepower|||M|||50|,,,,,Water]Dragonite||LoadedDice|Multiscale|Haze,ScaleShot,Tailwind,Protect|||F|||50|,,,,,Steel]Frosmoth||Leftovers|IceScales|Blizzard,TeraBlast,QuiverDance,Protect|||F|||50|,,,,,Water]Ursaluna||FlameOrb|Guts|Facade,HeadlongRush,Earthquake,Protect|||M|||50|,,,,,Poison
|showteam|p2|Sneasler||FocusSash|Unburden|FakeOut,CloseCombat,DireClaw,Coaching|||F|||50|,,,,,Ghost]Magmar||Eviolite|VitalSpirit|FollowMe,HeatWave,Taunt,Protect|||F|||50|,,,,,Dragon]Rillaboom||AssaultVest|GrassySurge|FakeOut,WoodHammer,GrassyGlide,HighHorsepower|||M|||50|,,,,,Fire]Espathra||GrassySeed|SpeedBoost|StoredPower,TeraBlast,CalmMind,Protect|||M|||50|,,,,,Fighting]Kingambit||SafetyGoggles|Defiant|KowtowCleave,SuckerPunch,SwordsDance,Protect|||M|||50|,,,,,Dark]Arcanine-Hisui||LoadedDice|Intimidate|FlareBlitz,RockBlast,ExtremeSpeed,Protect|||M|||50|,,,,,Ghost
|inactive|Battle timer is ON: inactive players will automatically lose when time's up. (requested by Alecat)
|inactive|Monterreytest has 60 seconds left.
|inactive|Alecat has 60 seconds left.
|
|t:|1757693858
|teamsize|p1|4
|teamsize|p2|4
|start
|switch|p1a: Dragonite|Dragonite, L50, F|100/100
|switch|p1b: Ursaluna|Ursaluna, L50, M, shiny|100/100
|switch|p2a: Arcanine|Arcanine-Hisui, L50, M, shiny|100/100
|switch|p2b: Sneasler|Sneasler, L50, F|100/100
|-ability|p2a: Arcanine|Intimidate|boost
|-unboost|p1a: Dragonite|atk|1
|-unboost|p1b: Ursaluna|atk|1
|turn|1
|
|t:|1757693876
|move|p2b: Sneasler|Fake Out|p1b: Ursaluna
|-damage|p1b: Ursaluna|90/100
|move|p2a: Arcanine|Rock Blast|p1a: Dragonite
|-supereffective|p1a: Dragonite
|-damage|p1a: Dragonite|84/100
|-supereffective|p1a: Dragonite
|-damage|p1a: Dragonite|54/100
|-supereffective|p1a: Dragonite
|-damage|p1a: Dragonite|22/100
|-supereffective|p1a: Dragonite
|-damage|p1a: Dragonite|0 fnt
|faint|p1a: Dragonite
|-hitcount|p1: Dragonite|4
|cant|p1b: Ursaluna|flinch
|
|-status|p1b: Ursaluna|brn|[from] item: Flame Orb
|upkeep
|
|t:|1757693890
|switch|p1a: Incineroar|Incineroar, L50, F|100/100
|-ability|p1a: Incineroar|Intimidate|boost
|-unboost|p2a: Arcanine|atk|1
|-unboost|p2b: Sneasler|atk|1
|turn|2
|
|t:|1757693904
|-terastallize|p2b: Sneasler|Ghost
|move|p1a: Incineroar|Fake Out|p2b: Sneasler
|-immune|p2b: Sneasler
|move|p2b: Sneasler|Close Combat|p1b: Ursaluna
|-supereffective|p1b: Ursaluna
|-damage|p1b: Ursaluna|24/100 brn
|-unboost|p2b: Sneasler|def|1
|-unboost|p2b: Sneasler|spd|1
|move|p2a: Arcanine|Rock Blast|p1a: Incineroar
|-supereffective|p1a: Incineroar
|-damage|p1a: Incineroar|86/100
|-supereffective|p1a: Incineroar
|-damage|p1a: Incineroar|71/100
|-supereffective|p1a: Incineroar
|-damage|p1a: Incineroar|56/100
|-supereffective|p1a: Incineroar
|-damage|p1a: Incineroar|40/100
|-hitcount|p1a: Incineroar|4
|move|p1b: Ursaluna|Facade|p2a: Arcanine
|-resisted|p2a: Arcanine
|-damage|p2a: Arcanine|53/100
|
|-damage|p1b: Ursaluna|18/100 brn|[from] brn
|upkeep
|turn|3
|-message|Monterreytest forfeited.
|
|win|Alecat
||Monterreytest is ready for game 2.
