|j|☆MABV
|j|☆hpeezy
|html|MABVhpeezy    
|uhtml|bestof|Game 1 of a best-of-3
|t:|1782691038
|gametype|doubles
|player|p1|MABV|n|1087
|player|p2|hpeezy|170|1036
|gen|9
|tier|[Gen 9 Champions] VGC 2026 Reg M-B (Bo3)
|rated|
|rule|Species Clause: Limit one of each Pokémon
|rule|Item Clause: Limit 1 of each item
|clearpoke
|poke|p1|Metagross, L50, shiny|
|poke|p1|Sneasler, L50, F, shiny|
|poke|p1|Aerodactyl, L50, M, shiny|
|poke|p1|Grimmsnarl, L50, M|
|poke|p1|Garchomp, L50, M|
|poke|p1|Farigiraf, L50, F, shiny|
|poke|p2|Staraptor, L50, F|
|poke|p2|Ditto, L50|
|poke|p2|Whimsicott, L50, M|
|poke|p2|Dragapult, L50, F|
|poke|p2|Farigiraf, L50, F|
|poke|p2|Rotom-Wash, L50|
|teampreview|4
|showteam|p1|Metagross||Metagrossite|ClearBody|StompingTantrum,BulletPunch,PsychicFangs,Protect|Jolly|||||50|]Sneasler||WhiteHerb|Unburden|Coaching,FakeOut,CloseCombat,DireClaw|Jolly||F|||50|]Aerodactyl||FocusSash|Unnerve|RockSlide,Tailwind,WideGuard,Protect|Jolly||M|||50|]Grimmsnarl||LightClay|Prankster|Reflect,LightScreen,PartingShot,SpiritBreak|Careful||M|||50|]Garchomp||ChoiceScarf|RoughSkin|Earthquake,DragonClaw,RockSlide,StompingTantrum|Adamant||M|||50|]Farigiraf||SitrusBerry|ArmorTail|HelpingHand,TrickRoom,Psychic,GrassKnot|Bold||F|||50|
|showteam|p2|Staraptor||Staraptite|Intimidate|BraveBird,CloseCombat,Roost,Protect|Adamant||F|||50|]Ditto||ChoiceScarf|Imposter|Transform|Calm|||||50|]Whimsicott||FocusSash|Prankster|DazzlingGleam,LightScreen,Encore,StunSpore|Bold||M|||50|]Dragapult||LifeOrb|ClearBody|DragonDarts,PhantomForce,Disable,Uturn|Jolly||F|||50|]Farigiraf||SilkScarf|ArmorTail|HyperVoice,Psychic,Protect,Roar|Calm||F|||50|]Rotom-Wash||MysticWater|Levitate|HydroPump,Thunderbolt,ThunderWave,Reflect|Timid|||||50|
|inactive|Battle timer is ON: inactive players will automatically lose when time's up. (requested by hpeezy)
|inactive|MABV has 60 seconds left.
|
|t:|1782691072
|teamsize|p1|4
|teamsize|p2|4
|start
|switch|p1a: Metagross|Metagross, L50, shiny|100/100
|switch|p1b: Sneasler|Sneasler, L50, F, shiny|100/100
|switch|p2a: Whimsicott|Whimsicott, L50, M|100/100
|switch|p2b: Rotom|Rotom-Wash, L50|100/100
|turn|1
|
|t:|1782691091
|switch|p2a: Dragapult|Dragapult, L50, F|100/100
|detailschange|p1a: Metagross|Metagross-Mega, L50, shiny
|-mega|p1a: Metagross|Metagross|Metagrossite
|move|p1a: Metagross|Protect|p1a: Metagross
|-singleturn|p1a: Metagross|Protect
|move|p1b: Sneasler|Dire Claw|p2b: Rotom
|-damage|p2b: Rotom|38/100
|move|p2b: Rotom|Thunder Wave|p1b: Sneasler
|-status|p1b: Sneasler|par
|
|upkeep
|turn|2
|
|t:|1782691107
|move|p2a: Dragapult|Phantom Force||[still]
|-prepare|p2a: Dragapult|Phantom Force
|move|p1a: Metagross|Psychic Fangs|p2b: Rotom
|-damage|p2b: Rotom|0 fnt
|faint|p2b: Rotom
|move|p1b: Sneasler|Coaching|p1a: Metagross
|-boost|p1a: Metagross|atk|1
|-boost|p1a: Metagross|def|1
|
|upkeep
|
|t:|1782691123
|switch|p2b: Whimsicott|Whimsicott, L50, M|100/100
|turn|3
|
|t:|1782691135
|move|p2b: Whimsicott|Stun Spore|p1a: Metagross|[miss]
|-miss|p2b: Whimsicott|p1a: Metagross
|move|p2a: Dragapult|Phantom Force|p1a: Metagross|[from] lockedmove
|-supereffective|p1a: Metagross|1
|-damage|p1a: Metagross|43/100
|-damage|p2a: Dragapult|90/100|[from] item: Life Orb
|move|p1a: Metagross|Psychic Fangs|p2a: Dragapult
|-damage|p2a: Dragapult|0 fnt
|faint|p2a: Dragapult
|move|p1b: Sneasler|Dire Claw|p2b: Whimsicott
|-supereffective|p2b: Whimsicott|2
|-enditem|p2b: Whimsicott|Focus Sash
|-damage|p2b: Whimsicott|1/100
|-status|p2b: Whimsicott|slp
|
|upkeep
|-message|hpeezy forfeited.
|
|win|MABV
|l|☆hpeezy
|player|p2|
|raw|MABV's rating: 1087 → 1110(+23 for winning)
|raw|hpeezy's rating: 1036 → 1023(-13 for losing)
