|j|ŌśåHADES055
|j|ŌśåWooperdooperpooper
|html|HADES055Wooperdooperpooper    
|uhtml|bestof|Game 2 of a best-of-3
|t:|1756738936
|gametype|doubles
|player|p1|HADES055|pokemaniac|1142
|player|p2|Wooperdooperpooper|169|1148
|gen|9
|tier|[Gen 9] VGC 2025 Reg H (Bo3)
|rated|
|rule|Species Clause: Limit one of each Pok├®mon
|rule|Item Clause: Limit 1 of each item
|clearpoke
|poke|p1|Pelipper, L50, M|
|poke|p1|Archaludon, L50, M|
|poke|p1|Incineroar, L50, F|
|poke|p1|Amoonguss, L50, M|
|poke|p1|Dragonite, L50, M|
|poke|p1|Rillaboom, L50, F|
|poke|p2|Charizard, L50, F|
|poke|p2|Indeedee-F, L50, F|
|poke|p2|Ursaluna, L50, F|
|poke|p2|Torkoal, L50, F|
|poke|p2|Gallade, L50, M|
|poke|p2|Hatterene, L50, F|
|teampreview|4
|showteam|p1|Pelipper||FocusSash|Drizzle|Hurricane,WeatherBall,Tailwind,WideGuard|||M|||50|,,,,,Ghost]Archaludon||AssaultVest|Stamina|ElectroShot,DracoMeteor,FlashCannon,BodyPress|||M|||50|,,,,,Dragon]Incineroar||SafetyGoggles|Intimidate|FakeOut,KnockOff,FlareBlitz,PartingShot|||F|||50|,,,,,Water]Amoonguss||RockyHelmet|Regenerator|RagePowder,Spore,PollenPuff,Protect|||M|||50|,,,,,Water]Dragonite||LoadedDice|Multiscale|ScaleShot,ExtremeSpeed,FirePunch,Tailwind|||M|||50|,,,,,Normal]Rillaboom||MeadowPlate|GrassySurge|FakeOut,GrassyGlide,WoodHammer,Uturn|||F|||50|,,,,,Grass
|showteam|p2|Charizard||ChoiceScarf|SolarPower|HeatWave,Overheat,WeatherBall,ScorchingSands|||F|||50|,,,,,Fire]Indeedee-F||SafetyGoggles|PsychicSurge|DazzlingGleam,FollowMe,TrickRoom,HelpingHand|||F|||50|,,,,,Water]Ursaluna||FlameOrb|Guts|HeadlongRush,Facade,RockSlide,Protect|||F|||50|,,,,,Dragon]Torkoal||Charcoal|Drought|Eruption,Overheat,HelpingHand,Protect|||F|||50|,,,,,Fire]Gallade||ClearAmulet|Sharpness|SacredSword,PsychoCut,TrickRoom,WideGuard|||M|||50|,,,,,Grass]Hatterene||LifeOrb|MagicBounce|ExpandingForce,DazzlingGleam,TrickRoom,Protect|||F|||50|,,,,,Water
|inactive|Battle timer is ON: inactive players will automatically lose when time's up. (requested by HADES055)
|inactive|HADES055 has 60 seconds left.
|
|t:|1756738979
|teamsize|p1|4
|teamsize|p2|4
|start
|switch|p1a: Incineroar|Incineroar, L50, F|100/100
|switch|p1b: Amoonguss|Amoonguss, L50, M|100/100
|switch|p2a: Gallade|Gallade, L50, M|100/100
|switch|p2b: Indeedee|Indeedee-F, L50, F|100/100
|-ability|p1a: Incineroar|Intimidate|boost
|-fail|p2a: Gallade|unboost|[from] item: Clear Amulet|[of] p2a: Gallade
|-unboost|p2b: Indeedee|atk|1
|-fieldstart|move: Psychic Terrain|[from] ability: Psychic Surge|[of] p2b: Indeedee
|turn|1
|inactive|HADES055 has 30 seconds left.
|inactive|HADES055 has 20 seconds left.
|inactive|HADES055 has 15 seconds left.
|inactive|HADES055 has 10 seconds left.
|
|t:|1756739026
|switch|p1b: Rillaboom|Rillaboom, L50, F|100/100
|-fieldstart|move: Grassy Terrain|[from] ability: Grassy Surge|[of] p1b: Rillaboom
|-terastallize|p2a: Gallade|Grass
|move|p1a: Incineroar|Knock Off|p2b: Indeedee
|-supereffective|p2b: Indeedee
|-damage|p2b: Indeedee|28/100
|-enditem|p2b: Indeedee|Safety Goggles|[from] move: Knock Off|[of] p1a: Incineroar
|move|p2a: Gallade|Sacred Sword|p1a: Incineroar
|-supereffective|p1a: Incineroar
|-damage|p1a: Incineroar|0 fnt
|faint|p1a: Incineroar
|move|p2b: Indeedee|Trick Room|p2b: Indeedee
|-fieldstart|move: Trick Room|[of] p2b: Indeedee
|
|-heal|p2b: Indeedee|34/100|[from] Grassy Terrain
|upkeep
|
|t:|1756739045
|switch|p1a: Amoonguss|Amoonguss, L50, M|100/100
|turn|2
|
|t:|1756739058
|switch|p2b: Ursaluna|Ursaluna, L50, F|100/100
|move|p1a: Amoonguss|Spore|p2b: Ursaluna
|-status|p2b: Ursaluna|slp|[from] move: Spore
|move|p2a: Gallade|Psycho Cut|p1a: Amoonguss
|-supereffective|p1a: Amoonguss
|-damage|p1a: Amoonguss|0 fnt
|faint|p1a: Amoonguss
|move|p1b: Rillaboom|Wood Hammer|p2a: Gallade
|-resisted|p2a: Gallade
|-damage|p2a: Gallade|24/100
|-damage|p1b: Rillaboom|78/100|[from] Recoil
|
|-heal|p2a: Gallade|30/100|[from] Grassy Terrain
|-heal|p1b: Rillaboom|84/100|[from] Grassy Terrain
|upkeep
|
|t:|1756739067
|switch|p1a: Dragonite|Dragonite, L50, M|100/100
|turn|3
|c|ŌśåWooperdooperpooper|I don't know if you're a genius or you didn't read the sheet
|c|ŌśåHADES055|tr is suck unskillful garbage
|c|ŌśåHADES055|i hate this mode
|inactive|HADES055 has 30 seconds left.
|inactive|Wooperdooperpooper has 30 seconds left.
|c|ŌśåHADES055|i clicked knock off
|inactive|HADES055 has 20 seconds left.
|inactive|Wooperdooperpooper has 20 seconds left.
|inactive|HADES055 has 15 seconds left.
|inactive|Wooperdooperpooper has 15 seconds left.
|inactive|HADES055 has 10 seconds left.
|c|ŌśåHADES055|you no longer have goggles
|c|ŌśåWooperdooperpooper|You got me
|inactive|HADES055 has 5 seconds left.
|
|t:|1756739121
|switch|p2b: Indeedee|Indeedee-F, L50, F|34/100
|-fieldstart|move: Psychic Terrain|[from] ability: Psychic Surge|[of] p2b: Indeedee
|move|p2a: Gallade|Psycho Cut|p1b: Rillaboom
|-damage|p1b: Rillaboom|21/100
|move|p1b: Rillaboom|Wood Hammer|p2b: Indeedee
|-damage|p2b: Indeedee|0 fnt
|faint|p2b: Indeedee
|-damage|p1b: Rillaboom|11/100|[from] Recoil
|move|p1a: Dragonite|Scale Shot|p2a: Gallade
|-damage|p2a: Gallade|7/100
|-damage|p2a: Gallade|0 fnt
|faint|p2a: Gallade
|-hitcount|p2: Gallade|2
|-unboost|p1a: Dragonite|def|1
|-boost|p1a: Dragonite|spe|1
|
|upkeep
|c|ŌśåWooperdooperpooper|Anyways right now htr is one of the hardest archetypes to use
|inactive|Wooperdooperpooper has 30 seconds left.
|c|ŌśåWooperdooperpooper|The usage went up a bit and now everyone has ways to counter it
|inactive|Wooperdooperpooper has 20 seconds left.
|
|t:|1756739160
|switch|p2a: Hatterene|Hatterene, L50, F|100/100
|switch|p2b: Ursaluna|Ursaluna, L50, F|100/100 slp
|turn|4
|c|ŌśåHADES055|you always get it up how is it hard to win with urs
|inactive|HADES055 has 30 seconds left.
|c|ŌśåWooperdooperpooper|If it was so easy, it would do a lot better at tours
|inactive|HADES055 has 20 seconds left.
|inactive|HADES055 has 15 seconds left.
|
|t:|1756739200
|move|p2a: Hatterene|Expanding Force|p1a: Dragonite|[spread] p1a,p1b
|-damage|p1a: Dragonite|55/100
|-damage|p1b: Rillaboom|0 fnt
|faint|p1b: Rillaboom
|-damage|p2a: Hatterene|91/100|[from] item: Life Orb
|cant|p2b: Ursaluna|slp
|move|p1a: Dragonite|Fire Punch|p2a: Hatterene
|-damage|p2a: Hatterene|57/100
|
|upkeep
|turn|5
|c|ŌśåWooperdooperpooper|If you don't have reliable plans for it, it's not htr's fault
|c|ŌśåWooperdooperpooper|Low ladder is full of htr and people who can't counter htr
|inactive|HADES055 has 30 seconds left.
|inactive|HADES055 has 20 seconds left.
|c|ŌśåHADES055|how do i counter indeedee sash with 3 tr setters
|inactive|HADES055 has 15 seconds left.
|inactive|HADES055 has 10 seconds left.
|
|t:|1756739247
|move|p2a: Hatterene|Expanding Force|p1a: Dragonite
|-damage|p1a: Dragonite|0 fnt
|faint|p1a: Dragonite
|-damage|p2a: Hatterene|47/100|[from] item: Life Orb
|
|win|Wooperdooperpooper
