|j|☆AjaniVGC
|j|☆Soda_Machine4
|html|AjaniVGCSoda_Machine4    
|uhtml|bestof|Game 1 of a best-of-3
|t:|1757235001
|gametype|doubles
|player|p1|AjaniVGC|2|1092
|player|p2|Soda_Machine4|baker|1000
|gen|9
|tier|[Gen 9] VGC 2025 Reg H (Bo3)
|rated|
|rule|Species Clause: Limit one of each Pokémon
|rule|Item Clause: Limit 1 of each item
|clearpoke
|poke|p1|Sneasler, L50, F|
|poke|p1|Ursaluna-Bloodmoon, L50, M|
|poke|p1|Gholdengo, L50|
|poke|p1|Magmar, L50, M|
|poke|p1|Annihilape, L50, M|
|poke|p1|Whimsicott, L50, M|
|poke|p2|Tyranitar, L50, M|
|poke|p2|Excadrill, L50, M|
|poke|p2|Kommo-o, L50, M|
|poke|p2|Indeedee-F, L50, F|
|poke|p2|Incineroar, L50, F|
|poke|p2|Amoonguss, L50, M|
|teampreview|4
|showteam|p1|Sneasler||FocusSash|Unburden|DireClaw,CloseCombat,FakeOut,ThroatChop|||F|||50|,,,,,Dark]Ursaluna-Bloodmoon||LifeOrb|MindsEye|EarthPower,BloodMoon,HyperVoice,Protect|||M|||50|,,,,,Ghost]Gholdengo||MetalCoat|GoodasGold|MakeItRain,ShadowBall,NastyPlot,Protect||||||50|,,,,,Water]Magmar||Eviolite|VitalSpirit|FollowMe,WillOWisp,Protect,Overheat|||M|||50|,,,,,Ghost]Annihilape||Leftovers|Defiant|RageFist,DrainPunch,BulkUp,Protect|||M|||50|,,,,,Fire]Whimsicott||CovertCloak|Prankster|Moonblast,Tailwind,Encore,SunnyDay|||M|||50|,,,,,Water
|showteam|p2|Tyranitar||AssaultVest|SandStream|RockSlide,KnockOff,LowKick,TeraBlast|||M|||50|,,,,,Flying]Excadrill||FocusSash|SandRush|HighHorsepower,IronHead,Earthquake,Protect|||M|||50|,,,,,Ghost]Kommo-o||ThroatSpray|Overcoat|ClangingScales,ClangorousSoul,AuraSphere,Protect|||M|||50|,,,,,Steel]Indeedee-F||PsychicSeed|PsychicSurge|Psychic,FollowMe,HelpingHand,TrickRoom|||F|||50|,,,,,Fairy]Incineroar||SafetyGoggles|Intimidate|FakeOut,KnockOff,Taunt,PartingShot|||F|||50|,,,,,Bug]Amoonguss||RockyHelmet|Regenerator|PollenPuff,Spore,RagePowder,Protect|||M|||50|,,,,,Water
|inactive|Battle timer is ON: inactive players will automatically lose when time's up. (requested by AjaniVGC)
|inactive|Soda_Machine4 has 60 seconds left.
|
|t:|1757235072
|teamsize|p1|4
|teamsize|p2|4
|start
|switch|p1a: Whimsicott|Whimsicott, L50, M|100/100
|switch|p1b: Ursaluna|Ursaluna-Bloodmoon, L50, M|100/100
|switch|p2a: Incineroar|Incineroar, L50, F|100/100
|switch|p2b: Amoonguss|Amoonguss, L50, M|100/100
|-ability|p2a: Incineroar|Intimidate|boost
|-unboost|p1a: Whimsicott|atk|1
|-unboost|p1b: Ursaluna|atk|1
|turn|1
|inactive|AjaniVGC has 30 seconds left.
|inactive|Soda_Machine4 has 30 seconds left.
|inactive|Soda_Machine4 has 20 seconds left.
|inactive|Soda_Machine4 has 15 seconds left.
|inactive|Soda_Machine4 has 10 seconds left.
|
|t:|1757235120
|switch|p1b: Gholdengo|Gholdengo, L50|100/100
|move|p2a: Incineroar|Fake Out|p1b: Gholdengo
|-immune|p1b: Gholdengo
|move|p1a: Whimsicott|Moonblast|p2a: Incineroar
|-crit|p2a: Incineroar
|-damage|p2a: Incineroar|62/100
|move|p2b: Amoonguss|Spore|p1b: Gholdengo
|-immune|p1b: Gholdengo|[from] ability: Good as Gold
|
|upkeep
|turn|2
|inactive|AjaniVGC has 30 seconds left.
|inactive|Soda_Machine4 has 30 seconds left.
|inactive|Soda_Machine4 has 20 seconds left.
|inactive|Soda_Machine4 has 15 seconds left.
|inactive|Soda_Machine4 has 10 seconds left.
|
|t:|1757235165
|switch|p2b: Excadrill|Excadrill, L50, M|100/100
|-terastallize|p1b: Gholdengo|Water
|move|p1a: Whimsicott|Encore||[still]
|-fail|p1a: Whimsicott
|move|p1b: Gholdengo|Nasty Plot|p1b: Gholdengo
|-boost|p1b: Gholdengo|spa|2
|move|p2a: Incineroar|Taunt|p1a: Whimsicott
|-start|p1a: Whimsicott|move: Taunt
|
|upkeep
|turn|3
|inactive|Soda_Machine4 has 30 seconds left.
|inactive|Soda_Machine4 has 20 seconds left.
|
|t:|1757235202
|switch|p1a: Sneasler|Sneasler, L50, F|100/100
|move|p1b: Gholdengo|Protect|p1b: Gholdengo
|-singleturn|p1b: Gholdengo|Protect
|move|p2b: Excadrill|Protect|p2b: Excadrill
|-singleturn|p2b: Excadrill|Protect
|move|p2a: Incineroar|Parting Shot|p1b: Gholdengo
|-activate|p1b: Gholdengo|move: Protect
|
|upkeep
|turn|4
|inactive|AjaniVGC has 30 seconds left.
|inactive|Soda_Machine4 has 30 seconds left.
|inactive|Soda_Machine4 has 20 seconds left.
|
|t:|1757235241
|switch|p2a: Amoonguss|Amoonguss, L50, M|100/100
|move|p1a: Sneasler|Throat Chop|p2b: Excadrill
|-crit|p2b: Excadrill
|-damage|p2b: Excadrill|37/100
|-start|p2b: Excadrill|Throat Chop|[silent]
|move|p1b: Gholdengo|Make It Rain|p2b: Excadrill|[spread] p2a,p2b
|-resisted|p2b: Excadrill
|-damage|p2a: Amoonguss|24/100
|-damage|p2b: Excadrill|0 fnt
|-unboost|p1b: Gholdengo|spa|1
|faint|p2b: Excadrill
|
|upkeep
|
|t:|1757235254
|switch|p2b: Tyranitar|Tyranitar, L50, M|100/100
|-weather|Sandstorm|[from] ability: Sand Stream|[of] p2b: Tyranitar
|turn|5
|inactive|Soda_Machine4 has 30 seconds left.
|inactive|Soda_Machine4 has 20 seconds left.
|inactive|Soda_Machine4 has 15 seconds left.
|
|t:|1757235296
|switch|p2a: Incineroar|Incineroar, L50, F|62/100
|-ability|p2a: Incineroar|Intimidate|boost
|-unboost|p1a: Sneasler|atk|1
|-unboost|p1b: Gholdengo|atk|1
|-terastallize|p2b: Tyranitar|Flying
|move|p1a: Sneasler|Dire Claw|p2b: Tyranitar
|-damage|p2b: Tyranitar|77/100
|-status|p2b: Tyranitar|slp
|move|p1b: Gholdengo|Make It Rain|p2a: Incineroar|[spread] p2a,p2b
|-resisted|p2a: Incineroar
|-damage|p2a: Incineroar|24/100
|-damage|p2b: Tyranitar|27/100 slp
|-unboost|p1b: Gholdengo|spa|1
|cant|p2b: Tyranitar|slp
|
|-weather|Sandstorm|[upkeep]
|-damage|p1a: Sneasler|95/100|[from] Sandstorm
|-damage|p1b: Gholdengo|94/100|[from] Sandstorm
|-damage|p2b: Tyranitar|21/100 slp|[from] Sandstorm
|upkeep
|turn|6
|inactive|Soda_Machine4 has 30 seconds left.
|-message|Soda_Machine4 forfeited.
|
|win|AjaniVGC
||Soda_Machine4 is ready for game 2.
||AjaniVGC is ready for game 2.
|uhtml|next|Next: Game 2 of 3
