|j|☆Dat guy In black
|j|☆Sincubii
|html|Dat guy In blackSincubii    
|uhtml|bestof|Game 1 of a best-of-3
|t:|1757816197
|gametype|doubles
|player|p1|Dat guy In black|170|1080
|player|p2|Sincubii|palmer|1129
|gen|9
|tier|[Gen 9] VGC 2025 Reg H (Bo3)
|rated|
|rule|Species Clause: Limit one of each Pokémon
|rule|Item Clause: Limit 1 of each item
|clearpoke
|poke|p1|Sneasler, L50, M|
|poke|p1|Dragapult, L50, F|
|poke|p1|Rillaboom, L50, F|
|poke|p1|Gastrodon-East, L50, M|
|poke|p1|Volcarona, L50, F|
|poke|p1|Electabuzz, L50, F|
|poke|p2|Weavile, L50, M|
|poke|p2|Weezing-Galar, L50, M|
|poke|p2|Tyranitar, L50, M|
|poke|p2|Dragonite, L50, F|
|poke|p2|Typhlosion-Hisui, L50, M|
|poke|p2|Toedscruel, L50, M|
|teampreview|4
|showteam|p1|Sneasler||FocusSash|PoisonTouch|DireClaw,CloseCombat,Coaching,Protect|||M|||50|,,,,,Ghost]Dragapult||ChoiceBand|ClearBody|DragonDarts,TeraBlast,PhantomForce,Uturn|||F|||50|,,,,,Fighting]Rillaboom||AssaultVest|GrassySurge|FakeOut,GrassyGlide,WoodHammer,Uturn|||F|||50|,,,,,Fire]GastrodonEast||GrassySeed|StormDrain|ClearSmog,EarthPower,IceBeam,Recover|||M|||50|,,,,,Poison]Volcarona||CovertCloak|FlameBody|HeatWave,TeraBlast,QuiverDance,Protect|||F|||50|,,,,,Fairy]Electabuzz||Eviolite|VitalSpirit|FollowMe,Electroweb,Taunt,Protect|||F|||50|,,,,,Ghost
|showteam|p2|Weavile||LifeOrb|Pressure|FakeOut,IceSpinner,KnockOff,LowKick|||M|||50|,,,,,Ghost]Weezing-Galar||SafetyGoggles|NeutralizingGas|StrangeSteam,WillOWisp,Taunt,Protect|||M|||50|,,,,,Fire]Tyranitar||AssaultVest|SandStream|KnockOff,RockSlide,TeraBlast,LowKick|||M|||50|,,,,,Flying]Dragonite||LoadedDice|InnerFocus|Protect,ScaleShot,Tailwind,IronHead|||F|||50|,,,,,Steel]Typhlosion-Hisui||ChoiceScarf|Blaze|Eruption,HeatWave,ShadowBall,Overheat|||M|||50|,,,,,Fire]Toedscruel||FocusSash|MyceliumMight|Spore,EarthPower,LeafStorm,Protect|||M|||50|,,,,,Fairy
|inactive|Battle timer is ON: inactive players will automatically lose when time's up. (requested by Sincubii)
|
|t:|1757816243
|teamsize|p1|4
|teamsize|p2|4
|start
|switch|p1a: Electabuzz|Electabuzz, L50, F|100/100
|switch|p1b: Dragapult|Dragapult, L50, F|100/100
|switch|p2a: Weavile|Weavile, L50, M|100/100
|switch|p2b: Weezing|Weezing-Galar, L50, M|100/100
|-ability|p2b: Weezing|Neutralizing Gas
|turn|1
|inactive|Sincubii has 30 seconds left.
|
|t:|1757816268
|-terastallize|p1b: Dragapult|Fighting
|move|p1b: Dragapult|Tera Blast|p2a: Weavile|[anim] Tera Blast Fighting
|-supereffective|p2a: Weavile
|-damage|p2a: Weavile|0 fnt
|faint|p2a: Weavile
|move|p1a: Electabuzz|Taunt|p2b: Weezing
|-start|p2b: Weezing|move: Taunt
|cant|p2b: Weezing|move: Taunt|Taunt
|
|upkeep
|
|t:|1757816286
|switch|p2a: Tyranitar|Tyranitar, L50, M|100/100
|turn|2
|
|t:|1757816309
|switch|p1b: Volcarona|Volcarona, L50, F|100/100
|-terastallize|p2a: Tyranitar|Flying
|move|p1a: Electabuzz|Follow Me|p1a: Electabuzz
|-singleturn|p1a: Electabuzz|move: Follow Me
|move|p2a: Tyranitar|Knock Off|p1a: Electabuzz
|-damage|p1a: Electabuzz|42/100
|-enditem|p1a: Electabuzz|Eviolite|[from] move: Knock Off|[of] p2a: Tyranitar
|move|p2b: Weezing|Strange Steam|p1a: Electabuzz
|-damage|p1a: Electabuzz|7/100
|-start|p1a: Electabuzz|confusion
|
|upkeep
|turn|3
|
|t:|1757816332
|-activate|p1a: Electabuzz|confusion
|move|p1a: Electabuzz|Electroweb|p2a: Tyranitar|[spread] p2a,p2b
|-supereffective|p2a: Tyranitar
|-damage|p2a: Tyranitar|82/100
|-damage|p2b: Weezing|83/100
|-unboost|p2a: Tyranitar|spe|1
|-unboost|p2b: Weezing|spe|1
|move|p1b: Volcarona|Heat Wave|p2b: Weezing|[spread] p2a,p2b
|-damage|p2a: Tyranitar|59/100
|-damage|p2b: Weezing|36/100
|-status|p2a: Tyranitar|brn
|move|p2a: Tyranitar|Rock Slide|p1a: Electabuzz|[spread] p1a,p1b
|-supereffective|p1b: Volcarona
|-damage|p1a: Electabuzz|0 fnt
|-damage|p1b: Volcarona|28/100
|faint|p1a: Electabuzz
|move|p2b: Weezing|Strange Steam|p1b: Volcarona
|-resisted|p1b: Volcarona
|-damage|p1b: Volcarona|14/100
|
|-damage|p2a: Tyranitar|52/100 brn|[from] brn
|-end|p2b: Weezing|move: Taunt
|upkeep
|
|t:|1757816337
|switch|p1a: Sneasler|Sneasler, L50, M|100/100
|turn|4
|inactive|Sincubii has 30 seconds left.
|
|t:|1757816367
|move|p1a: Sneasler|Dire Claw|p2a: Tyranitar
|-damage|p2a: Tyranitar|15/100 brn
|move|p1b: Volcarona|Heat Wave|p2a: Tyranitar|[spread] p2a,p2b
|-damage|p2a: Tyranitar|0 fnt
|-damage|p2b: Weezing|0 fnt
|faint|p2a: Tyranitar
|faint|p2b: Weezing
|-end|p2b: Weezing|ability: Neutralizing Gas
|
|upkeep
|-message|Sincubii forfeited.
|
|win|Dat guy In black
|l|☆Sincubii
|player|p2|
||Sincubii is ready for game 2.
||Dat guy In black is ready for game 2.
|uhtml|next|Next: Game 2 of 3
