|j|☆lucrativelom
|j|☆anino23
|html|lucrativelomanino23    
|uhtml|bestof|Game 2 of a best-of-3
|t:|1783620947
|gametype|doubles
|player|p1|lucrativelom|102|1016
|player|p2|anino23|266|1047
|gen|9
|tier|[Gen 9 Champions] VGC 2026 Reg M-B (Bo3)
|rated|
|rule|Species Clause: Limit one of each Pokémon
|rule|Item Clause: Limit 1 of each item
|clearpoke
|poke|p1|Sceptile, L50, M|
|poke|p1|Rotom-Heat, L50|
|poke|p1|Metagross, L50|
|poke|p1|Pelipper, L50, M|
|poke|p1|Sneasler, L50, F|
|poke|p1|Garchomp, L50, F|
|poke|p2|Pyroar, L50, F|
|poke|p2|Scrafty, L50, M|
|poke|p2|Mamoswine, L50, F|
|poke|p2|Venusaur, L50, M|
|poke|p2|Torkoal, L50, F|
|poke|p2|Farigiraf, L50, M|
|teampreview|4
|showteam|p1|Sceptile||Sceptilite|Overgrow|EnergyBall,EarthPower,DragonPulse,Protect|Timid||M|||50|]Rotom-Heat||ChoiceScarf|Levitate|Discharge,VoltSwitch,Overheat,WillOWisp|Timid|||||50|]Metagross||Metagrossite|ClearBody|BulletPunch,IronHead,PsychicFangs,Protect|Jolly|||||50|]Pelipper||SitrusBerry|Drizzle|Hurricane,MuddyWater,Tailwind,WideGuard|Bold||M|||50|]Sneasler||FocusSash|Unburden|FakeOut,DireClaw,CloseCombat,Coaching|Jolly||F|||50|]Garchomp||LifeOrb|RoughSkin|DragonClaw,Earthquake,RockSlide,Protect|Jolly||F|||50|
|showteam|p2|Pyroar||Pyroarite|Unnerve|HeatWave,Overheat,Yawn,Protect|Timid||F|||50|]Scrafty||Scraftinite|Intimidate|FakeOut,IcePunch,DrainPunch,KnockOff|Adamant||M|||50|]Mamoswine||FocusSash|Oblivious|IceShard,HighHorsepower,RockSlide,Protect|Jolly||F|||50|]Venusaur||LifeOrb|Chlorophyll|EnergyBall,EarthPower,SludgeBomb,Protect|Modest||M|||50|]Torkoal||HeatRock|Drought|Eruption,HelpingHand,WeatherBall,Protect|Quiet||F|||50|]Farigiraf||SitrusBerry|ArmorTail|Psychic,Thunderbolt,TrickRoom,Protect|Quiet||M|||50|
|inactive|Battle timer is ON: inactive players will automatically lose when time's up. (requested by anino23)
|inactive|lucrativelom has 60 seconds left.
|
|t:|1783620980
|teamsize|p1|4
|teamsize|p2|4
|start
|switch|p1a: Rotom|Rotom-Heat, L50|100/100
|switch|p1b: Sceptile|Sceptile, L50, M|100/100
|switch|p2a: Farigiraf|Farigiraf, L50, M|100/100
|switch|p2b: Scrafty|Scrafty, L50, M|100/100
|-ability|p2b: Scrafty|Intimidate|boost
|-unboost|p1a: Rotom|atk|1
|-unboost|p1b: Sceptile|atk|1
|turn|1
|inactive|lucrativelom has 30 seconds left.
|inactive|anino23 has 30 seconds left.
|inactive|anino23 has 20 seconds left.
|inactive|anino23 has 15 seconds left.
|inactive|anino23 has 10 seconds left.
|inactive|anino23 has 5 seconds left.
|
|t:|1783621032
|detailschange|p2b: Scrafty|Scrafty-Mega, L50, M
|-mega|p2b: Scrafty|Scrafty|Scraftinite
|-ability|p2b: Scrafty|Intimidate|boost
|-unboost|p1a: Rotom|atk|1
|-unboost|p1b: Sceptile|atk|1
|move|p1b: Sceptile|Protect|p1b: Sceptile
|-singleturn|p1b: Sceptile|Protect
|move|p2b: Scrafty|Fake Out|p1a: Rotom
|-damage|p1a: Rotom|82/100
|cant|p1a: Rotom|flinch
|move|p2a: Farigiraf|Trick Room|p2a: Farigiraf
|-fieldstart|move: Trick Room|[of] p2a: Farigiraf
|
|upkeep
|turn|2
|
|t:|1783621050
|switch|p1b: Pelipper|Pelipper, L50, M|100/100
|-weather|RainDance|[from] ability: Drizzle|[of] p1b: Pelipper
|move|p2a: Farigiraf|Psychic|p1a: Rotom
|-damage|p1a: Rotom|26/100
|move|p2b: Scrafty|Ice Punch|p1b: Pelipper
|-damage|p1b: Pelipper|74/100
|move|p1a: Rotom|Volt Switch|p2b: Scrafty
|-damage|p2b: Scrafty|72/100
|
|t:|1783621060
|switch|p1a: Sneasler|Sneasler, L50, F|100/100|[from] Volt Switch
|
|-weather|RainDance|[upkeep]
|upkeep
|turn|3
|
|t:|1783621077
|move|p2a: Farigiraf|Psychic|p1a: Sneasler
|-supereffective|p1a: Sneasler|2
|-enditem|p1a: Sneasler|Focus Sash
|-damage|p1a: Sneasler|1/100
|move|p1b: Pelipper|Muddy Water|p2b: Scrafty|[spread] p2a,p2b
|-damage|p2a: Farigiraf|66/100
|-damage|p2b: Scrafty|44/100
|-unboost|p2a: Farigiraf|accuracy|1
|-unboost|p2b: Scrafty|accuracy|1
|move|p2b: Scrafty|Knock Off|p1b: Pelipper
|-damage|p1b: Pelipper|18/100
|-enditem|p1b: Pelipper|Sitrus Berry|[from] move: Knock Off|[of] p2b: Scrafty
|move|p1a: Sneasler|Close Combat|p2b: Scrafty
|-supereffective|p2b: Scrafty|1
|-damage|p2b: Scrafty|0 fnt
|-unboost|p1a: Sneasler|def|1
|-unboost|p1a: Sneasler|spd|1
|faint|p2b: Scrafty
|
|-weather|RainDance|[upkeep]
|upkeep
|
|t:|1783621092
|switch|p2b: Torkoal|Torkoal, L50, F|100/100
|-weather|SunnyDay|[from] ability: Drought|[of] p2b: Torkoal
|turn|4
|
|t:|1783621109
|switch|p1a: Rotom|Rotom-Heat, L50|26/100
|move|p1b: Pelipper|Wide Guard|p1b: Pelipper
|-singleturn|p1b: Pelipper|Wide Guard
|move|p2b: Torkoal|Weather Ball|p1a: Rotom
|-resisted|p1a: Rotom|1
|-damage|p1a: Rotom|0 fnt
|faint|p1a: Rotom
|move|p2a: Farigiraf|Psychic|p1b: Pelipper
|-damage|p1b: Pelipper|0 fnt
|faint|p1b: Pelipper
|
|-weather|SunnyDay|[upkeep]
|upkeep
|-message|lucrativelom forfeited.
|
|win|anino23
|raw|lucrativelom's rating: 1016 → 1005(-11 for losing)
|raw|anino23's rating: 1047 → 1077(+30 for winning)
|l|☆lucrativelom
|player|p1|
