|j|☆Wild24
|j|☆testdigi
|html|Wild24testdigi    
|uhtml|bestof|Game 2 of a best-of-3
|t:|1782477670
|gametype|doubles
|player|p1|Wild24|170|1000
|player|p2|testdigi|1|1020
|gen|9
|tier|[Gen 9 Champions] VGC 2026 Reg M-B (Bo3)
|rated|
|rule|Species Clause: Limit one of each Pokémon
|rule|Item Clause: Limit 1 of each item
|clearpoke
|poke|p1|Gardevoir, L50, M|
|poke|p1|Maushold, L50|
|poke|p1|Incineroar, L50, M|
|poke|p1|Basculegion, L50, M|
|poke|p1|Volcarona, L50, M|
|poke|p1|Kingambit, L50, M|
|poke|p2|Hydreigon, L50, F|
|poke|p2|Garchomp, L50, M|
|poke|p2|Metagross, L50, shiny|
|poke|p2|Grimmsnarl, L50, M, shiny|
|poke|p2|Charizard, L50, M, shiny|
|poke|p2|Toxapex, L50, M, shiny|
|teampreview|4
|showteam|p1|Gardevoir||Gardevoirite|Trace|Protect,Psychic,Moonblast,HyperVoice|Timid||M|||50|]Maushold||MentalHerb|FriendGuard|Protect,FollowMe,HelpingHand,SuperFang|Timid|||||50|]Incineroar||SitrusBerry|Intimidate|FakeOut,FlareBlitz,DarkestLariat,PartingShot|Impish||M|||50|]Basculegion||ChoiceScarf|SwiftSwim|WaveCrash,AquaJet,LastRespects,PhantomForce|Jolly||M|||50|]Volcarona||Leftovers|FlameBody|RagePowder,Tailwind,Overheat,StruggleBug|Timid||M|||50|]Kingambit||FocusSash|Defiant|Protect,SuckerPunch,KowtowCleave,IronHead|Adamant||M|||50|
|showteam|p2|Hydreigon||ChoiceScarf|Levitate|HeatWave,DarkPulse,DracoMeteor,Snarl|Modest||F|||50|]Garchomp||SitrusBerry|RoughSkin|Protect,RockSlide,DragonClaw,Earthquake|Adamant||M|||50|]Metagross||Metagrossite|ClearBody|Protect,HammerArm,BulletPunch,IronHead|Brave|||||50|]Grimmsnarl||RoseliBerry|Prankster|FakeOut,LightScreen,Reflect,PartingShot|Sassy||M|||50|]Charizard||CharizarditeY|Blaze|Protect,HeatWave,SolarBeam,WeatherBall|Timid||M|||50|]Toxapex||Leftovers|Regenerator|Infestation,Toxic,BanefulBunker,WideGuard|Relaxed||M|||50|
|inactive|Battle timer is ON: inactive players will automatically lose when time's up. (requested by testdigi)
|inactive|Wild24 has 60 seconds left.
|inactive|Wild24 has 30 seconds left.
|inactive|Wild24 has 20 seconds left.
|inactive|Wild24 has 15 seconds left.
|inactive|Wild24 has 10 seconds left.
|inactive|Wild24 has 5 seconds left.
|
|t:|1782477793
|teamsize|p1|4
|teamsize|p2|4
|start
|switch|p1a: Gardevoir|Gardevoir, L50, M|100/100
|switch|p1b: Maushold|Maushold, L50|100/100
|switch|p2a: Grimmsnarl|Grimmsnarl, L50, M, shiny|100/100
|switch|p2b: Metagross|Metagross, L50, shiny|100/100
|-ability|p1a: Gardevoir|Clear Body|Trace|[from] ability: Trace|[of] p2b: Metagross
|turn|1
|inactive|Wild24 has 30 seconds left.
|inactive|Wild24 has 20 seconds left.
|inactive|Wild24 has 15 seconds left.
|inactive|Wild24 has 10 seconds left.
|inactive|Wild24 has 5 seconds left.
|
|t:|1782477848
|detailschange|p2b: Metagross|Metagross-Mega, L50, shiny
|-mega|p2b: Metagross|Metagross|Metagrossite
|move|p1b: Maushold|Protect|p1b: Maushold
|-singleturn|p1b: Maushold|Protect
|move|p1a: Gardevoir|Protect|p1a: Gardevoir
|-singleturn|p1a: Gardevoir|Protect
|move|p2a: Grimmsnarl|Fake Out|p1a: Gardevoir
|-activate|p1a: Gardevoir|move: Protect
|move|p2b: Metagross|Hammer Arm|p1b: Maushold
|-activate|p1b: Maushold|move: Protect
|
|upkeep
|turn|2
|inactive|Wild24 has 30 seconds left.
|inactive|Wild24 has 20 seconds left.
|inactive|Wild24 has 15 seconds left.
|inactive|Wild24 has 10 seconds left.
|inactive|Wild24 has 5 seconds left.
|
|t:|1782477903
|move|p1b: Maushold|Protect||[still]
|-fail|p1b: Maushold
|move|p1a: Gardevoir|Protect|p1a: Gardevoir
|-singleturn|p1a: Gardevoir|Protect
|move|p2a: Grimmsnarl|Light Screen|p2a: Grimmsnarl
|-sidestart|p2: testdigi|move: Light Screen
|move|p2b: Metagross|Iron Head|p1a: Gardevoir
|-activate|p1a: Gardevoir|move: Protect
|
|upkeep
|turn|3
|c|☆testdigi|lol
|l|☆Wild24
|inactive|Wild24 disconnected and has a minute to reconnect!
|player|p1|
|inactive|Wild24 has 30 seconds left.
|inactive|Wild24 has 20 seconds left.
|inactive|Wild24 has 15 seconds left.
|inactive|Wild24 has 10 seconds left.
|inactive|Wild24 has 5 seconds left.
|-message|Wild24 lost due to inactivity.
|
|win|testdigi
