|j|☆asteris guy
|j|☆ZilverZurfer
|html|asteris guyZilverZurfer    
|uhtml|bestof|Game 2 of a best-of-3
|t:|1757684941
|gametype|doubles
|player|p1|asteris guy|ltsurge|1096
|player|p2|ZilverZurfer|2|1148
|gen|9
|tier|[Gen 9] VGC 2025 Reg H (Bo3)
|rated|
|rule|Species Clause: Limit one of each Pokémon
|rule|Item Clause: Limit 1 of each item
|clearpoke
|poke|p1|Weezing-Galar, L50, M|
|poke|p1|Toedscruel, L50, M|
|poke|p1|Pawmot, L50, F|
|poke|p1|Corviknight, L50, M|
|poke|p1|Typhlosion-Hisui, L50, M|
|poke|p1|Garchomp, L50, M|
|poke|p2|Torkoal, L50, F|
|poke|p2|Lilligant-Hisui, L50, F|
|poke|p2|Indeedee-F, L50, F|
|poke|p2|Hatterene, L50, F|
|poke|p2|Gallade, L50, M|
|poke|p2|Ursaluna, L50, M|
|teampreview|4
|showteam|p1|Weezing-Galar||ChoiceSpecs|NeutralizingGas|DazzlingGleam,Flamethrower,StrangeSteam,SludgeBomb|||M|||50|,,,,,Fire]Toedscruel||CovertCloak|MyceliumMight|Spore,EarthPower,RagePowder,AcidSpray|||M|||50|,,,,,Water]Pawmot||FocusSash|VoltAbsorb|CloseCombat,DoubleShock,FakeOut,Protect|||F|||50|,,,,,Electric]Corviknight||SitrusBerry|MirrorArmor|Tailwind,BraveBird,Protect,Roost|||M|||50|,,,,,Dragon]Typhlosion-Hisui||ChoiceScarf|Blaze|SleepTalk,HeatWave,ShadowBall,Eruption|||M|||50|,,,,,Fire]Garchomp||LifeOrb|RoughSkin|StompingTantrum,Protect,Earthquake,DragonClaw|||M|||50|,,,,,Ground
|showteam|p2|Torkoal||ChoiceSpecs|Drought|Eruption,HeatWave,EarthPower,WeatherBall|||F|||50|,,,,,Fire]Lilligant-Hisui||FocusSash|Chlorophyll|Protect,AfterYou,CloseCombat,SolarBlade|||F|||50|,,,,,Ghost]Indeedee-F||PsychicSeed|PsychicSurge|Psychic,HelpingHand,TrickRoom,FollowMe|||F|||50|,,,,,Water]Hatterene||LifeOrb|MagicBounce|Protect,ExpandingForce,DazzlingGleam,TrickRoom|||F|||50|,,,,,Fire]Gallade||ClearAmulet|Sharpness|SacredSword,PsychoCut,TrickRoom,WideGuard|||M|||50|,,,,,Grass]Ursaluna||FlameOrb|Guts|Protect,HeadlongRush,Earthquake,Facade|||M|||50|,,,,,Ghost
|j| supercondriaque
|l| supercondriaque
|
|t:|1757684999
|teamsize|p1|4
|teamsize|p2|4
|start
|switch|p1a: Weezing|Weezing-Galar, L50, M|100/100
|switch|p1b: Typhlosion|Typhlosion-Hisui, L50, M|100/100
|switch|p2a: Torkoal|Torkoal, L50, F|100/100
|switch|p2b: Lilligant|Lilligant-Hisui, L50, F|100/100
|-ability|p1a: Weezing|Neutralizing Gas
|turn|1
|
|t:|1757685050
|move|p1b: Typhlosion|Eruption|p2b: Lilligant|[spread] p2a,p2b
|-resisted|p2a: Torkoal
|-supereffective|p2b: Lilligant
|-damage|p2a: Torkoal|59/100
|-enditem|p2b: Lilligant|Focus Sash
|-damage|p2b: Lilligant|1/100
|move|p2b: Lilligant|After You|p2a: Torkoal
|-activate|p2a: Torkoal|move: After You
|move|p2a: Torkoal|Earth Power|p1a: Weezing
|-supereffective|p1a: Weezing
|-damage|p1a: Weezing|0 fnt
|faint|p1a: Weezing
|-end|p1a: Weezing|ability: Neutralizing Gas
|-weather|SunnyDay|[from] ability: Drought|[of] p2a: Torkoal
|
|-weather|SunnyDay|[upkeep]
|upkeep
|
|t:|1757685071
|switch|p1a: Garchomp|Garchomp, L50, M, shiny|100/100
|turn|2
|
|t:|1757685077
|move|p2b: Lilligant|After You|p2a: Torkoal
|-activate|p2a: Torkoal|move: After You
|move|p2a: Torkoal|Earth Power|p1b: Typhlosion
|-supereffective|p1b: Typhlosion
|-damage|p1b: Typhlosion|0 fnt
|faint|p1b: Typhlosion
|move|p1a: Garchomp|Stomping Tantrum|p2a: Torkoal
|-supereffective|p2a: Torkoal
|-damage|p2a: Torkoal|0 fnt
|faint|p2a: Torkoal
|-damage|p1a: Garchomp|91/100|[from] item: Life Orb
|
|-weather|SunnyDay|[upkeep]
|upkeep
|
|t:|1757685090
|switch|p1b: Corviknight|Corviknight, L50, M, shiny|100/100
|switch|p2a: Gallade|Gallade, L50, M|100/100
|turn|3
|
|t:|1757685106
|move|p2b: Lilligant|Close Combat|p1a: Garchomp
|-damage|p1a: Garchomp|32/100
|-unboost|p2b: Lilligant|def|1
|-unboost|p2b: Lilligant|spd|1
|-damage|p2b: Lilligant|0 fnt|[from] ability: Rough Skin|[of] p1a: Garchomp
|faint|p2b: Lilligant
|move|p1a: Garchomp|Earthquake|p2a: Gallade|[spread] p2a
|-immune|p1b: Corviknight
|-damage|p2a: Gallade|36/100
|-damage|p1a: Garchomp|22/100|[from] item: Life Orb
|move|p1b: Corviknight|Brave Bird|p2a: Gallade
|-supereffective|p2a: Gallade
|-damage|p2a: Gallade|0 fnt
|faint|p2a: Gallade
|-damage|p1b: Corviknight|91/100|[from] Recoil
|
|-weather|SunnyDay|[upkeep]
|upkeep
|
|t:|1757685119
|switch|p2b: Indeedee|Indeedee-F, L50, F|100/100
|-fieldstart|move: Psychic Terrain|[from] ability: Psychic Surge|[of] p2b: Indeedee
|-enditem|p2b: Indeedee|Psychic Seed
|-boost|p2b: Indeedee|spd|1|[from] item: Psychic Seed
|turn|4
|-message|ZilverZurfer forfeited.
|
|win|asteris guy
||ZilverZurfer is ready for game 3.
