|j|☆LookBackInBanger
|j|☆vgc_eon
|html|LookBackInBangervgc_eon    
|uhtml|bestof|Game 3 of a best-of-3
|t:|1756221816
|gametype|doubles
|player|p1|LookBackInBanger|roxie|1082
|player|p2|vgc_eon|green|1157
|gen|9
|tier|[Gen 9] VGC 2025 Reg H (Bo3)
|rated|
|rule|Species Clause: Limit one of each Pokémon
|rule|Item Clause: Limit 1 of each item
|clearpoke
|poke|p1|Dragonite, L50, M|
|poke|p1|Electabuzz, L50, M|
|poke|p1|Indeedee, L50, M|
|poke|p1|Sneasler, L50, M|
|poke|p1|Talonflame, L50, F|
|poke|p1|Ursaluna-Bloodmoon, L50, M|
|poke|p2|Sneasler, L50, M|
|poke|p2|Gholdengo, L50|
|poke|p2|Dondozo, L50, F|
|poke|p2|Rillaboom, L50, M|
|poke|p2|Volcarona, L50, M|
|poke|p2|Electabuzz, L50, F|
|teampreview|4
|showteam|p1|Dragonite||LoadedDice|Multiscale|ScaleShot,StompingTantrum,Haze,Protect|||M|||50|,,,,,Fairy]Electabuzz||Eviolite|VitalSpirit|Electroweb,FollowMe,Taunt,Protect|||M|||50|,,,,,Dragon]Indeedee||FocusSash|PsychicSurge|ExpandingForce,HelpingHand,TrickRoom,Imprison|||M|||50|,,,,,Psychic]Sneasler||PsychicSeed|Unburden|DireClaw,CloseCombat,ThroatChop,Protect|||M|||50|,,,,,Stellar]Talonflame||CovertCloak|GaleWings|FlareBlitz,DualWingbeat,WillOWisp,Tailwind|||F|||50|,,,,,Stellar]Ursaluna-Bloodmoon||LifeOrb|MindsEye|BloodMoon,HyperVoice,EarthPower,Protect|||M|||50|,,,,,Normal
|showteam|p2|Sneasler||FocusSash|PoisonTouch|FakeOut,DireClaw,CloseCombat,Protect|||M|||50|,,,,,Dark]Gholdengo||LifeOrb|GoodasGold|MakeItRain,ShadowBall,NastyPlot,Protect||||||50|,,,,,Dragon]Dondozo||Leftovers|Unaware|WaveCrash,Yawn,Fissure,Protect|||F|||50|,,,,,Poison]Rillaboom||AssaultVest|GrassySurge|FakeOut,WoodHammer,GrassyGlide,Uturn|||M|||50|,,,,,Fire]Volcarona||CovertCloak|FlameBody|HeatWave,QuiverDance,TeraBlast,Protect|||M|||50|,,,,,Fairy]Electabuzz||Eviolite|VitalSpirit|Thunderbolt,FollowMe,Taunt,Protect|||F|||50|,,,,,Ghost
|
|t:|1756221881
|teamsize|p1|4
|teamsize|p2|4
|start
|switch|p1a: Talonflame|Talonflame, L50, F, shiny|100/100
|switch|p1b: Dragonite|Dragonite, L50, M|100/100
|switch|p2a: Gholdengo|Gholdengo, L50|100/100
|switch|p2b: Electabuzz|Electabuzz, L50, F|100/100
|turn|1
|
|t:|1756221918
|move|p2b: Electabuzz|Follow Me|p2b: Electabuzz
|-singleturn|p2b: Electabuzz|move: Follow Me
|move|p1a: Talonflame|Tailwind|p1a: Talonflame
|-sidestart|p1: LookBackInBanger|move: Tailwind
|move|p1b: Dragonite|Scale Shot|p2b: Electabuzz
|-damage|p2b: Electabuzz|88/100
|-damage|p2b: Electabuzz|76/100
|-damage|p2b: Electabuzz|64/100
|-damage|p2b: Electabuzz|53/100
|-damage|p2b: Electabuzz|41/100
|-hitcount|p2b: Electabuzz|5
|-unboost|p1b: Dragonite|def|1
|-boost|p1b: Dragonite|spe|1
|move|p2a: Gholdengo|Nasty Plot|p2a: Gholdengo
|-boost|p2a: Gholdengo|spa|2
|
|upkeep
|turn|2
|
|t:|1756221967
|-terastallize|p2a: Gholdengo|Dragon
|move|p2b: Electabuzz|Follow Me|p2b: Electabuzz
|-singleturn|p2b: Electabuzz|move: Follow Me
|move|p1b: Dragonite|Stomping Tantrum|p2b: Electabuzz
|-supereffective|p2b: Electabuzz
|-damage|p2b: Electabuzz|0 fnt
|faint|p2b: Electabuzz
|move|p1a: Talonflame|Flare Blitz|p2a: Gholdengo
|-resisted|p2a: Gholdengo
|-damage|p2a: Gholdengo|75/100
|-damage|p1a: Talonflame|91/100|[from] Recoil
|move|p2a: Gholdengo|Make It Rain|p1b: Dragonite|[spread] p1a,p1b
|-resisted|p1a: Talonflame
|-damage|p1a: Talonflame|0 fnt
|-damage|p1b: Dragonite|30/100
|-unboost|p2a: Gholdengo|spa|1
|faint|p1a: Talonflame
|-damage|p2a: Gholdengo|66/100|[from] item: Life Orb
|
|upkeep
|
|t:|1756221989
|switch|p1a: Ursaluna|Ursaluna-Bloodmoon, L50, M|100/100
|switch|p2b: Rillaboom|Rillaboom, L50, M|100/100
|-fieldstart|move: Grassy Terrain|[from] ability: Grassy Surge|[of] p2b: Rillaboom
|turn|3
|
|t:|1756222029
|switch|p1b: Indeedee|Indeedee, L50, M|100/100
|-fieldstart|move: Psychic Terrain|[from] ability: Psychic Surge|[of] p1b: Indeedee
|-terastallize|p1a: Ursaluna|Normal
|move|p2a: Gholdengo|Protect|p2a: Gholdengo
|-singleturn|p2a: Gholdengo|Protect
|move|p1a: Ursaluna|Blood Moon|p2a: Gholdengo
|-activate|p2a: Gholdengo|move: Protect
|move|p2b: Rillaboom|Wood Hammer|p1a: Ursaluna
|-damage|p1a: Ursaluna|47/100
|-damage|p2b: Rillaboom|84/100|[from] Recoil
|
|upkeep
|turn|4
|
|t:|1756222055
|move|p1b: Indeedee|Expanding Force|p2b: Rillaboom|[spread] p2a,p2b
|-crit|p2a: Gholdengo
|-damage|p2a: Gholdengo|0 fnt
|-damage|p2b: Rillaboom|36/100
|faint|p2a: Gholdengo
|move|p1a: Ursaluna|Hyper Voice|p2b: Rillaboom
|-damage|p2b: Rillaboom|0 fnt
|faint|p2b: Rillaboom
|-damage|p1a: Ursaluna|38/100|[from] item: Life Orb
|
|-sideend|p1: LookBackInBanger|move: Tailwind
|upkeep
|-message|vgc_eon forfeited.
|
|win|LookBackInBanger
|raw|LookBackInBanger's rating: 1082 → 1116(+34 for winning)
|raw|vgc_eon's rating: 1157 → 1127(-30 for losing)
|l|☆vgc_eon
|player|p2|
|c|☆LookBackInBanger|ggs!
