|j|☆domsbabygirl
|j|☆grimmnay
|html|domsbabygirlgrimmnay    
|uhtml|bestof|Game 2 of a best-of-3
|t:|1756244733
|gametype|doubles
|player|p1|domsbabygirl|169|1342
|player|p2|grimmnay|crasherwake|1380
|gen|9
|tier|[Gen 9] VGC 2025 Reg H (Bo3)
|rated|
|rule|Species Clause: Limit one of each Pokémon
|rule|Item Clause: Limit 1 of each item
|clearpoke
|poke|p1|Kommo-o, L50, F|
|poke|p1|Weezing-Galar, L50, M|
|poke|p1|Corviknight, L50, M|
|poke|p1|Basculegion, L50, M|
|poke|p1|Toedscruel, L50, F|
|poke|p1|Sneasler, L50, F|
|poke|p2|Archaludon, L50, F|
|poke|p2|Dragonite, L50, F|
|poke|p2|Pelipper, L50, F|
|poke|p2|Ursaluna, L50, F|
|poke|p2|Sinistcha, L50|
|poke|p2|Gholdengo, L50|
|teampreview|4
|showteam|p1|Kommo-o||LifeOrb|Overcoat|ClangingScales,Flamethrower,AuraSphere,Protect|||F|||50|,,,,,Fire]Weezing-Galar||ChoiceSpecs|NeutralizingGas|DazzlingGleam,StrangeSteam,SludgeBomb,Flamethrower|||M|||50|,,,,,Ghost]Corviknight||SitrusBerry|MirrorArmor|BraveBird,BodyPress,Tailwind,Protect|||M|||50|,,,,,Dragon]Basculegion||ChoiceScarf|Adaptability|WaveCrash,FlipTurn,LastRespects,AquaJet|||M|||50|,,,,,Water]Toedscruel||CovertCloak|MyceliumMight|Spore,EarthPower,AcidSpray,RagePowder|||F|||50|,,,,,Water]Sneasler||FocusSash|Unburden|DireClaw,CloseCombat,ThroatChop,Protect|||F|||50|,,,,,Steel
|showteam|p2|Archaludon||AssaultVest|Stamina|FlashCannon,BodyPress,ElectroShot,Snarl|||F|||50|,,,,,Fighting]Dragonite||LoadedDice|Multiscale|ScaleShot,Tailwind,Haze,Protect|||F|||50|,,,,,Fairy]Pelipper||FocusSash|Drizzle|MuddyWater,Hurricane,Tailwind,Protect|||F|||50|,,,,,Ghost]Ursaluna||FlameOrb|Guts|Facade,HeadlongRush,Earthquake,Protect|||F|||50|,,,,,Ghost]Sinistcha||SitrusBerry|Hospitality|MatchaGotcha,LifeDew,RagePowder,TrickRoom||||||50|,,,,,Dark]Gholdengo||ChoiceScarf|GoodasGold|MakeItRain,ShadowBall,Trick,Protect||||||50|,,,,,Flying
|inactive|Battle timer is ON: inactive players will automatically lose when time's up. (requested by grimmnay)
|inactive|grimmnay has 60 seconds left.
|
|t:|1756244772
|teamsize|p1|4
|teamsize|p2|4
|start
|switch|p1a: Weezing|Weezing-Galar, L50, M|100/100
|switch|p1b: Toedscruel|Toedscruel, L50, F, shiny|100/100
|switch|p2a: Ursaluna|Ursaluna, L50, F|100/100
|switch|p2b: Dragonite|Dragonite, L50, F|100/100
|-ability|p1a: Weezing|Neutralizing Gas
|turn|1
|
|t:|1756244789
|move|p2a: Ursaluna|Protect|p2a: Ursaluna
|-singleturn|p2a: Ursaluna|Protect
|move|p1b: Toedscruel|Spore|p2b: Dragonite
|-status|p2b: Dragonite|slp|[from] move: Spore
|cant|p2b: Dragonite|slp
|move|p1a: Weezing|Dazzling Gleam|p2b: Dragonite|[spread] p2b
|-activate|p2a: Ursaluna|move: Protect
|-supereffective|p2b: Dragonite
|-damage|p2b: Dragonite|14/100 slp
|
|-status|p2a: Ursaluna|brn|[from] item: Flame Orb
|upkeep
|turn|2
|inactive|domsbabygirl has 30 seconds left.
|inactive|grimmnay has 30 seconds left.
|inactive|grimmnay has 20 seconds left.
|inactive|grimmnay has 15 seconds left.
|
|t:|1756244830
|-terastallize|p1a: Weezing|Ghost
|cant|p2b: Dragonite|slp
|move|p1b: Toedscruel|Acid Spray|p2a: Ursaluna
|-resisted|p2a: Ursaluna
|-damage|p2a: Ursaluna|97/100 brn
|-unboost|p2a: Ursaluna|spd|2
|move|p1a: Weezing|Dazzling Gleam|p2b: Dragonite|[spread] p2a,p2b
|-supereffective|p2b: Dragonite
|-damage|p2a: Ursaluna|21/100 brn
|-damage|p2b: Dragonite|0 fnt
|faint|p2b: Dragonite
|move|p2a: Ursaluna|Facade|p1a: Weezing
|-immune|p1a: Weezing
|
|-damage|p2a: Ursaluna|15/100 brn|[from] brn
|upkeep
|-message|grimmnay forfeited.
|
|win|domsbabygirl
|raw|domsbabygirl's rating: 1342 → 1364(+22 for winning)
|raw|grimmnay's rating: 1380 → 1358(-22 for losing)
|c|☆domsbabygirl|Gg
