|j|☆lux raymundi
|j|☆WGSGZM
|html|lux raymundiWGSGZM    
|uhtml|bestof|Game 2 of a best-of-3
|t:|1782270471
|gametype|doubles
|player|p1|lux raymundi|265|1199
|player|p2|WGSGZM|steven|1263
|gen|9
|tier|[Gen 9 Champions] VGC 2026 Reg M-B (Bo3)
|rated|
|rule|Species Clause: Limit one of each Pokémon
|rule|Item Clause: Limit 1 of each item
|clearpoke
|poke|p1|Farigiraf, L50, F|
|poke|p1|Floette-Eternal, L50, F|
|poke|p1|Basculegion, L50, M|
|poke|p1|Sneasler, L50, M|
|poke|p1|Sinistcha, L50|
|poke|p1|Delphox, L50, F|
|poke|p2|Pyroar, L50, F|
|poke|p2|Ninetales, L50, F|
|poke|p2|Whimsicott, L50, F|
|poke|p2|Floette-Eternal, L50, F|
|poke|p2|Basculegion, L50, M|
|poke|p2|Farigiraf, L50, F|
|teampreview|4
|showteam|p1|Farigiraf||SitrusBerry|ArmorTail|TrickRoom,HelpingHand,Protect,TwinBeam|Bold||F|||50|]Floette-Eternal||Floettite|FlowerVeil|CalmMind,DazzlingGleam,Moonblast,Protect|Modest||F|||50|]Basculegion||FocusSash|Adaptability|AquaJet,Liquidation,LastRespects,Protect|Adamant||M|||50|]Sneasler||WhiteHerb|Unburden|FakeOut,CloseCombat,DireClaw,Protect|Jolly||M|||50|]Sinistcha||KasibBerry|Hospitality|MatchaGotcha,RagePowder,TrickRoom,LifeDew|Serious|||||50|]Delphox||Delphoxite|Blaze|NastyPlot,HeatWave,Psychic,Protect|Timid||F|||50|
|showteam|p2|Pyroar||Pyroarite|Unnerve|HeatWave,Overheat,SolarBeam,Protect|Timid||F|||50|]Ninetales||ChoiceScarf|Drought|HeatWave,Overheat,SolarBeam,FakeTears|Modest||F|||50|]Whimsicott||FocusSash|Prankster|Moonblast,Tailwind,SunnyDay,Protect|Timid||F|||50|]Floette-Eternal||Floettite|FlowerVeil|Moonblast,LightofRuin,DazzlingGleam,Protect|Modest||F|||50|]Basculegion||LifeOrb|Adaptability|WaveCrash,LastRespects,AquaJet,Protect|Adamant||M|||50|]Farigiraf||SitrusBerry|ArmorTail|Psychic,Thunderbolt,TrickRoom,HelpingHand|Bold||F|||50|
|inactive|Battle timer is ON: inactive players will automatically lose when time's up. (requested by lux raymundi)
|inactive|lux raymundi has 60 seconds left.
|inactive|WGSGZM has 60 seconds left.
|inactive|lux raymundi has 30 seconds left.
|inactive|WGSGZM has 30 seconds left.
|inactive|lux raymundi has 20 seconds left.
|inactive|WGSGZM has 20 seconds left.
|inactive|lux raymundi has 15 seconds left.
|inactive|WGSGZM has 15 seconds left.
|inactive|WGSGZM has 10 seconds left.
|inactive|WGSGZM has 5 seconds left.
|
|t:|1782270589
|teamsize|p1|4
|teamsize|p2|4
|start
|switch|p1a: Sneasler|Sneasler, L50, M|100/100
|switch|p1b: Delphox|Delphox, L50, F|100/100
|switch|p2a: Pyroar|Pyroar, L50, F|100/100
|switch|p2b: Ninetales|Ninetales, L50, F|100/100
|-ability|p2a: Pyroar|Unnerve
|-weather|SunnyDay|[from] ability: Drought|[of] p2b: Ninetales
|turn|1
|-message|WGSGZM forfeited.
|
|win|lux raymundi
|raw|lux raymundi's rating: 1199 → 1229(+30 for winning)
|raw|WGSGZM's rating: 1263 → 1233(-30 for losing)
