|j|☆Turtlenator6
|j|☆Liam Westland
|html|Turtlenator6Liam Westland    
|uhtml|bestof|Game 2 of a best-of-3
|t:|1755748805
|gametype|doubles
|player|p1|Turtlenator6|grimsley|1189
|player|p2|Liam Westland|red|1443
|gen|9
|tier|[Gen 9] VGC 2025 Reg H (Bo3)
|rated|
|rule|Species Clause: Limit one of each Pokémon
|rule|Item Clause: Limit 1 of each item
|clearpoke
|poke|p1|Archaludon, L50, M|
|poke|p1|Murkrow, L50, M|
|poke|p1|Basculegion, L50, M|
|poke|p1|Decidueye-Hisui, L50, M|
|poke|p1|Pelipper, L50, M|
|poke|p1|Dragapult, L50, F|
|poke|p2|Gallade, L50, M|
|poke|p2|Ursaluna, L50, F|
|poke|p2|Torkoal, L50, F|
|poke|p2|Indeedee-F, L50, F|
|poke|p2|Hatterene, L50, F|
|poke|p2|Maushold, L50|
|teampreview|4
|showteam|p1|Archaludon||AssaultVest|Stamina|FlashCannon,BodyPress,ElectroShot,Snarl|||M|||50|,,,,,Grass]Murkrow||Eviolite|Prankster|FoulPlay,Tailwind,RainDance,Haze|||M|||50|,,,,,Ghost]Basculegion||LifeOrb|SwiftSwim|WaveCrash,LastRespects,AquaJet,Protect|||M|||50|,,,,,Water]Decidueye-Hisui||ScopeLens|Scrappy|TripleArrows,LeafBlade,Taunt,Protect|||M|||50|,,,,,Fighting]Pelipper||FocusSash|Drizzle|WeatherBall,Hurricane,WideGuard,Protect|||M|||50|,,,,,Stellar]Dragapult||ChoiceBand|ClearBody|DragonDarts,PhantomForce,BreakingSwipe,Uturn|||F|||50|,,,,,Dragon
|showteam|p2|Gallade||ClearAmulet|Sharpness|SacredSword,PsychoCut,WideGuard,TrickRoom|||M|||50|,,,,,Grass]Ursaluna||FlameOrb|Guts|Facade,HeadlongRush,Protect,Earthquake|||F|||50|,,,,,Ghost]Torkoal||ChoiceSpecs|Drought|Eruption,WeatherBall,HeatWave,EarthPower|||F|||50|,,,,,Fire]Indeedee-F||PsychicSeed|PsychicSurge|FollowMe,TrickRoom,Psychic,HelpingHand|||F|||50|,,,,,Water]Hatterene||LifeOrb|MagicBounce|ExpandingForce,DazzlingGleam,TeraBlast,TrickRoom|||F|||50|,,,,,Fire]Maushold||WideLens|Technician|PopulationBomb,Taunt,FollowMe,Protect||||||50|,,,,,Poison
|inactive|Battle timer is ON: inactive players will automatically lose when time's up. (requested by Liam Westland)
|
|t:|1755748839
|teamsize|p1|4
|teamsize|p2|4
|start
|switch|p1a: Trump Tower|Archaludon, L50, M, shiny|100/100
|switch|p1b: Murkrow|Murkrow, L50, M|100/100
|switch|p2a: Indeedee|Indeedee-F, L50, F|100/100
|switch|p2b: Hatterene|Hatterene, L50, F|100/100
|-fieldstart|move: Psychic Terrain|[from] ability: Psychic Surge|[of] p2a: Indeedee
|-enditem|p2a: Indeedee|Psychic Seed
|-boost|p2a: Indeedee|spd|1|[from] item: Psychic Seed
|turn|1
|
|t:|1755748858
|move|p2a: Indeedee|Helping Hand|p2b: Hatterene
|-singleturn|p2b: Hatterene|Helping Hand|[of] p2a: Indeedee
|move|p1b: Murkrow|Haze|p1b: Murkrow
|-clearallboost
|move|p1a: Trump Tower|Snarl|p2b: Hatterene|[spread] p2a,p2b
|-supereffective|p2a: Indeedee
|-damage|p2a: Indeedee|72/100
|-damage|p2b: Hatterene|86/100
|-unboost|p2a: Indeedee|spa|1
|-unboost|p2b: Hatterene|spa|1
|move|p2b: Hatterene|Dazzling Gleam|p1b: Murkrow|[spread] p1a,p1b
|-supereffective|p1b: Murkrow
|-damage|p1a: Trump Tower|69/100
|-damage|p1b: Murkrow|5/100
|-ability|p1a: Trump Tower|Stamina|boost
|-boost|p1a: Trump Tower|def|1
|-damage|p2b: Hatterene|77/100|[from] item: Life Orb
|
|upkeep
|turn|2
|inactive|Liam Westland has 30 seconds left.
|
|t:|1755748885
|switch|p2b: Gallade|Gallade, L50, M|100/100
|move|p1b: Murkrow|Tailwind|p1b: Murkrow
|-sidestart|p1: Turtlenator6|move: Tailwind
|move|p1a: Trump Tower|Electro Shot||[still]
|-prepare|p1a: Trump Tower|Electro Shot
|-boost|p1a: Trump Tower|spa|1
|move|p2a: Indeedee|Trick Room|p2a: Indeedee
|-fieldstart|move: Trick Room|[of] p2a: Indeedee
|
|upkeep
|turn|3
|-message|Turtlenator6 forfeited.
|
|win|Liam Westland
|raw|Turtlenator6's rating: 1189 → 1180(-9 for losing)
|raw|Liam Westland's rating: 1443 → 1451(+8 for winning)
|l|☆Turtlenator6
|player|p1|
