|j|Ōśåilkrosirjs
|j|Ōśåghostofphantasm
|html|ilkrosirjsghostofphantasm    
|uhtml|bestof|Game 1 of a best-of-3
|t:|1783717855
|gametype|doubles
|player|p1|ilkrosirjs|lady|
|player|p2|ghostofphantasm|lady-gen4|
|gen|9
|tier|[Gen 9 Champions] VGC 2026 Reg M-B (Bo3)
|rule|Species Clause: Limit one of each Pok├®mon
|rule|Item Clause: Limit 1 of each item
|clearpoke
|poke|p1|Floette-Eternal, L50, F|
|poke|p1|Blaziken, L50, M|
|poke|p1|Whimsicott, L50, F|
|poke|p1|Basculegion, L50, M|
|poke|p1|Farigiraf, L50, F|
|poke|p1|Hydreigon, L50, F|
|poke|p2|Floette-Eternal, L50, F|
|poke|p2|Meowstic-F, L50, F, shiny|
|poke|p2|Gengar, L50, F, shiny|
|poke|p2|Roserade, L50, M|
|poke|p2|Castform, L50, M, shiny|
|poke|p2|Rotom-Fan, L50|
|teampreview|4
|showteam|p1|Floette-Eternal||Floettite|FlowerVeil|LightofRuin,Moonblast,DazzlingGleam,Protect|Timid||F|||50|]Blaziken||Blazikenite|SpeedBoost|FlareBlitz,CloseCombat,RockSlide,Protect|Adamant||M|||50|]Whimsicott||FocusSash|Prankster|Moonblast,Tailwind,Encore,Protect|Timid||F|||50|]Basculegion||LifeOrb|Adaptability|WaveCrash,LastRespects,AquaJet,Protect|Jolly||M|||50|]Farigiraf||SitrusBerry|ArmorTail|TwinBeam,HyperVoice,HelpingHand,Roar|Modest||F|||50|]Hydreigon||ChoiceScarf|Levitate|DarkPulse,DracoMeteor,EarthPower,Snarl|Timid||F|||50|
|showteam|p2|Floette-Eternal||Floettite|FlowerVeil|Protect,Substitute,Synthesis,Wish|Bold||F|||50|]Meowstic-F||Meowsticite|KeenEye|Gravity,LightScreen,Reflect,SleepTalk|Naive||F|||50|]Gengar||Gengarite|CursedBody|Spite,SunnyDay,SelfDestruct,CorrosiveGas|Modest||F|||50|]Roserade||FocusSash|PoisonPoint|Rest,SleepTalk,Snore,SleepPowder|Naughty||M|||50|]Castform||HabanBerry|Forecast|SunnyDay,RainDance,Snowscape,GuardSwap|Timid||M|||50|]Rotom-Fan||ChoiceScarf|Levitate|NastyPlot,Trick,ThunderWave,Charge|Modest|||||50|
|c|Ōśåghostofphantasm|hu
|c|Ōśåghostofphantasm|oh i can chat now
|c|Ōśåghostofphantasm|lets go
|c|Ōśåghostofphantasm|W
|
|t:|1783717898
|teamsize|p1|4
|teamsize|p2|4
|start
|switch|p1a: Whimsicott|Whimsicott, L50, F|100/100
|switch|p1b: Basculegion|Basculegion, L50, M|100/100
|switch|p2a: punch you|Gengar, L50, F, shiny|100/100
|switch|p2b: goodatthisgame|Floette-Eternal, L50, F|100/100
|turn|1
|
|t:|1783717937
|detailschange|p2a: punch you|Gengar-Mega, L50, F, shiny
|-mega|p2a: punch you|Gengar|Gengarite
|move|p2b: goodatthisgame|Protect|p2b: goodatthisgame
|-singleturn|p2b: goodatthisgame|Protect
|move|p1a: Whimsicott|Tailwind|p1a: Whimsicott
|-sidestart|p1: ilkrosirjs|move: Tailwind
|move|p1b: Basculegion|Wave Crash|p2a: punch you
|-crit|p2a: punch you
|-damage|p2a: punch you|0 fnt
|faint|p2a: punch you
|-damage|p1b: Basculegion|77/100|[from] Recoil
|-damage|p1b: Basculegion|67/100|[from] item: Life Orb
|
|upkeep
|
|t:|1783717952
|switch|p2a: su|Roserade, L50, M|100/100
|turn|2
|c|Ōśåghostofphantasm|oh my god im so good at this game
|c|Ōśåilkrosirjs|have u won any matches with this? status only is interesting
|c|Ōśåghostofphantasm|no lol
|c|Ōśåghostofphantasm|ive killed a single pokemon
|c|Ōśåghostofphantasm|and it was from floette stalling life orb
|
|t:|1783718011
|move|p1a: Whimsicott|Moonblast|p2a: su
|-resisted|p2a: su|1
|-damage|p2a: su|80/100
|move|p1b: Basculegion|Last Respects|p2a: su
|-crit|p2a: su
|-damage|p2a: su|0 fnt
|faint|p2a: su
|-damage|p1b: Basculegion|57/100|[from] item: Life Orb
|move|p2b: goodatthisgame|Substitute|p2b: goodatthisgame
|-start|p2b: goodatthisgame|Substitute
|-damage|p2b: goodatthisgame|75/100
|
|upkeep
|
|t:|1783718021
|switch|p2a: my trump card|Castform, L50, M, shiny|100/100
|turn|3
|
|t:|1783718030
|move|p1a: Whimsicott|Moonblast|p2b: goodatthisgame
|-end|p2b: goodatthisgame|Substitute
|move|p1b: Basculegion|Wave Crash|p2a: my trump card
|-damage|p2a: my trump card|0 fnt
|faint|p2a: my trump card
|-damage|p1b: Basculegion|33/100|[from] Recoil
|-damage|p1b: Basculegion|23/100|[from] item: Life Orb
|move|p2b: goodatthisgame|Wish|p2b: goodatthisgame
|
|upkeep
|turn|4
|
|t:|1783718044
|move|p2b: goodatthisgame|Protect|p2b: goodatthisgame
|-singleturn|p2b: goodatthisgame|Protect
|move|p1a: Whimsicott|Encore|p2b: goodatthisgame
|-activate|p2b: goodatthisgame|move: Protect
|move|p1b: Basculegion|Wave Crash|p2b: goodatthisgame
|-activate|p2b: goodatthisgame|move: Protect
|
|-heal|p2b: goodatthisgame|100/100|[from] move: Wish|[wisher] goodatthisgame
|-sideend|p1: ilkrosirjs|move: Tailwind
|upkeep
|turn|5
|
|t:|1783718057
|move|p1a: Whimsicott|Encore|p2b: goodatthisgame
|-start|p2b: goodatthisgame|Encore
|move|p2b: goodatthisgame|Protect||[still]
|-fail|p2b: goodatthisgame
|move|p1b: Basculegion|Wave Crash|p2b: goodatthisgame
|-damage|p2b: goodatthisgame|0 fnt
|faint|p2b: goodatthisgame
|-damage|p1b: Basculegion|0 fnt|[from] Recoil
|faint|p1b: Basculegion
|
|win|ilkrosirjs
|inactive|ilkrosirjs has 30 seconds to confirm battle start!
|inactive|ghostofphantasm has 30 seconds to confirm battle start!
|c|Ōśåghostofphantasm|YOOOO
|c|Ōśåghostofphantasm|I GOT THE BASCULEGION KILLED
|c|Ōśåghostofphantasm|LESGOOOOO
