|j|☆chaoticfarmer
|j|☆TeyVgc
|html|chaoticfarmerTeyVgc    
|uhtml|bestof|Game 3 of a best-of-3
|t:|1756959646
|gametype|doubles
|player|p1|chaoticfarmer|norman|1334
|player|p2|TeyVgc|benga|1293
|gen|9
|tier|[Gen 9] VGC 2025 Reg H (Bo3)
|rated|
|rule|Species Clause: Limit one of each Pokémon
|rule|Item Clause: Limit 1 of each item
|clearpoke
|poke|p1|Rillaboom, L50, M|
|poke|p1|Pelipper, L50, M|
|poke|p1|Sneasler, L50, M|
|poke|p1|Cetitan, L50, M|
|poke|p1|Malamar, L50, M|
|poke|p1|Ursaluna-Bloodmoon, L50, M|
|poke|p2|Gholdengo, L50|
|poke|p2|Dragonite, L50, F|
|poke|p2|Sneasler, L50, F|
|poke|p2|Incineroar, L50, M|
|poke|p2|Indeedee, L50, M|
|poke|p2|Gastrodon, L50, F|
|teampreview|4
|showteam|p1|Rillaboom||AssaultVest|GrassySurge|FakeOut,GrassyGlide,WoodHammer,Uturn|||M|||50|,,,,,Fire]Pelipper||FocusSash|Drizzle|Tailwind,Hurricane,WideGuard,WeatherBall|||M|||50|,,,,,Fairy]Sneasler||GrassySeed|Unburden|CloseCombat,DireClaw,ThroatChop,Protect|||M|||50|,,,,,Dark]Cetitan||LifeOrb|SheerForce|IcicleCrash,Liquidation,IceShard,Protect|||M|||50|,,,,,Water]Malamar||CovertCloak|Contrary|PsychoCut,KnockOff,Superpower,TrickRoom|||M|||50|,,,,,Steel]Ursaluna-Bloodmoon||SilkScarf|MindsEye|BloodMoon,HyperVoice,EarthPower,Protect|||M|||50|,,,,,Ghost
|showteam|p2|Gholdengo||LifeOrb|GoodasGold|Protect,MakeItRain,ShadowBall,NastyPlot||||||50|,,,,,Water]Dragonite||LoadedDice|Multiscale|ScaleShot,Tailwind,Haze,Protect|||F|||50|,,,,,Fairy]Sneasler||PsychicSeed|Unburden|Protect,DireClaw,CloseCombat,ThroatChop|||F|||50|,,,,,Dark]Incineroar||SafetyGoggles|Intimidate|KnockOff,PartingShot,FlareBlitz,FakeOut|||M|||50|,,,,,Ghost]Indeedee||FocusSash|PsychicSurge|ExpandingForce,TrickRoom,Imprison,TeraBlast|||M|||50|,,,,,Fighting]Gastrodon||Leftovers|StormDrain|EarthPower,Yawn,Recover,IceBeam|||F|||50|,,,,,Poison
|inactive|Battle timer is ON: inactive players will automatically lose when time's up. (requested by chaoticfarmer)
|
|t:|1756959671
|teamsize|p1|4
|teamsize|p2|4
|start
|switch|p1a: Sneasler|Sneasler, L50, M|100/100
|switch|p1b: Malamar|Malamar, L50, M|100/100
|switch|p2a: Sneasler|Sneasler, L50, F|100/100
|switch|p2b: Dragonite|Dragonite, L50, F|100/100
|turn|1
|inactive|chaoticfarmer has 30 seconds left.
|
|t:|1756959700
|move|p2a: Sneasler|Close Combat|p1b: Malamar
|-damage|p1b: Malamar|41/100
|-unboost|p2a: Sneasler|def|1
|-unboost|p2a: Sneasler|spd|1
|move|p1a: Sneasler|Dire Claw|p2b: Dragonite
|-damage|p2b: Dragonite|73/100
|move|p2b: Dragonite|Scale Shot|p1b: Malamar
|-damage|p1b: Malamar|27/100
|-damage|p1b: Malamar|12/100
|-damage|p1b: Malamar|0 fnt
|faint|p1b: Malamar
|-hitcount|p1: Malamar|3
|-unboost|p2b: Dragonite|def|1
|-boost|p2b: Dragonite|spe|1
|
|upkeep
|
|t:|1756959720
|switch|p1b: Rillaboom|Rillaboom, L50, M|100/100
|-fieldstart|move: Grassy Terrain|[from] ability: Grassy Surge|[of] p1b: Rillaboom
|-enditem|p1a: Sneasler|Grassy Seed
|-boost|p1a: Sneasler|def|1|[from] item: Grassy Seed
|turn|2
|
|t:|1756959744
|move|p2b: Dragonite|Protect|p2b: Dragonite
|-singleturn|p2b: Dragonite|Protect
|move|p2a: Sneasler|Protect|p2a: Sneasler
|-singleturn|p2a: Sneasler|Protect
|move|p1a: Sneasler|Close Combat|p2a: Sneasler
|-activate|p2a: Sneasler|move: Protect
|move|p1b: Rillaboom|U-turn|p2a: Sneasler
|-activate|p2a: Sneasler|move: Protect
|
|upkeep
|turn|3
|inactive|TeyVgc has 30 seconds left.
|inactive|TeyVgc has 20 seconds left.
|
|t:|1756959780
|switch|p2a: Gholdengo|Gholdengo, L50|100/100
|move|p1a: Sneasler|Dire Claw|p2b: Dragonite
|-damage|p2b: Dragonite|0 fnt
|faint|p2b: Dragonite
|move|p1b: Rillaboom|U-turn|p2a: Gholdengo
|-resisted|p2a: Gholdengo
|-damage|p2a: Gholdengo|94/100
|
|t:|1756959790
|switch|p1b: Ursaluna|Ursaluna-Bloodmoon, L50, M|100/100|[from] U-turn
|
|-heal|p2a: Gholdengo|100/100|[from] Grassy Terrain
|upkeep
|
|t:|1756959795
|switch|p2b: Sneasler|Sneasler, L50, F|100/100
|turn|4
|inactive|chaoticfarmer has 30 seconds left.
|inactive|chaoticfarmer has 20 seconds left.
|inactive|chaoticfarmer has 15 seconds left.
|inactive|chaoticfarmer has 10 seconds left.
|inactive|chaoticfarmer has 5 seconds left.
|
|t:|1756959850
|-terastallize|p2a: Gholdengo|Water
|move|p1a: Sneasler|Close Combat|p2b: Sneasler
|-resisted|p2b: Sneasler
|-damage|p2b: Sneasler|44/100
|-unboost|p1a: Sneasler|def|1
|-unboost|p1a: Sneasler|spd|1
|move|p2b: Sneasler|Close Combat|p1b: Ursaluna
|-supereffective|p1b: Ursaluna
|-damage|p1b: Ursaluna|6/100
|-unboost|p2b: Sneasler|def|1
|-unboost|p2b: Sneasler|spd|1
|move|p2a: Gholdengo|Make It Rain|p1b: Ursaluna|[spread] p1a,p1b
|-crit|p1a: Sneasler
|-damage|p1a: Sneasler|0 fnt
|-damage|p1b: Ursaluna|0 fnt
|-unboost|p2a: Gholdengo|spa|1
|faint|p1a: Sneasler
|faint|p1b: Ursaluna
|-damage|p2a: Gholdengo|91/100|[from] item: Life Orb
|
|-heal|p2b: Sneasler|50/100|[from] Grassy Terrain
|-heal|p2a: Gholdengo|97/100|[from] Grassy Terrain
|upkeep
|-message|chaoticfarmer forfeited.
|
|win|TeyVgc
|raw|chaoticfarmer's rating: 1334 → 1312(-22 for losing)
|raw|TeyVgc's rating: 1293 → 1321(+28 for winning)
