|j|Ōśåteyvgc
|j|ŌśåPledgen
|html|teyvgcPledgen    
|uhtml|bestof|Game 2 of a best-of-3
|t:|1783200289
|gametype|doubles
|player|p1|teyvgc|1|1203
|player|p2|Pledgen|170|1140
|gen|9
|tier|[Gen 9 Champions] VGC 2026 Reg M-B (Bo3)
|rated|
|rule|Species Clause: Limit one of each Pok├®mon
|rule|Item Clause: Limit 1 of each item
|clearpoke
|poke|p1|Excadrill, L50, M|
|poke|p1|Tyranitar, L50, F|
|poke|p1|Staraptor, L50, F|
|poke|p1|Sinistcha, L50|
|poke|p1|Milotic, L50, F|
|poke|p1|Gholdengo, L50|
|poke|p2|Snorlax, L50, F|
|poke|p2|Sinistcha, L50|
|poke|p2|Hawlucha, L50, M|
|poke|p2|Incineroar, L50, M|
|poke|p2|Rotom-Wash, L50|
|poke|p2|Glimmora, L50, F|
|teampreview|4
|showteam|p1|Excadrill||FocusSash|SandRush|Earthquake,IronHead,RockSlide,Protect|Adamant||M|||50|]Tyranitar||Tyranitarite|SandStream|RockSlide,KnockOff,DragonDance,Protect|Adamant||F|||50|]Staraptor||Staraptite|Intimidate|BraveBird,CloseCombat,Tailwind,Protect|Jolly||F|||50|]Sinistcha||SitrusBerry|Hospitality|MatchaGotcha,RagePowder,LifeDew,TrickRoom|Calm|||||50|]Milotic||Leftovers|Competitive|Scald,IceBeam,Recover,Protect|Modest||F|||50|]Gholdengo||LifeOrb|GoodasGold|MakeItRain,ShadowBall,NastyPlot,Protect|Modest|||||50|
|showteam|p2|Snorlax||Leftovers|ThickFat|SmackDown,Fissure,BodySlam,Protect|Impish||F|||50|]Sinistcha||SitrusBerry|Hospitality|MatchaGotcha,StrengthSap,RagePowder,TrickRoom|Bold|||||50|]Hawlucha||Hawluchanite|Limber|CloseCombat,BraveBird,Protect,Entrainment|Jolly||M|||50|]Incineroar||PasshoBerry|Intimidate|FakeOut,PartingShot,FlareBlitz,DarkestLariat|Careful||M|||50|]Rotom-Wash||ChoiceScarf|Levitate|HydroPump,Thunderbolt,VoltSwitch,Trick|Modest|||||50|]Glimmora||Glimmoranite|ToxicDebris|EarthPower,SpikyShield,PowerGem,SludgeBomb|Timid||F|||50|
|c|Ōśåteyvgc|lmaoooo
|c|ŌśåPledgen|:sob:
|c|Ōśåteyvgc|yeah but you played that well
|c|ŌśåPledgen|same 2 u
|c|Ōśåteyvgc|So gg well deserved
|inactive|Battle timer is ON: inactive players will automatically lose when time's up. (requested by Pledgen)
|
|t:|1783200339
|teamsize|p1|4
|teamsize|p2|4
|start
|switch|p1a: Milotic|Milotic, L50, F|100/100
|switch|p1b: Staraptor|Staraptor, L50, F|100/100
|switch|p2a: Rotom|Rotom-Wash, L50|100/100
|switch|p2b: Glimmora|Glimmora, L50, F|100/100
|-ability|p1b: Staraptor|Intimidate|boost
|-unboost|p2a: Rotom|atk|1
|-unboost|p2b: Glimmora|atk|1
|turn|1
|
|t:|1783200364
|switch|p1b: Excadrill|Excadrill, L50, M|100/100
|detailschange|p2b: Glimmora|Glimmora-Mega, L50, F
|-mega|p2b: Glimmora|Glimmora|Glimmoranite
|move|p2a: Rotom|Thunderbolt|p1a: Milotic
|-supereffective|p1a: Milotic|1
|-damage|p1a: Milotic|42/100
|move|p2b: Glimmora|Sludge Bomb|p1a: Milotic
|-crit|p1a: Milotic
|-damage|p1a: Milotic|0 fnt
|faint|p1a: Milotic
|
|upkeep
|
|t:|1783200374
|switch|p1a: Tyranitar|Tyranitar, L50, F|100/100
|-weather|Sandstorm|[from] ability: Sand Stream|[of] p1a: Tyranitar
|turn|2
|
|t:|1783200393
|switch|p2a: Incineroar|Incineroar, L50, M|100/100
|-ability|p2a: Incineroar|Intimidate|boost
|-unboost|p1a: Tyranitar|atk|1
|-unboost|p1b: Excadrill|atk|1
|move|p1b: Excadrill|Iron Head|p2b: Glimmora
|-supereffective|p2b: Glimmora|1
|-damage|p2b: Glimmora|35/100
|move|p2b: Glimmora|Earth Power|p1b: Excadrill
|-supereffective|p1b: Excadrill|1
|-enditem|p1b: Excadrill|Focus Sash
|-damage|p1b: Excadrill|1/100
|move|p1a: Tyranitar|Dragon Dance|p1a: Tyranitar
|-boost|p1a: Tyranitar|atk|1
|-boost|p1a: Tyranitar|spe|1
|
|-weather|Sandstorm|[upkeep]
|-damage|p2a: Incineroar|93/100|[from] Sandstorm
|upkeep
|turn|3
|
|t:|1783200415
|switch|p2b: Rotom|Rotom-Wash, L50|100/100
|move|p1b: Excadrill|Protect|p1b: Excadrill
|-singleturn|p1b: Excadrill|Protect
|move|p2a: Incineroar|Fake Out|p1a: Tyranitar
|-resisted|p1a: Tyranitar|1
|-damage|p1a: Tyranitar|95/100
|cant|p1a: Tyranitar|flinch
|
|-weather|Sandstorm|[upkeep]
|-damage|p2b: Rotom|94/100|[from] Sandstorm
|-damage|p2a: Incineroar|87/100|[from] Sandstorm
|upkeep
|turn|4
|inactive|Pledgen has 30 seconds left.
|
|t:|1783200447
|detailschange|p1a: Tyranitar|Tyranitar-Mega, L50, F
|-mega|p1a: Tyranitar|Tyranitar|Tyranitarite
|move|p1b: Excadrill|Rock Slide|p2a: Incineroar|[spread] p2a,p2b
|-supereffective|p2a: Incineroar|1
|-damage|p2a: Incineroar|62/100
|-damage|p2b: Rotom|75/100
|move|p2b: Rotom|Hydro Pump|p1a: Tyranitar
|-supereffective|p1a: Tyranitar|1
|-damage|p1a: Tyranitar|41/100
|move|p1a: Tyranitar|Knock Off|p2b: Rotom
|-damage|p2b: Rotom|0 fnt
|-enditem|p2b: Rotom|Choice Scarf|[from] move: Knock Off|[of] p1a: Tyranitar
|faint|p2b: Rotom
|move|p2a: Incineroar|Darkest Lariat|p1b: Excadrill
|-damage|p1b: Excadrill|0 fnt
|faint|p1b: Excadrill
|
|-weather|Sandstorm|[upkeep]
|-damage|p2a: Incineroar|56/100|[from] Sandstorm
|upkeep
|
|t:|1783200460
|switch|p1b: Staraptor|Staraptor, L50, F|100/100
|switch|p2b: Sinistcha|Sinistcha, L50|100/100
|-ability|p1b: Staraptor|Intimidate|boost
|-unboost|p2a: Incineroar|atk|1
|-unboost|p2b: Sinistcha|atk|1
|-heal|p2a: Incineroar|81/100|[from] ability: Hospitality|[of] p2b: Sinistcha
|turn|5
|inactive|Pledgen has 30 seconds left.
|inactive|teyvgc has 30 seconds left.
|
|t:|1783200492
|switch|p2b: Glimmora|Glimmora-Mega, L50, F|35/100
|move|p1b: Staraptor|Brave Bird|p2b: Glimmora
|-resisted|p2b: Glimmora|1
|-damage|p2b: Glimmora|9/100
|-damage|p1b: Staraptor|92/100|[from] Recoil
|move|p1a: Tyranitar|Knock Off|p2b: Glimmora
|-damage|p2b: Glimmora|0 fnt
|faint|p2b: Glimmora
|move|p2a: Incineroar|Parting Shot|p1b: Staraptor
|-unboost|p1b: Staraptor|atk|1
|-unboost|p1b: Staraptor|spa|1
|
|t:|1783200500
|switch|p2a: Sinistcha|Sinistcha, L50|100/100|[from] Parting Shot
|
|-weather|Sandstorm|[upkeep]
|-damage|p1b: Staraptor|86/100|[from] Sandstorm
|-damage|p2a: Sinistcha|93/100|[from] Sandstorm
|upkeep
|
|t:|1783200503
|switch|p2b: Incineroar|Incineroar, L50, M|81/100
|-ability|p2b: Incineroar|Intimidate|boost
|-unboost|p1a: Tyranitar|atk|1
|-unboost|p1b: Staraptor|atk|1
|turn|6
|
|t:|1783200522
|move|p2b: Incineroar|Fake Out|p1b: Staraptor
|-damage|p1b: Staraptor|73/100
|cant|p1b: Staraptor|flinch
|move|p1a: Tyranitar|Dragon Dance|p1a: Tyranitar
|-boost|p1a: Tyranitar|atk|1
|-boost|p1a: Tyranitar|spe|1
|move|p2a: Sinistcha|Matcha Gotcha|p1a: Tyranitar|[spread] p1a,p1b
|-supereffective|p1a: Tyranitar|1
|-resisted|p1b: Staraptor|1
|-damage|p1a: Tyranitar|16/100
|-heal|p2a: Sinistcha|100/100|[from] drain|[of] p1a: Tyranitar
|-damage|p1b: Staraptor|56/100
|-status|p1b: Staraptor|brn
|
|-weather|none
|-damage|p1b: Staraptor|50/100y brn|[from] brn
|upkeep
|turn|7
|inactive|Pledgen has 30 seconds left.
|inactive|teyvgc has 30 seconds left.
|inactive|Pledgen has 20 seconds left.
|inactive|Pledgen has 15 seconds left.
|inactive|Pledgen has 10 seconds left.
|
|t:|1783200567
|move|p1a: Tyranitar|Rock Slide|p2b: Incineroar|[spread] p2a,p2b
|-supereffective|p2b: Incineroar|1
|-damage|p2a: Sinistcha|67/100
|-damage|p2b: Incineroar|21/100
|move|p1b: Staraptor|Close Combat|p2b: Incineroar
|-supereffective|p2b: Incineroar|1
|-damage|p2b: Incineroar|6/100
|-unboost|p1b: Staraptor|def|1
|-unboost|p1b: Staraptor|spd|1
|cant|p2a: Sinistcha|flinch
|move|p2b: Incineroar|Flare Blitz|p1b: Staraptor
|-crit|p1b: Staraptor
|-damage|p1b: Staraptor|0 fnt
|faint|p1b: Staraptor
|-damage|p2b: Incineroar|0 fnt|[from] Recoil
|faint|p2b: Incineroar
|
|upkeep
|turn|8
|c|ŌśåPledgen|oof the flinch
|c|ŌśåPledgen|you got payback lol :sob:
|inactive|teyvgc has 30 seconds left.
|c|Ōśåteyvgc|dammnnn yeah we're scamming eachother fr
|
|t:|1783200599
|move|p1a: Tyranitar|Knock Off|p2a: Sinistcha
|-supereffective|p2a: Sinistcha|1
|-damage|p2a: Sinistcha|0 fnt
|-enditem|p2a: Sinistcha|Sitrus Berry|[from] move: Knock Off|[of] p1a: Tyranitar
|faint|p2a: Sinistcha
|
|win|teyvgc
