|j|☆Mortipherus
|j|☆Hayz27727282828
|html|MortipherusHayz27727282828    
|uhtml|bestof|Game 2 of a best-of-3
|t:|1757141757
|gametype|doubles
|player|p1|Mortipherus|biker-gen4|1064
|player|p2|Hayz27727282828|265|1070
|gen|9
|tier|[Gen 9] VGC 2025 Reg H (Bo3)
|rated|
|rule|Species Clause: Limit one of each Pokémon
|rule|Item Clause: Limit 1 of each item
|clearpoke
|poke|p1|Hydrapple, L50, M|
|poke|p1|Arcanine-Hisui, L50, M|
|poke|p1|Gholdengo, L50|
|poke|p1|Electabuzz, L50, M|
|poke|p1|Indeedee, L50, M|
|poke|p1|Sneasler, L50, M|
|poke|p2|Tyranitar, L50, F|
|poke|p2|Rillaboom, L50, F|
|poke|p2|Volcarona, L50, F|
|poke|p2|Primarina, L50, F|
|poke|p2|Sneasler, L50, M|
|poke|p2|Baxcalibur, L50, F|
|teampreview|4
|showteam|p1|Hydrapple||AssaultVest|Regenerator|FickleBeam,EnergyBall,EarthPower,BreakingSwipe|||M|||50|,,,,,Ground]Arcanine-Hisui||ClearAmulet|Intimidate|Protect,ExtremeSpeed,FlareBlitz,RockSlide|||M|||50|,,,,,Grass]Gholdengo||LifeOrb|GoodasGold|Protect,NastyPlot,MakeItRain,ShadowBall||||||50|,,,,,Water]Electabuzz||Eviolite|VitalSpirit|Protect,FollowMe,Taunt,Electroweb|||M|||50|,,,,,Dragon]Indeedee||FocusSash|PsychicSurge|Protect,TrickRoom,ExpandingForce,TeraBlast|||M|||50|,,,,,Ground]Sneasler||PsychicSeed|Unburden|Protect,ThroatChop,DireClaw,CloseCombat|||M|||50|,,,,,Dark
|showteam|p2|Tyranitar||FocusSash|SandStream|RockSlide,KnockOff,Taunt,Protect|||F|||50|,,,,,Ghost]Rillaboom||AssaultVest|GrassySurge|HighHorsepower,Uturn,GrassyGlide,FakeOut|||F|||50|,,,,,Fire]Volcarona||Leftovers|FlameBody|FieryDance,QuiverDance,GigaDrain,Protect|||F|||50|,,,,,Dragon]Primarina||ThroatSpray|LiquidVoice|Moonblast,HyperVoice,Haze,Protect|||F|||50|,,,,,Ground]Sneasler||GrassySeed|Unburden|CloseCombat,DireClaw,Acrobatics,Protect|||M|||50|,,,,,Dark]Baxcalibur||ClearAmulet|ThermalExchange|IceShard,GlaiveRush,Protect,IcicleCrash|||F|||50|,,,,,Water
|inactive|Battle timer is ON: inactive players will automatically lose when time's up. (requested by Hayz27727282828)
|
|t:|1757141774
|teamsize|p1|4
|teamsize|p2|4
|start
|switch|p1a: Sauerkraut|Electabuzz, L50, M|100/100
|switch|p1b: Mac n Cheese|Gholdengo, L50|100/100
|switch|p2a: Rillaboom|Rillaboom, L50, F|100/100
|switch|p2b: Primarina|Primarina, L50, F|100/100
|-fieldstart|move: Grassy Terrain|[from] ability: Grassy Surge|[of] p2a: Rillaboom
|turn|1
|
|t:|1757141794
|switch|p2b: Tyranitar|Tyranitar, L50, F|100/100
|-weather|Sandstorm|[from] ability: Sand Stream|[of] p2b: Tyranitar
|move|p1a: Sauerkraut|Protect|p1a: Sauerkraut
|-singleturn|p1a: Sauerkraut|Protect
|move|p1b: Mac n Cheese|Nasty Plot|p1b: Mac n Cheese
|-boost|p1b: Mac n Cheese|spa|2
|move|p2a: Rillaboom|High Horsepower|p1b: Mac n Cheese
|-supereffective|p1b: Mac n Cheese
|-damage|p1b: Mac n Cheese|30/100
|
|-weather|Sandstorm|[upkeep]
|-damage|p1a: Sauerkraut|95/100|[from] Sandstorm
|-damage|p2a: Rillaboom|94/100|[from] Sandstorm
|-heal|p1a: Sauerkraut|100/100|[from] Grassy Terrain
|-heal|p1b: Mac n Cheese|36/100|[from] Grassy Terrain
|-heal|p2a: Rillaboom|100/100|[from] Grassy Terrain
|upkeep
|turn|2
|
|t:|1757141817
|move|p1a: Sauerkraut|Follow Me|p1a: Sauerkraut
|-singleturn|p1a: Sauerkraut|move: Follow Me
|move|p1b: Mac n Cheese|Make It Rain|p2a: Rillaboom|[spread] p2a,p2b
|-supereffective|p2b: Tyranitar
|-damage|p2a: Rillaboom|1/100
|-enditem|p2b: Tyranitar|Focus Sash
|-damage|p2b: Tyranitar|1/100
|-unboost|p1b: Mac n Cheese|spa|1
|-damage|p1b: Mac n Cheese|27/100|[from] item: Life Orb
|move|p2a: Rillaboom|High Horsepower|p1a: Sauerkraut
|-supereffective|p1a: Sauerkraut
|-damage|p1a: Sauerkraut|44/100
|move|p2b: Tyranitar|Knock Off|p1a: Sauerkraut
|-damage|p1a: Sauerkraut|0 fnt
|-enditem|p1a: Sauerkraut|Eviolite|[from] move: Knock Off|[of] p2b: Tyranitar
|faint|p1a: Sauerkraut
|
|-weather|Sandstorm|[upkeep]
|-damage|p2a: Rillaboom|0 fnt|[from] Sandstorm
|faint|p2a: Rillaboom
|-heal|p1b: Mac n Cheese|33/100|[from] Grassy Terrain
|-heal|p2b: Tyranitar|7/100|[from] Grassy Terrain
|upkeep
|
|t:|1757141841
|switch|p1a: Caramel|Indeedee, L50, M|100/100
|switch|p2a: Sneasler|Sneasler, L50, M|100/100
|-fieldstart|move: Psychic Terrain|[from] ability: Psychic Surge|[of] p1a: Caramel
|turn|3
|l|☆Hayz27727282828
|inactive|Hayz27727282828 disconnected and has a minute to reconnect!
|player|p2|
|inactive|Mortipherus has 30 seconds left.
|inactive|Hayz27727282828 has 30 seconds left.
|inactive|Hayz27727282828 has 20 seconds left.
|inactive|Hayz27727282828 has 15 seconds left.
|inactive|Hayz27727282828 has 10 seconds left.
|inactive|Hayz27727282828 has 5 seconds left.
|-message|Hayz27727282828 lost due to inactivity.
|
|win|Mortipherus
|raw|Mortipherus's rating: 1064 → 1095(+31 for winning)
|raw|Hayz27727282828's rating: 1070 → 1049(-21 for losing)
