|j|☆Pelosis
|j|☆YUCA2354
|html|PelosisYUCA2354    
|uhtml|bestof|Game 1 of a best-of-3
|t:|1784123862
|gametype|doubles
|player|p1|Pelosis|101|1087
|player|p2|YUCA2354|170|1012
|gen|9
|tier|[Gen 9 Champions] VGC 2026 Reg M-B (Bo3)
|rated|
|rule|Species Clause: Limit one of each Pokémon
|rule|Item Clause: Limit 1 of each item
|clearpoke
|poke|p1|Mawile, L50, F|
|poke|p1|Farigiraf, L50, M|
|poke|p1|Incineroar, L50, M|
|poke|p1|Torkoal, L50, F|
|poke|p1|Venusaur, L50, M|
|poke|p1|Scrafty, L50, M|
|poke|p2|Metagross, L50|
|poke|p2|Sinistcha-Masterpiece, L50|
|poke|p2|Farigiraf, L50, M|
|poke|p2|Sylveon, L50, M|
|poke|p2|Garchomp, L50, F|
|poke|p2|Pelipper, L50, F|
|teampreview|4
|showteam|p1|Mawile||Mawilite|HyperCutter|Protect,PlayRough,SwordsDance,SuckerPunch|Brave||F|||50|]Farigiraf||SitrusBerry|ArmorTail|TrickRoom,TwinBeam,Thunderbolt,HelpingHand|Quiet||M|||50|]Incineroar||WhiteHerb|Intimidate|FakeOut,CloseCombat,FlareBlitz,ThroatChop|Brave||M|||50|]Torkoal||Charcoal|Drought|Protect,Eruption,HeatWave,WeatherBall|Quiet||F|||50|]Venusaur||FocusSash|Chlorophyll|SleepPowder,EarthPower,EnergyBall,SludgeBomb|Modest||M|||50|]Scrafty||Scraftinite|Intimidate|FakeOut,CloseCombat,KnockOff,IcePunch|Brave||M|||50|
|showteam|p2|Metagross||Metagrossite|ClearBody|BodyPress,PsychicFangs,MeteorMash,Protect|Impish|||||50|]Sinistcha-Masterpiece||Leftovers|Hospitality|MatchaGotcha,Protect,ShadowBall,RagePowder|Relaxed|||||50|]Farigiraf||SitrusBerry|ArmorTail|Psychic,Protect,Imprison,TrickRoom|Sassy||M|||50|]Sylveon||FairyFeather|Pixilate|HyperBeam,HyperVoice,Protect,Yawn|Modest||M|||50|]Garchomp||LifeOrb|RoughSkin|StompingTantrum,RockSlide,Protect,DragonClaw|Adamant||F|||50|]Pelipper||FocusSash|Drizzle|WeatherBall,Tailwind,Protect,Hurricane|Modest||F|||50|
|inactive|Battle timer is ON: inactive players will automatically lose when time's up. (requested by YUCA2354)
|inactive|Pelosis has 60 seconds left.
|inactive|YUCA2354 has 60 seconds left.
|
|t:|1784123904
|teamsize|p1|4
|teamsize|p2|4
|start
|switch|p1a: Farigiraf|Farigiraf, L50, M|100/100
|switch|p1b: Venusaur|Venusaur, L50, M|100/100
|switch|p2a: Metagross|Metagross, L50|100/100
|switch|p2b: Farigiraf|Farigiraf, L50, M|100/100
|turn|1
|
|t:|1784123921
|switch|p1a: Torkoal|Torkoal, L50, F|100/100
|-weather|SunnyDay|[from] ability: Drought|[of] p1a: Torkoal
|detailschange|p2a: Metagross|Metagross-Mega, L50
|-mega|p2a: Metagross|Metagross|Metagrossite
|move|p1b: Venusaur|Sleep Powder|p2a: Metagross|[miss]
|-miss|p1b: Venusaur|p2a: Metagross
|move|p2a: Metagross|Psychic Fangs|p1b: Venusaur
|-supereffective|p1b: Venusaur|1
|-enditem|p1b: Venusaur|Focus Sash
|-damage|p1b: Venusaur|1/100
|move|p2b: Farigiraf|Imprison|p2b: Farigiraf
|-start|p2b: Farigiraf|move: Imprison
|
|-weather|SunnyDay|[upkeep]
|upkeep
|turn|2
|inactive|YUCA2354 has 30 seconds left.
|
|t:|1784123947
|move|p2a: Metagross|Protect|p2a: Metagross
|-singleturn|p2a: Metagross|Protect
|move|p1b: Venusaur|Sleep Powder|p2b: Farigiraf
|-status|p2b: Farigiraf|slp|[from] move: Sleep Powder
|cant|p2b: Farigiraf|slp
|move|p1a: Torkoal|Heat Wave|p2b: Farigiraf|[spread] p2b
|-activate|p2a: Metagross|move: Protect
|-damage|p2b: Farigiraf|60/100 slp
|
|-weather|SunnyDay|[upkeep]
|upkeep
|turn|3
|
|t:|1784123966
|move|p1b: Venusaur|Sleep Powder|p2a: Metagross
|-status|p2a: Metagross|slp|[from] move: Sleep Powder
|cant|p2a: Metagross|slp
|cant|p2b: Farigiraf|slp
|move|p1a: Torkoal|Eruption|p2b: Farigiraf|[spread] p2a,p2b
|-supereffective|p2a: Metagross|1
|-damage|p2a: Metagross|0 fnt
|-damage|p2b: Farigiraf|3/100 slp
|-enditem|p2b: Farigiraf|Sitrus Berry|[eat]
|-heal|p2b: Farigiraf|27/100 slp|[from] item: Sitrus Berry
|faint|p2a: Metagross
|
|-weather|SunnyDay|[upkeep]
|upkeep
|
|t:|1784123971
|switch|p2a: Garchomp|Garchomp, L50, F|100/100
|turn|4
|
|t:|1784123985
|switch|p1a: Scrafty|Scrafty, L50, M|100/100
|-ability|p1a: Scrafty|Intimidate|boost
|-unboost|p2a: Garchomp|atk|1
|-unboost|p2b: Farigiraf|atk|1
|move|p1b: Venusaur|Sleep Powder|p2a: Garchomp
|-status|p2a: Garchomp|slp|[from] move: Sleep Powder
|cant|p2a: Garchomp|slp
|-curestatus|p2b: Farigiraf|slp|[msg]
|move|p2b: Farigiraf|Psychic|p1a: Scrafty
|-immune|p1a: Scrafty
|
|-weather|SunnyDay|[upkeep]
|upkeep
|turn|5
|c|☆Pelosis|Zzz
|-message|YUCA2354 forfeited.
|raw|Pelosis's rating: 1087 → 1108(+21 for winning)
|raw|YUCA2354's rating: 1012 → 1003(-9 for losing)
|
|win|Pelosis
|l|☆YUCA2354
|player|p2|
