|j|☆oscareox553
|j|☆txils
|html|oscareox553txils    
|uhtml|bestof|Game 1 of a best-of-3
|t:|1782319116
|gametype|doubles
|player|p1|oscareox553|ethan|1115
|player|p2|txils|101|1000
|gen|9
|tier|[Gen 9 Champions] VGC 2026 Reg M-B (Bo3)
|rated|
|rule|Species Clause: Limit one of each Pokémon
|rule|Item Clause: Limit 1 of each item
|clearpoke
|poke|p1|Swampert, L50, M|
|poke|p1|Sceptile, L50, M|
|poke|p1|Rotom-Heat, L50|
|poke|p1|Pelipper, L50, F|
|poke|p1|Archaludon, L50, F, shiny|
|poke|p1|Sylveon, L50, M, shiny|
|poke|p2|Politoed, L50, F|
|poke|p2|Venusaur, L50, M|
|poke|p2|Mawile, L50, F, shiny|
|poke|p2|Jolteon, L50, F|
|poke|p2|Aerodactyl, L50, F|
|poke|p2|Farigiraf, L50, F|
|teampreview|4
|showteam|p1|Swampert||Swampertite|Torrent|Protect,WaveCrash,Earthquake,IcePunch|Adamant||M|||50|]Sceptile||Sceptilite|Overgrow|DragonPulse,EarthPower,EnergyBall,Detect|Timid||M|||50|]Rotom-Heat||ChoiceScarf|Levitate|Overheat,VoltSwitch,Discharge,Trick|Timid|||||50|]Pelipper||FocusSash|Drizzle|WeatherBall,Hurricane,Tailwind,WideGuard|Modest||F|||50|]Archaludon||Leftovers|Stamina|ElectroShot,FlashCannon,Protect,DragonPulse|Modest||F|||50|]Sylveon||FairyFeather|Pixilate|HyperVoice,HyperBeam,Yawn,Detect|Modest||M|||50|
|showteam|p2|Politoed||SitrusBerry|Drizzle|Protect,HelpingHand,Surf,EarthPower|Bold||F|||50|]Venusaur||Leftovers|Overgrow|Protect,GigaDrain,SludgeBomb,LeechSeed|Calm||M|||50|]Mawile||Mawilite|Intimidate|Protect,PlayRough,BrickBreak,SuckerPunch|Adamant||F|||50|]Jolteon||ChoiceScarf|VoltAbsorb|VoltSwitch,Thunder,Discharge,QuickAttack|Timid||F|||50|]Aerodactyl||Aerodactylite|Unnerve|DualWingbeat,IceFang,RockSlide,Tailwind|Jolly||F|||50|]Farigiraf||MentalHerb|ArmorTail|Protect,TrickRoom,HyperVoice,Psychic|Quiet||F|||50|
|inactive|Battle timer is ON: inactive players will automatically lose when time's up. (requested by oscareox553)
|inactive|oscareox553 has 60 seconds left.
|inactive|txils has 60 seconds left.
|inactive|txils has 30 seconds left.
|
|t:|1782319180
|teamsize|p1|4
|teamsize|p2|4
|start
|switch|p1a: Sceptile|Sceptile, L50, M|100/100
|switch|p1b: Rotom|Rotom-Heat, L50|100/100
|switch|p2a: Politoed|Politoed, L50, F|100/100
|switch|p2b: Jolteon|Jolteon, L50, F|100/100
|-weather|RainDance|[from] ability: Drizzle|[of] p2a: Politoed
|turn|1
|inactive|oscareox553 has 30 seconds left.
|inactive|txils has 30 seconds left.
|inactive|txils has 20 seconds left.
|inactive|txils has 15 seconds left.
|
|t:|1782319221
|switch|p2a: Venusaur|Venusaur, L50, M|100/100
|move|p2b: Jolteon|Volt Switch|p1a: Sceptile
|-resisted|p1a: Sceptile|1
|-damage|p1a: Sceptile|77/100
|
|t:|1782319226
|switch|p2b: Aerodactyl|Aerodactyl, L50, F|100/100|[from] Volt Switch
|-ability|p2b: Aerodactyl|Unnerve
|move|p1b: Rotom|Discharge|p2a: Venusaur|[spread] p1a,p2a,p2b
|-resisted|p1a: Sceptile|1
|-resisted|p2a: Venusaur|1
|-supereffective|p2b: Aerodactyl|1
|-damage|p1a: Sceptile|57/100
|-damage|p2a: Venusaur|88/100
|-damage|p2b: Aerodactyl|26/100
|-status|p2a: Venusaur|par
|move|p1a: Sceptile|Energy Ball|p2a: Venusaur
|-resisted|p2a: Venusaur|2
|-damage|p2a: Venusaur|81/100 par
|
|-weather|RainDance|[upkeep]
|-heal|p2a: Venusaur|87/100 par|[from] item: Leftovers
|upkeep
|turn|2
|inactive|txils has 30 seconds left.
|
|t:|1782319252
|switch|p1a: Archaludon|Archaludon, L50, F, shiny|100/100
|detailschange|p2b: Aerodactyl|Aerodactyl-Mega, L50, F
|-mega|p2b: Aerodactyl|Aerodactyl|Aerodactylite
|move|p2a: Venusaur|Protect|p2a: Venusaur
|-singleturn|p2a: Venusaur|Protect
|move|p2b: Aerodactyl|Dual Wingbeat|p1a: Archaludon
|-resisted|p1a: Archaludon|1
|-damage|p1a: Archaludon|90/100
|-ability|p1a: Archaludon|Stamina|boost
|-boost|p1a: Archaludon|def|1
|-resisted|p1a: Archaludon|1
|-damage|p1a: Archaludon|83/100
|-ability|p1a: Archaludon|Stamina|boost
|-boost|p1a: Archaludon|def|1
|-hitcount|p1a: Archaludon|2
|move|p1b: Rotom|Discharge|p2b: Aerodactyl|[spread] p1a,p2b
|-activate|p2a: Venusaur|move: Protect
|-resisted|p1a: Archaludon|1
|-supereffective|p2b: Aerodactyl|1
|-damage|p1a: Archaludon|70/100
|-damage|p2b: Aerodactyl|0 fnt
|-status|p1a: Archaludon|par
|-ability|p1a: Archaludon|Stamina|boost
|-boost|p1a: Archaludon|def|1
|faint|p2b: Aerodactyl
|
|-weather|RainDance|[upkeep]
|-heal|p1a: Archaludon|76/100 par|[from] item: Leftovers
|-heal|p2a: Venusaur|93/100 par|[from] item: Leftovers
|upkeep
|inactive|txils has 30 seconds left.
|-message|txils forfeited.
|
|win|oscareox553
|l|☆txils
|player|p2|
|raw|oscareox553's rating: 1115 → 1132(+17 for winning)
|raw|txils's rating: 1000 → 1000(+0 for losing)
