|j|☆Muichiro25
|j|☆tmmc01
|html|Muichiro25tmmc01    
|uhtml|bestof|Game 2 of a best-of-3
|t:|1782493010
|gametype|doubles
|player|p1|Muichiro25|n|1153
|player|p2|tmmc01|artist|1191
|gen|9
|tier|[Gen 9 Champions] VGC 2026 Reg M-B (Bo3)
|rated|
|rule|Species Clause: Limit one of each Pokémon
|rule|Item Clause: Limit 1 of each item
|clearpoke
|poke|p1|Basculegion, L50, M|
|poke|p1|Garchomp, L50, F|
|poke|p1|Charizard, L50, M|
|poke|p1|Kingambit, L50, F|
|poke|p1|Gholdengo, L50|
|poke|p1|Whimsicott, L50, F|
|poke|p2|Farigiraf, L50, M|
|poke|p2|Charizard, L50, F, shiny|
|poke|p2|Sylveon, L50, M|
|poke|p2|Garchomp, L50, F|
|poke|p2|Kingambit, L50, F|
|poke|p2|Aerodactyl, L50, M|
|teampreview|4
|showteam|p1|Basculegion||ChoiceScarf|Adaptability|AquaJet,LastRespects,WaveCrash,FlipTurn|Jolly||M|||50|]Garchomp||LifeOrb|RoughSkin|DragonClaw,Earthquake,Protect,RockTomb|Jolly||F|||50|]Charizard||CharizarditeY|Blaze|Protect,HeatWave,WeatherBall,SolarBeam|Modest||M|||50|]Kingambit||BlackGlasses|Defiant|SuckerPunch,KowtowCleave,Protect,IronHead|Adamant||F|||50|]Gholdengo||MetalCoat|GoodasGold|Protect,NastyPlot,ShadowBall,MakeItRain|Modest|||||50|]Whimsicott||FocusSash|Prankster|Tailwind,Moonblast,Protect,Encore|Timid||F|||50|
|showteam|p2|Farigiraf||SitrusBerry|ArmorTail|TrickRoom,Roar,GrassKnot,TwinBeam|Bold||M|||50|]Charizard||CharizarditeY|Blaze|Protect,HeatWave,SolarBeam,WeatherBall|Modest||F|||50|]Sylveon||FairyFeather|Pixilate|HyperVoice,Detect,QuickAttack,HyperBeam|Modest||M|||50|]Garchomp||LifeOrb|RoughSkin|Protect,Earthquake,StompingTantrum,DragonClaw|Jolly||F|||50|]Kingambit||FocusSash|Defiant|KowtowCleave,IronHead,SuckerPunch,LowKick|Adamant||F|||50|]Aerodactyl||Aerodactylite|RockHead|Tailwind,SunnyDay,DualWingbeat,RockSlide|Jolly||M|||50|
|inactive|Battle timer is ON: inactive players will automatically lose when time's up. (requested by Muichiro25)
|inactive|Muichiro25 has 60 seconds left.
|
|t:|1782493046
|teamsize|p1|4
|teamsize|p2|4
|start
|switch|p1a: Whimsicott|Whimsicott, L50, F|100/100
|switch|p1b: Garchomp|Garchomp, L50, F|100/100
|switch|p2a: Garchomp|Garchomp, L50, F|100/100
|switch|p2b: Aerodactyl|Aerodactyl, L50, M|100/100
|turn|1
|
|t:|1782493061
|detailschange|p2b: Aerodactyl|Aerodactyl-Mega, L50, M
|-mega|p2b: Aerodactyl|Aerodactyl|Aerodactylite
|move|p1a: Whimsicott|Protect|p1a: Whimsicott
|-singleturn|p1a: Whimsicott|Protect
|move|p2a: Garchomp|Protect|p2a: Garchomp
|-singleturn|p2a: Garchomp|Protect
|move|p2b: Aerodactyl|Tailwind|p2b: Aerodactyl
|-sidestart|p2: tmmc01|move: Tailwind
|move|p1b: Garchomp|Rock Tomb|p2b: Aerodactyl
|-supereffective|p2b: Aerodactyl|1
|-damage|p2b: Aerodactyl|32/100
|-unboost|p2b: Aerodactyl|spe|1
|-damage|p1b: Garchomp|90/100|[from] item: Life Orb
|
|upkeep
|turn|2
|inactive|tmmc01 has 30 seconds left.
|
|t:|1782493086
|switch|p2a: Sylveon|Sylveon, L50, M|100/100
|move|p1a: Whimsicott|Tailwind|p1a: Whimsicott
|-sidestart|p1: Muichiro25|move: Tailwind
|move|p1b: Garchomp|Dragon Claw|p2a: Sylveon
|-immune|p2a: Sylveon
|move|p2b: Aerodactyl|Dual Wingbeat|p1a: Whimsicott
|-supereffective|p1a: Whimsicott|1
|-damage|p1a: Whimsicott|21/100
|-supereffective|p1a: Whimsicott|1
|-damage|p1a: Whimsicott|0 fnt
|faint|p1a: Whimsicott
|-hitcount|p1: Whimsicott|2
|
|upkeep
|
|t:|1782493092
|switch|p1a: Kingambit|Kingambit, L50, F|100/100
|turn|3
|
|t:|1782493111
|switch|p2b: Kingambit|Kingambit, L50, F|100/100
|move|p1b: Garchomp|Protect|p1b: Garchomp
|-singleturn|p1b: Garchomp|Protect
|move|p2a: Sylveon|Hyper Voice|p1a: Kingambit|[spread] p1a
|-activate|p1b: Garchomp|move: Protect
|-damage|p1a: Kingambit|52/100
|move|p1a: Kingambit|Iron Head|p2a: Sylveon
|-supereffective|p2a: Sylveon|1
|-damage|p2a: Sylveon|0 fnt
|faint|p2a: Sylveon
|
|upkeep
|
|t:|1782493126
|switch|p2a: Garchomp|Garchomp, L50, F|100/100
|turn|4
|inactive|Muichiro25 has 30 seconds left.
|inactive|Muichiro25 has 20 seconds left.
|
|t:|1782493164
|move|p1a: Kingambit|Protect|p1a: Kingambit
|-singleturn|p1a: Kingambit|Protect
|move|p2a: Garchomp|Dragon Claw|p1b: Garchomp
|-supereffective|p1b: Garchomp|1
|-damage|p1b: Garchomp|0 fnt
|-damage|p2a: Garchomp|87/100|[from] ability: Rough Skin|[of] p1b: Garchomp
|faint|p1b: Garchomp
|-damage|p2a: Garchomp|78/100|[from] item: Life Orb
|move|p2b: Kingambit|Low Kick|p1a: Kingambit
|-activate|p1a: Kingambit|move: Protect
|
|-sideend|p2: tmmc01|move: Tailwind
|upkeep
|
|t:|1782493171
|switch|p1b: Basculegion|Basculegion, L50, M|100/100
|turn|5
|-message|Muichiro25 forfeited.
|
|win|tmmc01
|l|☆Muichiro25
|player|p1|
||Muichiro25 is ready for game 3.
|inactive|tmmc01 has 30 seconds to confirm battle start!
||tmmc01 is ready for game 3.
|uhtml|next|Next: Game 3 of 3
|l|☆tmmc01
|player|p2|
|j|☆tmmc01
|player|p2|tmmc01|artist|
