|j|☆gene takavic
|j|☆Mythicallegand
|html|gene takavicMythicallegand    
|uhtml|bestof|Game 2 of a best-of-3
|t:|1756604741
|gametype|doubles
|player|p1|gene takavic|pryce|1203
|player|p2|Mythicallegand|iris|1149
|gen|9
|tier|[Gen 9] VGC 2025 Reg H (Bo3)
|rated|
|rule|Species Clause: Limit one of each Pokémon
|rule|Item Clause: Limit 1 of each item
|clearpoke
|poke|p1|Charizard, L50, M|
|poke|p1|Torkoal, L50, F|
|poke|p1|Porygon2, L50|
|poke|p1|Incineroar, L50, M|
|poke|p1|Jumpluff, L50, F|
|poke|p1|Ursaluna, L50, F|
|poke|p2|Sceptile, L50, F|
|poke|p2|Hydreigon, L50, F|
|poke|p2|Ursaluna, L50, F|
|poke|p2|Indeedee-F, L50, F|
|poke|p2|Ninetales-Alola, L50, F|
|poke|p2|Sneasler, L50, F|
|teampreview|4
|showteam|p1|Charizard||ChoiceSpecs|SolarPower|HeatWave,Overheat,WeatherBall,AirSlash|||M|||50|,,,,,Ghost]Torkoal||EjectPack|Drought|Eruption,Overheat,HelpingHand,Protect|||F|||50|,,,,,Fire]Porygon2||Eviolite|Download|TeraBlast,IceBeam,Recover,TrickRoom||||||50|,,,,,Fighting]Incineroar||SitrusBerry|Intimidate|FlareBlitz,KnockOff,FakeOut,PartingShot|||M|||50|,,,,,Ghost]Jumpluff||CovertCloak|Chlorophyll|SleepPowder,SunnyDay,RagePowder,Tailwind|||F|||50|,,,,,Water]Ursaluna||FlameOrb|Guts|HeadlongRush,Facade,Earthquake,Protect|||F|||50|,,,,,Ghost
|showteam|p2|Sceptile||WhiteHerb|Unburden|DragonCheer,LeafStorm,ShedTail,Endeavor|||F|||50|,,,,,Ghost]Hydreigon||ScopeLens|Levitate|HeatWave,Protect,DracoMeteor,DarkPulse|||F|||50|,,,,,Fire]Ursaluna||ClearAmulet|Bulletproof|BellyDrum,Protect,HeadlongRush,BodySlam|||F|||50|,,,,,Ghost]Indeedee-F||SafetyGoggles|PsychicSurge|FollowMe,Psychic,HelpingHand,TrickRoom|||F|||50|,,,,,Fairy]Ninetales-Alola||LightClay|SnowWarning|AuroraVeil,Blizzard,Encore,Moonblast|||F|||50|,,,,,Ghost]Sneasler||FocusSash|Unburden|CloseCombat,DireClaw,ThroatChop,Protect|||F|||50|,,,,,Dark
|inactive|Battle timer is ON: inactive players will automatically lose when time's up. (requested by gene takavic)
|
|t:|1756604760
|teamsize|p1|4
|teamsize|p2|4
|start
|switch|p1a: Charizard|Charizard, L50, M|100/100
|switch|p1b: Porygon2|Porygon2, L50|100/100
|switch|p2a: Hydreigon|Hydreigon, L50, F|100/100
|switch|p2b: Sceptile|Sceptile, L50, F|100/100
|-ability|p1b: Porygon2|Download|boost
|-boost|p1b: Porygon2|atk|1
|turn|1
|inactive|gene takavic has 30 seconds left.
|
|t:|1756604791
|switch|p2b: Ninetales|Ninetales-Alola, L50, F|100/100
|-weather|Snowscape|[from] ability: Snow Warning|[of] p2b: Ninetales
|move|p1a: Charizard|Overheat|p2b: Ninetales
|-supereffective|p2b: Ninetales
|-damage|p2b: Ninetales|0 fnt
|-unboost|p1a: Charizard|spa|2
|faint|p2b: Ninetales
|move|p2a: Hydreigon|Draco Meteor|p1a: Charizard
|-crit|p1a: Charizard
|-damage|p1a: Charizard|0 fnt
|-unboost|p2a: Hydreigon|spa|2
|faint|p1a: Charizard
|move|p1b: Porygon2|Trick Room|p1b: Porygon2
|-fieldstart|move: Trick Room|[of] p1b: Porygon2
|
|-weather|Snowscape|[upkeep]
|upkeep
|
|t:|1756604802
|switch|p1a: Torkoal|Torkoal, L50, F|100/100
|switch|p2b: Sceptile|Sceptile, L50, F|100/100
|-weather|SunnyDay|[from] ability: Drought|[of] p1a: Torkoal
|turn|2
|
|t:|1756604819
|-terastallize|p2a: Hydreigon|Fire
|move|p1a: Torkoal|Eruption|p2a: Hydreigon|[spread] p2a,p2b
|-resisted|p2a: Hydreigon
|-supereffective|p2b: Sceptile
|-damage|p2a: Hydreigon|62/100
|-damage|p2b: Sceptile|0 fnt
|faint|p2b: Sceptile
|move|p1b: Porygon2|Tera Blast|p2a: Hydreigon
|-damage|p2a: Hydreigon|14/100
|move|p2a: Hydreigon|Draco Meteor|p1a: Torkoal
|-damage|p1a: Torkoal|58/100
|-unboost|p2a: Hydreigon|spa|2
|
|-weather|SunnyDay|[upkeep]
|upkeep
|
|t:|1756604825
|switch|p2b: Ursaluna|Ursaluna, L50, F|100/100
|turn|3
|-message|Mythicallegand forfeited.
|
|win|gene takavic
|raw|gene takavic's rating: 1203 → 1224(+21 for winning)
|raw|Mythicallegand's rating: 1149 → 1128(-21 for losing)
|l|☆Mythicallegand
|player|p2|
