|j|☆25th_mang
|j|☆HeoWay
|html|25th_mangHeoWay    
|uhtml|bestof|Game 2 of a best-of-3
|t:|1783568118
|gametype|doubles
|player|p1|25th_mang|ballguy|1237
|player|p2|HeoWay|265|1192
|gen|9
|tier|[Gen 9 Champions] VGC 2026 Reg M-B (Bo3)
|rated|
|rule|Species Clause: Limit one of each Pokémon
|rule|Item Clause: Limit 1 of each item
|clearpoke
|poke|p1|Chandelure, L50, M|
|poke|p1|Garchomp, L50, M|
|poke|p1|Kingambit, L50, F|
|poke|p1|Tsareena, L50, F|
|poke|p1|Whimsicott, L50, M|
|poke|p1|Starmie, L50|
|poke|p2|Froslass, L50, F|
|poke|p2|Basculegion, L50, M|
|poke|p2|Kingambit, L50, F|
|poke|p2|Infernape, L50, M|
|poke|p2|Aerodactyl, L50, F|
|poke|p2|Glaceon, L50, M|
|teampreview|4
|showteam|p1|Chandelure||Chandelurite|FlashFire|HeatWave,ShadowBall,TrickRoom,Protect|Modest||M|||50|]Garchomp||LifeOrb|RoughSkin|StompingTantrum,DragonClaw,RockSlide,Protect|Jolly||M|||50|]Kingambit||ChopleBerry|Defiant|IronHead,SuckerPunch,LowKick,Protect|Adamant||F|||50|]Tsareena||WideLens|QueenlyMajesty|PowerWhip,TripleAxel,HelpingHand,Protect|Adamant||F|||50|]Whimsicott||FocusSash|Prankster|Moonblast,Tailwind,Encore,SunnyDay|Modest||M|||50|]Starmie||ChoiceScarf|NaturalCure|Scald,IcyWind,Psychic,Thunderbolt|Modest|||||50|
|showteam|p2|Froslass||Froslassite|SnowCloak|Blizzard,ShadowBall,AuroraVeil,Protect|Modest||F|||50|]Basculegion||SitrusBerry|Adaptability|WaveCrash,LastRespects,AquaJet,Protect|Adamant||M|||50|]Kingambit||BlackGlasses|Defiant|KowtowCleave,SuckerPunch,SwordsDance,Protect|Adamant||F|||50|]Infernape||FocusSash|IronFist|CloseCombat,FakeOut,Protect,FirePunch|Jolly||M|||50|]Aerodactyl||Aerodactylite|Unnerve|RockSlide,Protect,DualWingbeat,Tailwind|Jolly||F|||50|]Glaceon||NeverMeltIce|SnowCloak|Blizzard,Protect,FreezeDry,CalmMind|Modest||M|||50|
|inactive|Battle timer is ON: inactive players will automatically lose when time's up. (requested by HeoWay)
|inactive|25th_mang also wants the timer to be on.
|inactive|25th_mang has 60 seconds left.
|inactive|HeoWay has 60 seconds left.
|inactive|25th_mang has 30 seconds left.
|
|t:|1783568180
|teamsize|p1|4
|teamsize|p2|4
|start
|switch|p1a: Whimsicott|Whimsicott, L50, M|100/100
|switch|p1b: Kingambit|Kingambit, L50, F|100/100
|switch|p2a: Aerodactyl|Aerodactyl, L50, F|100/100
|switch|p2b: Infernape|Infernape, L50, M|100/100
|-ability|p2a: Aerodactyl|Unnerve
|turn|1
|
|t:|1783568196
|switch|p1b: Tsareena|Tsareena, L50, F|100/100
|move|p1a: Whimsicott|Tailwind|p1a: Whimsicott
|-sidestart|p1: 25th_mang|move: Tailwind
|move|p2a: Aerodactyl|Tailwind|p2a: Aerodactyl
|-sidestart|p2: HeoWay|move: Tailwind
|move|p2b: Infernape|Fire Punch|p1a: Whimsicott
|-supereffective|p1a: Whimsicott|1
|-enditem|p1a: Whimsicott|Focus Sash
|-damage|p1a: Whimsicott|1/100
|-status|p1a: Whimsicott|brn
|
|-damage|p1a: Whimsicott|0 fnt|[from] brn
|faint|p1a: Whimsicott
|upkeep
|
|t:|1783568218
|switch|p1a: Chandelure|Chandelure, L50, M|100/100
|turn|2
|inactive|25th_mang has 30 seconds left.
|
|t:|1783568252
|detailschange|p1a: Chandelure|Chandelure-Mega, L50, M
|-mega|p1a: Chandelure|Chandelure|Chandelurite
|move|p2a: Aerodactyl|Rock Slide|p1a: Chandelure|[spread] p1a,p1b
|-supereffective|p1a: Chandelure|1
|-crit|p1b: Tsareena
|-damage|p1a: Chandelure|52/100
|-damage|p1b: Tsareena|59/100
|move|p2b: Infernape|Fire Punch|p1b: Tsareena
|-supereffective|p1b: Tsareena|1
|-damage|p1b: Tsareena|0 fnt
|faint|p1b: Tsareena
|move|p1a: Chandelure|Shadow Ball|p2a: Aerodactyl
|-damage|p2a: Aerodactyl|34/100
|
|upkeep
|
|t:|1783568261
|switch|p1b: Kingambit|Kingambit, L50, F|100/100
|turn|3
|
|t:|1783568271
|move|p2a: Aerodactyl|Protect|p2a: Aerodactyl
|-singleturn|p2a: Aerodactyl|Protect
|move|p1b: Kingambit|Sucker Punch||[still]
|-fail|p1b: Kingambit
|move|p2b: Infernape|Close Combat|p1b: Kingambit
|-supereffective|p1b: Kingambit|2
|-damage|p1b: Kingambit|0 fnt
|-unboost|p2b: Infernape|def|1
|-unboost|p2b: Infernape|spd|1
|faint|p1b: Kingambit
|move|p1a: Chandelure|Shadow Ball|p2b: Infernape
|-enditem|p2b: Infernape|Focus Sash
|-damage|p2b: Infernape|1/100
|-unboost|p2b: Infernape|spd|1
|
|upkeep
|turn|4
|
|t:|1783568286
|switch|p2b: Basculegion|Basculegion, L50, M|100/100
|move|p2a: Aerodactyl|Rock Slide|p1a: Chandelure
|-supereffective|p1a: Chandelure|1
|-damage|p1a: Chandelure|0 fnt
|faint|p1a: Chandelure
|
|win|HeoWay
||HeoWay is ready for game 3.
|l|☆25th_mang
|player|p1|
|l|☆HeoWay
|player|p2|
||25th_mang is ready for game 3.
|uhtml|next|Next: Game 3 of 3
|j|☆25th_mang
|player|p1|25th_mang|ballguy|
