|j|ŌśåCarrielis
|j|Ōśåcamala64
|html|Carrieliscamala64    
|uhtml|bestof|Game 1 of a best-of-3
|t:|1782957826
|gametype|doubles
|player|p1|Carrielis|erika-masters3|
|player|p2|camala64|lance-masters2|
|gen|9
|tier|[Gen 9 Champions] VGC 2026 Reg M-B (Bo3)
|rule|Species Clause: Limit one of each Pok├®mon
|rule|Item Clause: Limit 1 of each item
|clearpoke
|poke|p1|Ninetales-Alola, L50, F|
|poke|p1|Talonflame, L50, M|
|poke|p1|Mawile, L50, M|
|poke|p1|Gengar, L50, F|
|poke|p1|Incineroar, L50, F|
|poke|p1|Sinistcha, L50|
|poke|p2|Floette-Eternal, L50, F|
|poke|p2|Glimmora, L50, M, shiny|
|poke|p2|Talonflame, L50, M, shiny|
|poke|p2|Garchomp, L50, F, shiny|
|poke|p2|Basculegion, L50, M, shiny|
|poke|p2|Kingambit, L50, M, shiny|
|teampreview|4
|showteam|p1|Ninetales-Alola||NeverMeltIce|SnowWarning|FreezeDry,Blizzard,Encore,Protect|Timid||F|||50|]Talonflame||LifeOrb|GaleWings|BraveBird,FlareBlitz,Tailwind,Protect|Jolly||M|||50|]Mawile||Mawilite|HyperCutter|PlayRough,SuckerPunch,SwordsDance,Protect|Adamant||M|||50|]Gengar||Gengarite|CursedBody|PerishSong,ShadowBall,Disable,Protect|Timid||F|||50|]Incineroar||SitrusBerry|Intimidate|FakeOut,FlareBlitz,PartingShot,Protect|Careful||F|||50|]Sinistcha||KasibBerry|Hospitality|RagePowder,MatchaGotcha,TrickRoom,Protect|Bold|||||50|
|showteam|p2|Floette-Eternal||Floettite|FlowerVeil|Moonblast,DazzlingGleam,LightofRuin,Protect|Modest||F|||50|]Glimmora||Glimmoranite|ToxicDebris|PowerGem,SludgeBomb,EarthPower,SpikyShield|Modest||M|||50|]Talonflame||SharpBeak|GaleWings|BraveBird,Tailwind,FlareBlitz,Protect|Jolly||M|||50|]Garchomp||LifeOrb|RoughSkin|Earthquake,RockSlide,DragonClaw,Protect|Adamant||F|||50|]Basculegion||FocusSash|Adaptability|Liquidation,AquaJet,LastRespects,Protect|Adamant||M|||50|]Kingambit||BlackGlasses|Defiant|KowtowCleave,SuckerPunch,IronHead,LowKick|Adamant||M|||50|
|c|Ōśåcamala64|Maybe if a team 100% made by Robin canŌĆÖt win
|c|Ōśåcamala64|than it will take a team we worked on together lol
|c|ŌśåCarrielis|My glim matchup is dogshit actually
|l|ŌśåCarrielis
|player|p1|
|c|Ōśåcamala64|Insane leave
|inactive|Battle timer is ON: inactive players will automatically lose when time's up. (requested by camala64)
|j|ŌśåCarrielis
|inactive|Carrielis reconnected and has 90 seconds left.
|player|p1|Carrielis|erika-masters3|
|
|t:|1782957962
|teamsize|p1|4
|teamsize|p2|4
|start
|switch|p1a: Talonflame|Talonflame, L50, M|100/100
|switch|p1b: Sinistcha|Sinistcha, L50|100/100
|switch|p2a: Captain Falcon|Talonflame, L50, M, shiny|100/100
|switch|p2b: Metal Face|Kingambit, L50, M, shiny|100/100
|turn|1
|inactiveoff|Battle timer is now OFF.
|
|t:|1782957989
|switch|p2b: YEETA|Glimmora, L50, M, shiny|100/100
|move|p1b: Sinistcha|Protect|p1b: Sinistcha
|-singleturn|p1b: Sinistcha|Protect
|move|p2a: Captain Falcon|Brave Bird|p1b: Sinistcha
|-activate|p1b: Sinistcha|move: Protect
|move|p1a: Talonflame|Flare Blitz|p2b: YEETA
|-resisted|p2b: YEETA|1
|-crit|p2b: YEETA
|-damage|p2b: YEETA|49/100
|-activate|p2b: YEETA|ability: Toxic Debris
|-sidestart|p1: Carrielis|move: Toxic Spikes
|-damage|p1a: Talonflame|81/100|[from] Recoil
|-damage|p1a: Talonflame|72/100|[from] item: Life Orb
|
|upkeep
|turn|2
|
|t:|1782958023
|detailschange|p2b: YEETA|Glimmora-Mega, L50, M, shiny
|-mega|p2b: YEETA|Glimmora|Glimmoranite
|move|p1a: Talonflame|Protect|p1a: Talonflame
|-singleturn|p1a: Talonflame|Protect
|move|p2a: Captain Falcon|Brave Bird|p1b: Sinistcha
|-supereffective|p1b: Sinistcha|1
|-crit|p1b: Sinistcha
|-damage|p1b: Sinistcha|0 fnt
|faint|p1b: Sinistcha
|-damage|p2a: Captain Falcon|61/100|[from] Recoil
|move|p2b: YEETA|Power Gem|p1a: Talonflame
|-activate|p1a: Talonflame|move: Protect
|
|upkeep
|c|Ōśåcamala64|Back to back crits is insane
|c|Ōśåcamala64|crits seriously need to be nerfed lmao
|
|t:|1782958056
|switch|p1b: Ninetales|Ninetales-Alola, L50, F|100/100
|-status|p1b: Ninetales|psn
|-weather|Snowscape|[from] ability: Snow Warning|[of] p1b: Ninetales
|turn|3
|
|t:|1782958079
|move|p2a: Captain Falcon|Tailwind|p2a: Captain Falcon
|-sidestart|p2: camala64|move: Tailwind
|move|p2b: YEETA|Power Gem|p1b: Ninetales
|-supereffective|p1b: Ninetales|1
|-damage|p1b: Ninetales|0 fnt
|faint|p1b: Ninetales
|move|p1a: Talonflame|Tailwind|p1a: Talonflame
|-sidestart|p1: Carrielis|move: Tailwind
|
|-weather|Snowscape|[upkeep]
|upkeep
|c|ŌśåCarrielis|Welp gg lost the speed tie
|
|t:|1782958091
|switch|p1b: Mawile|Mawile, L50, M|100/100
|turn|4
|c|Ōśåcamala64|Gg
|
|t:|1782958104
|detailschange|p1b: Mawile|Mawile-Mega, L50, M
|-mega|p1b: Mawile|Mawile|Mawilite
|move|p1b: Mawile|Sucker Punch|p2b: YEETA
|-crit|p2b: YEETA
|-damage|p2b: YEETA|0 fnt
|faint|p2b: YEETA
|move|p1a: Talonflame|Brave Bird|p2a: Captain Falcon
|-damage|p2a: Captain Falcon|0 fnt
|faint|p2a: Captain Falcon
|-damage|p1a: Talonflame|51/100|[from] Recoil
|-damage|p1a: Talonflame|41/100|[from] item: Life Orb
|
|-weather|Snowscape|[upkeep]
|upkeep
|c|ŌśåCarrielis|What the fuck
|c|Ōśåcamala64|Ok seriously wtf
|c|Ōśåcamala64|again, crits need a nerf
|
|t:|1782958126
|switch|p2a: Metal Face|Kingambit, L50, M, shiny|100/100
|switch|p2b: Jawesome|Garchomp, L50, F, shiny|100/100
|turn|5
|
|t:|1782958148
|move|p1a: Talonflame|Flare Blitz|p2a: Metal Face
|-supereffective|p2a: Metal Face|1
|-damage|p2a: Metal Face|13/100
|-damage|p1a: Talonflame|3/100|[from] Recoil
|-damage|p1a: Talonflame|0 fnt|[from] item: Life Orb
|faint|p1a: Talonflame
|move|p2b: Jawesome|Earthquake|p1b: Mawile|[spread] p2a,p1b
|-supereffective|p2a: Metal Face|1
|-supereffective|p1b: Mawile|1
|-damage|p2a: Metal Face|0 fnt
|-damage|p1b: Mawile|14/100
|faint|p2a: Metal Face
|-damage|p2b: Jawesome|90/100|[from] item: Life Orb
|move|p1b: Mawile|Play Rough|p2b: Jawesome
|-supereffective|p2b: Jawesome|1
|-damage|p2b: Jawesome|0 fnt
|-damage|p1b: Mawile|1/100|[from] ability: Rough Skin|[of] p2b: Jawesome
|faint|p2b: Jawesome
|
|win|Carrielis
|c|ŌśåCarrielis|Agreed at this point
|inactive|Carrielis has 30 seconds to confirm battle start!
|inactive|camala64 has 30 seconds to confirm battle start!
||camala64 is ready for game 2.
||Carrielis is ready for game 2.
|uhtml|next|Next: Game 2 of 3
