|j|☆Alfaceb
|j|☆gamma_90
|html|Alfacebgamma_90    
|uhtml|bestof|Game 1 of a best-of-3
|t:|1782657519
|gametype|doubles
|player|p1|Alfaceb|pokefan|1144
|player|p2|gamma_90|170|1182
|gen|9
|tier|[Gen 9 Champions] VGC 2026 Reg M-B (Bo3)
|rated|
|rule|Species Clause: Limit one of each Pokémon
|rule|Item Clause: Limit 1 of each item
|clearpoke
|poke|p1|Charizard, L50, F|
|poke|p1|Aerodactyl, L50, M, shiny|
|poke|p1|Venusaur, L50, M|
|poke|p1|Clefable, L50, M|
|poke|p1|Blastoise, L50, F|
|poke|p1|Kangaskhan, L50, F|
|poke|p2|Incineroar, L50, F|
|poke|p2|Aerodactyl, L50, F|
|poke|p2|Hydreigon, L50, F|
|poke|p2|Sinistcha-Masterpiece, L50|
|poke|p2|Metagross, L50|
|poke|p2|Annihilape, L50, F|
|teampreview|4
|showteam|p1|Charizard||CharizarditeY|SolarPower|HeatWave,WeatherBall,Protect,SolarBeam|Modest||F|||50|]Aerodactyl||FocusSash|Unnerve|DualWingbeat,RockSlide,Protect,Tailwind|Jolly||M|||50|]Venusaur||LifeOrb|Chlorophyll|SleepPowder,SludgeBomb,EnergyBall,Protect|Modest||M|||50|]Clefable||FairyFeather|Unaware|FollowMe,Moonblast,LifeDew,HelpingHand|Modest||M|||50|]Blastoise||Blastoisinite|Torrent|ShellSmash,WaterSpout,AuraSphere,Protect|Modest||F|||50|]Kangaskhan||SilkScarf|Scrappy|FakeOut,LastResort|Adamant||F|||50|
|showteam|p2|Incineroar||SitrusBerry|Intimidate|FlareBlitz,DarkestLariat,FakeOut,PartingShot|Serious||F|||50|]Aerodactyl||Aerodactylite|RockHead|RockSlide,IceFang,Tailwind,Protect|Jolly||F|||50|]Hydreigon||ChoiceScarf|Levitate|DarkPulse,DracoMeteor,Snarl,EarthPower|Modest||F|||50|]Sinistcha-Masterpiece||CobaBerry|Hospitality|MatchaGotcha,TrickRoom,RagePowder,Protect|Calm|||||50|]Metagross||Metagrossite|ClearBody|IronHead,PsychicFangs,Protect,BodyPress|Jolly|||||50|]Annihilape||Leftovers|Defiant|DrainPunch,RageFist,BulkUp,Protect|Adamant||F|||50|
|inactive|Battle timer is ON: inactive players will automatically lose when time's up. (requested by gamma_90)
|inactive|gamma_90 has 60 seconds left.
|
|t:|1782657563
|teamsize|p1|4
|teamsize|p2|4
|start
|switch|p1a: Aerodactyl|Aerodactyl, L50, M, shiny|100/100
|switch|p1b: Kangaskhan|Kangaskhan, L50, F|100/100
|switch|p2a: Annihilape|Annihilape, L50, F|100/100
|switch|p2b: Aerodactyl|Aerodactyl, L50, F|100/100
|-ability|p1a: Aerodactyl|Unnerve
|turn|1
|l|☆Alfaceb
|inactive|Alfaceb disconnected and has a minute to reconnect!
|player|p1|
|j|☆Alfaceb
|inactive|Alfaceb reconnected and has 35 seconds left.
|player|p1|Alfaceb|pokefan|
|inactive|Alfaceb has 30 seconds left.
|inactive|gamma_90 has 30 seconds left.
|
|t:|1782657590
|detailschange|p2b: Aerodactyl|Aerodactyl-Mega, L50, F
|-mega|p2b: Aerodactyl|Aerodactyl|Aerodactylite
|move|p2a: Annihilape|Protect|p2a: Annihilape
|-singleturn|p2a: Annihilape|Protect
|move|p1b: Kangaskhan|Fake Out|p2a: Annihilape
|-activate|p2a: Annihilape|move: Protect
|move|p2b: Aerodactyl|Ice Fang|p1a: Aerodactyl
|-supereffective|p1a: Aerodactyl|1
|-damage|p1a: Aerodactyl|1/100
|move|p1a: Aerodactyl|Tailwind|p1a: Aerodactyl
|-sidestart|p1: Alfaceb|move: Tailwind
|
|upkeep
|turn|2
|l|☆Alfaceb
|inactive|Alfaceb disconnected and has a minute to reconnect!
|player|p1|
|j|☆Alfaceb
|inactive|Alfaceb reconnected and has 35 seconds left.
|player|p1|Alfaceb|pokefan|
|inactive|Alfaceb has 30 seconds left.
|
|t:|1782657623
|move|p1a: Aerodactyl|Rock Slide|p2b: Aerodactyl|[spread] p2a,p2b
|-resisted|p2a: Annihilape|1
|-supereffective|p2b: Aerodactyl|1
|-crit|p2b: Aerodactyl
|-damage|p2a: Annihilape|87/100
|-damage|p2b: Aerodactyl|0 fnt
|faint|p2b: Aerodactyl
|move|p1b: Kangaskhan|Last Resort|p2a: Annihilape
|-damage|p2a: Annihilape|11/100
|move|p2a: Annihilape|Drain Punch|p1b: Kangaskhan
|-supereffective|p1b: Kangaskhan|1
|-damage|p1b: Kangaskhan|13/100
|-heal|p2a: Annihilape|47/100|[from] drain|[of] p1b: Kangaskhan
|
|-heal|p2a: Annihilape|53/100|[from] item: Leftovers
|upkeep
|
|t:|1782657631
|switch|p2b: Sinistcha|Sinistcha-Masterpiece, L50|100/100
|-heal|p2a: Annihilape|78/100|[from] ability: Hospitality|[of] p2b: Sinistcha
|turn|3
|
|t:|1782657648
|move|p1a: Aerodactyl|Dual Wingbeat|p2a: Annihilape
|-supereffective|p2a: Annihilape|1
|-damage|p2a: Annihilape|41/100
|-supereffective|p2a: Annihilape|1
|-damage|p2a: Annihilape|5/100
|-hitcount|p2a: Annihilape|2
|move|p1b: Kangaskhan|Last Resort|p2a: Annihilape
|-damage|p2a: Annihilape|0 fnt
|faint|p2a: Annihilape
|move|p2b: Sinistcha|Matcha Gotcha|p1a: Aerodactyl|[spread] p1a,p1b
|-damage|p1a: Aerodactyl|0 fnt
|-damage|p1b: Kangaskhan|0 fnt
|faint|p1a: Aerodactyl
|faint|p1b: Kangaskhan
|
|upkeep
|-message|gamma_90 forfeited.
|
|win|Alfaceb
||gamma_90 is ready for game 2.
