|j|☆raucho
|j|☆evil squirrel
|html|rauchoevil squirrel    
|uhtml|bestof|Game 2 of a best-of-3
|t:|1756181162
|gametype|doubles
|player|p1|raucho|n|1145
|player|p2|evil squirrel|1|1164
|gen|9
|tier|[Gen 9] VGC 2025 Reg H (Bo3)
|rated|
|rule|Species Clause: Limit one of each Pokémon
|rule|Item Clause: Limit 1 of each item
|clearpoke
|poke|p1|Gholdengo, L50|
|poke|p1|Dragonite, L50, F|
|poke|p1|Indeedee, L50, M|
|poke|p1|Sneasler, L50, F|
|poke|p1|Electabuzz, L50, M|
|poke|p1|Ursaluna-Bloodmoon, L50, M|
|poke|p2|Kingambit, L50, M|
|poke|p2|Pelipper, L50, M|
|poke|p2|Basculegion, L50, M|
|poke|p2|Amoonguss, L50, F|
|poke|p2|Maushold-Four, L50|
|poke|p2|Archaludon, L50, F|
|teampreview|4
|showteam|p1|Gholdengo||ChoiceScarf|GoodasGold|MakeItRain,ShadowBall,Trick,Thunderbolt||||||50|,,,,,Steel]Dragonite||LoadedDice|Multiscale|ScaleShot,StompingTantrum,Haze,Tailwind|||F|||50|,,,,,Fairy]Indeedee||FocusSash|PsychicSurge|ExpandingForce,Imprison,TrickRoom,Protect|||M|||50|,,,,,Psychic]Sneasler||PsychicSeed|Unburden|DireClaw,CloseCombat,ThroatChop,Protect|||F|||50|,,,,,Dark]Electabuzz||Eviolite|VitalSpirit|Electroweb,HelpingHand,FollowMe,Protect|||M|||50|,,,,,Dragon]Ursaluna-Bloodmoon||LifeOrb|MindsEye|HyperVoice,BloodMoon,EarthPower,Protect|||M|||50|,,,,,Normal
|showteam|p2|Kingambit||LifeOrb|Defiant|SuckerPunch,IronHead,KowtowCleave,Protect|||M|||50|,,,,,Grass]Pelipper||FocusSash|Drizzle|Hurricane,WeatherBall,Tailwind,Protect|||M|||50|,,,,,Ghost]Basculegion||ClearAmulet|SwiftSwim|Protect,WaveCrash,AquaJet,LastRespects|||M|||50|,,,,,Water]Amoonguss||RockyHelmet|Regenerator|Spore,RagePowder,PollenPuff,ClearSmog|||F|||50|,,,,,Water]Maushold-Four||WideLens|Technician|PopulationBomb,FollowMe,Taunt,Protect||||||50|,,,,,Ghost]Archaludon||AssaultVest|Stamina|ElectroShot,DragonPulse,FlashCannon,BodyPress|||F|||50|,,,,,Grass
|inactive|Battle timer is ON: inactive players will automatically lose when time's up. (requested by raucho)
|inactive|raucho has 60 seconds left.
|inactive|evil squirrel has 60 seconds left.
|
|t:|1756181217
|teamsize|p1|4
|teamsize|p2|4
|start
|switch|p1a: Electabuzz|Electabuzz, L50, M, shiny|100/100
|switch|p1b: Ursaluna|Ursaluna-Bloodmoon, L50, M|100/100
|switch|p2a: Kingambit|Kingambit, L50, M|100/100
|switch|p2b: Amoonguss|Amoonguss, L50, F|100/100
|turn|1
|inactive|evil squirrel has 30 seconds left.
|inactive|raucho has 30 seconds left.
|
|t:|1756181256
|-terastallize|p2a: Kingambit|Grass
|move|p1a: Electabuzz|Helping Hand|p1b: Ursaluna
|-singleturn|p1b: Ursaluna|Helping Hand|[of] p1a: Electabuzz
|move|p1b: Ursaluna|Blood Moon|p2b: Amoonguss
|-damage|p2b: Amoonguss|0 fnt
|faint|p2b: Amoonguss
|-damage|p1b: Ursaluna|91/100|[from] item: Life Orb
|move|p2a: Kingambit|Kowtow Cleave|p1a: Electabuzz
|-damage|p1a: Electabuzz|47/100
|-damage|p2a: Kingambit|91/100|[from] item: Life Orb
|
|upkeep
|
|t:|1756181269
|switch|p2b: Pelipper|Pelipper, L50, M|100/100
|-weather|RainDance|[from] ability: Drizzle|[of] p2b: Pelipper
|turn|2
|
|t:|1756181286
|-terastallize|p1b: Ursaluna|Normal
|move|p1a: Electabuzz|Electroweb|p2b: Pelipper|[spread] p2a,p2b
|-resisted|p2a: Kingambit
|-supereffective|p2b: Pelipper
|-damage|p2a: Kingambit|85/100
|-damage|p2b: Pelipper|9/100
|-unboost|p2a: Kingambit|spe|1
|-ability|p2a: Kingambit|Defiant|boost
|-boost|p2a: Kingambit|atk|2
|-unboost|p2b: Pelipper|spe|1
|move|p1b: Ursaluna|Hyper Voice|p2b: Pelipper|[spread] p2a,p2b
|-damage|p2a: Kingambit|15/100
|-damage|p2b: Pelipper|0 fnt
|faint|p2b: Pelipper
|-damage|p1b: Ursaluna|81/100|[from] item: Life Orb
|move|p2a: Kingambit|Kowtow Cleave|p1a: Electabuzz
|-damage|p1a: Electabuzz|0 fnt
|faint|p1a: Electabuzz
|-damage|p2a: Kingambit|6/100|[from] item: Life Orb
|
|-weather|RainDance|[upkeep]
|upkeep
|
|t:|1756181306
|switch|p1a: Indeedee|Indeedee, L50, M, shiny|100/100
|switch|p2b: Basculegion|Basculegion, L50, M|100/100
|-fieldstart|move: Psychic Terrain|[from] ability: Psychic Surge|[of] p1a: Indeedee
|turn|3
|
|t:|1756181323
|move|p1b: Ursaluna|Protect|p1b: Ursaluna
|-singleturn|p1b: Ursaluna|Protect
|move|p2a: Kingambit|Protect|p2a: Kingambit
|-singleturn|p2a: Kingambit|Protect
|move|p2b: Basculegion|Wave Crash|p1a: Indeedee
|-enditem|p1a: Indeedee|Focus Sash
|-damage|p1a: Indeedee|1/100
|-damage|p2b: Basculegion|78/100|[from] Recoil
|move|p1a: Indeedee|Expanding Force|p2b: Basculegion|[spread] p2b
|-activate|p2a: Kingambit|move: Protect
|-damage|p2b: Basculegion|22/100
|
|-weather|RainDance|[upkeep]
|upkeep
|turn|4
|-message|evil squirrel forfeited.
|
|win|raucho
|l|☆evil squirrel
|player|p2|
||evil squirrel is ready for game 3.
