|j|☆mesochob0
|j|☆AlitaVGC
|html|mesochob0AlitaVGC    
|uhtml|bestof|Game 1 of a best-of-3
|t:|1756829799
|gametype|doubles
|player|p1|mesochob0|265|1144
|player|p2|AlitaVGC|aromalady|1066
|gen|9
|tier|[Gen 9] VGC 2025 Reg H (Bo3)
|rated|
|rule|Species Clause: Limit one of each Pokémon
|rule|Item Clause: Limit 1 of each item
|clearpoke
|poke|p1|Torkoal, L50, F|
|poke|p1|Indeedee-F, L50, F|
|poke|p1|Hatterene, L50, F|
|poke|p1|Sneasler, L50, M|
|poke|p1|Exeggutor, L50, M|
|poke|p1|Typhlosion, L50, M|
|poke|p2|Charizard, L50, M|
|poke|p2|Torkoal, L50, F|
|poke|p2|Porygon2, L50|
|poke|p2|Incineroar, L50, F|
|poke|p2|Jumpluff, L50, M|
|poke|p2|Ursaluna, L50, F|
|teampreview|4
|showteam|p1|Torkoal||ChoiceSpecs|Drought|Eruption,HeatWave,EarthPower,SolarBeam|||F|||50|,,,,,Fire]Indeedee-F||EjectButton|PsychicSurge|FollowMe,TrickRoom,Psychic,HelpingHand|||F|||50|,,,,,Steel]Hatterene||LifeOrb|MagicBounce|ExpandingForce,DazzlingGleam,Protect,TrickRoom|||F|||50|,,,,,Water]Sneasler||PsychicSeed|Unburden|CloseCombat,DireClaw,Protect,ThroatChop|||M|||50|,,,,,Dark]Exeggutor||FocusSash|Chlorophyll|ExpandingForce,EnergyBall,Protect,TeraBlast|||M|||50|,,,,,Rock]Typhlosion||ChoiceScarf|FlashFire|Eruption,HeatWave,ShadowBall,Overheat|||M|||50|,,,,,Fire
|showteam|p2|Charizard||ChoiceSpecs|SolarPower|HeatWave,Overheat,WeatherBall,AirSlash|||M|||50|,,,,,Ghost]Torkoal||EjectPack|Drought|Eruption,Overheat,HelpingHand,Protect|||F|||50|,,,,,Fire]Porygon2||Eviolite|Download|IceBeam,TeraBlast,TrickRoom,Recover||||||50|,,,,,Fighting]Incineroar||SitrusBerry|Intimidate|FlareBlitz,KnockOff,FakeOut,PartingShot|||F|||50|,,,,,Ghost]Jumpluff||CovertCloak|Chlorophyll|SleepPowder,SunnyDay,RagePowder,Tailwind|||M|||50|,,,,,Water]Ursaluna||FlameOrb|Guts|HeadlongRush,Facade,Earthquake,Protect|||F|||50|,,,,,Ghost
|inactive|Battle timer is ON: inactive players will automatically lose when time's up. (requested by AlitaVGC)
|inactive|mesochob0 has 60 seconds left.
|inactive|AlitaVGC has 60 seconds left.
|inactive|mesochob0 has 30 seconds left.
|inactive|mesochob0 has 20 seconds left.
|
|t:|1756829880
|teamsize|p1|4
|teamsize|p2|4
|start
|switch|p1a: Indeedee|Indeedee-F, L50, F|100/100
|switch|p1b: Sneasler|Sneasler, L50, M|100/100
|switch|p2a: Incineroar|Incineroar, L50, F|100/100
|switch|p2b: Charizard|Charizard, L50, M|100/100
|-ability|p2a: Incineroar|Intimidate|boost
|-unboost|p1a: Indeedee|atk|1
|-unboost|p1b: Sneasler|atk|1
|-fieldstart|move: Psychic Terrain|[from] ability: Psychic Surge|[of] p1a: Indeedee
|-enditem|p1b: Sneasler|Psychic Seed
|-boost|p1b: Sneasler|spd|1|[from] item: Psychic Seed
|turn|1
|inactive|mesochob0 has 30 seconds left.
|inactive|AlitaVGC has 30 seconds left.
|inactive|mesochob0 has 20 seconds left.
|inactive|AlitaVGC has 20 seconds left.
|inactive|AlitaVGC has 15 seconds left.
|inactive|AlitaVGC has 10 seconds left.
|
|t:|1756829926
|move|p2a: Incineroar|Fake Out|p1b: Sneasler
|-activate|p1b: Sneasler|move: Psychic Terrain
|move|p1a: Indeedee|Follow Me|p1a: Indeedee
|-singleturn|p1a: Indeedee|move: Follow Me
|move|p1b: Sneasler|Dire Claw|p2b: Charizard
|-damage|p2b: Charizard|59/100
|-status|p2b: Charizard|par
|move|p2b: Charizard|Heat Wave|p1a: Indeedee|[spread] p1a,p1b
|-damage|p1a: Indeedee|53/100
|-damage|p1b: Sneasler|52/100
|-enditem|p1a: Indeedee|Eject Button
|
|t:|1756829941
|switch|p1a: Typhlosion|Typhlosion, L50, M|100/100
|
|upkeep
|turn|2
|inactive|AlitaVGC has 30 seconds left.
|inactive|AlitaVGC has 20 seconds left.
|inactive|AlitaVGC has 15 seconds left.
|inactive|AlitaVGC has 10 seconds left.
|
|t:|1756829989
|move|p1b: Sneasler|Close Combat|p2a: Incineroar
|-supereffective|p2a: Incineroar
|-damage|p2a: Incineroar|19/100
|-unboost|p1b: Sneasler|def|1
|-unboost|p1b: Sneasler|spd|1
|-enditem|p2a: Incineroar|Sitrus Berry|[eat]
|-heal|p2a: Incineroar|44/100|[from] item: Sitrus Berry
|move|p1a: Typhlosion|Eruption|p2a: Incineroar|[spread] p2a,p2b
|-resisted|p2a: Incineroar
|-resisted|p2b: Charizard
|-damage|p2a: Incineroar|17/100
|-damage|p2b: Charizard|22/100 par
|move|p2a: Incineroar|Parting Shot|p1a: Typhlosion
|-unboost|p1a: Typhlosion|atk|1
|-unboost|p1a: Typhlosion|spa|1
|
|t:|1756830002
|switch|p2a: Ursaluna|Ursaluna, L50, F|100/100|[from] Parting Shot
|move|p2b: Charizard|Heat Wave|p1a: Typhlosion|[spread] p1b
|-start|p1a: Typhlosion|ability: Flash Fire
|-damage|p1b: Sneasler|0 fnt
|faint|p1b: Sneasler
|
|-status|p2a: Ursaluna|brn|[from] item: Flame Orb
|upkeep
|inactive|mesochob0 has 30 seconds left.
|
|t:|1756830027
|switch|p1b: Indeedee|Indeedee-F, L50, F|53/100
|turn|3
|
|t:|1756830044
|move|p1b: Indeedee|Helping Hand|p1a: Typhlosion
|-singleturn|p1a: Typhlosion|Helping Hand|[of] p1b: Indeedee
|move|p1a: Typhlosion|Eruption|p2b: Charizard|[spread] p2a,p2b
|-resisted|p2b: Charizard
|-damage|p2a: Ursaluna|15/100 brn
|-damage|p2b: Charizard|0 fnt
|faint|p2b: Charizard
|move|p2a: Ursaluna|Earthquake|p1a: Typhlosion|[spread] p1a,p1b
|-supereffective|p1a: Typhlosion
|-damage|p1a: Typhlosion|0 fnt
|-damage|p1b: Indeedee|0 fnt
|faint|p1a: Typhlosion
|faint|p1b: Indeedee
|
|-damage|p2a: Ursaluna|9/100 brn|[from] brn
|upkeep
|
|t:|1756830063
|switch|p2b: Incineroar|Incineroar, L50, F|17/100
|switch|p1a: Hatterene|Hatterene, L50, F|100/100
|-ability|p2b: Incineroar|Intimidate|boost
|-unboost|p1a: Hatterene|atk|1
|turn|4
|
|t:|1756830076
|-terastallize|p1a: Hatterene|Water
|move|p2b: Incineroar|Knock Off|p1a: Hatterene
|-damage|p1a: Hatterene|56/100
|-enditem|p1a: Hatterene|Life Orb|[from] move: Knock Off|[of] p2b: Incineroar
|move|p2a: Ursaluna|Facade|p1a: Hatterene
|-damage|p1a: Hatterene|0 fnt
|faint|p1a: Hatterene
|
|win|AlitaVGC
||mesochob0 is ready for game 2.
|inactive|AlitaVGC has 30 seconds to confirm battle start!
