|j|☆azuredreamer vg
|j|☆BobbySamuel
|html|azuredreamer vgBobbySamuel    
|uhtml|bestof|Game 1 of a best-of-3
|t:|1756377580
|gametype|doubles
|player|p1|azuredreamer vg|170|1175
|player|p2|BobbySamuel|169|1040
|gen|9
|tier|[Gen 9] VGC 2025 Reg H (Bo3)
|rated|
|rule|Species Clause: Limit one of each Pokémon
|rule|Item Clause: Limit 1 of each item
|clearpoke
|poke|p1|Annihilape, L50, M|
|poke|p1|Archaludon, L50, M|
|poke|p1|Ursaluna-Bloodmoon, L50, M|
|poke|p1|Whimsicott, L50, M|
|poke|p1|Dragonite, L50, M|
|poke|p1|Pelipper, L50, M|
|poke|p2|Politoed, L50, F|
|poke|p2|Gothitelle, L50, F|
|poke|p2|Kingdra, L50, M|
|poke|p2|Archaludon, L50, M|
|poke|p2|Amoonguss, L50, M|
|poke|p2|Incineroar, L50, F|
|teampreview|4
|showteam|p1|Annihilape||ChoiceScarf|Defiant|FinalGambit,RageFist,Uturn,CloseCombat|||M|||50|,,,,,Grass]Archaludon||AssaultVest|Stamina|BodyPress,FlashCannon,ElectroShot,DracoMeteor|||M|||50|,,,,,Water]Ursaluna-Bloodmoon||LifeOrb|MindsEye|EarthPower,BloodMoon,HyperVoice,Protect|||M|||50|,,,,,Normal]Whimsicott||FocusSash|Prankster|Moonblast,BeatUp,Tailwind,Taunt|||M|||50|,,,,,Ghost]Dragonite||LoadedDice|InnerFocus|ScaleShot,IceSpinner,Haze,Protect|||M|||50|,,,,,Steel]Pelipper||CovertCloak|Drizzle|WeatherBall,Hurricane,Tailwind,Protect|||M|||50|,,,,,Ghost
|showteam|p2|Politoed||Leftovers|Drizzle|Protect,PerishSong,WeatherBall,Encore|||F|||50|,,,,,Grass]Gothitelle||SitrusBerry|ShadowTag|Protect,FakeOut,Psychic,TrickRoom|||F|||50|,,,,,Dark]Kingdra||LifeOrb|SwiftSwim|Protect,WeatherBall,DracoMeteor,MuddyWater|||M|||50|,,,,,Stellar]Archaludon||PowerHerb|Sturdy|Protect,ElectroShot,DragonPulse,FlashCannon|||M|||50|,,,,,Electric]Amoonguss||EjectButton|Regenerator|Protect,PollenPuff,RagePowder,Spore|||M|||50|,,,,,Fairy]Incineroar||SafetyGoggles|Intimidate|Protect,FakeOut,KnockOff,PartingShot|||F|||50|,,,,,Ghost
|inactive|Battle timer is ON: inactive players will automatically lose when time's up. (requested by azuredreamer vg)
|inactive|azuredreamer vg has 60 seconds left.
|inactive|BobbySamuel has 60 seconds left.
|
|t:|1756377621
|teamsize|p1|4
|teamsize|p2|4
|start
|switch|p1a: Annihilape|Annihilape, L50, M|100/100
|switch|p1b: Whimsicott|Whimsicott, L50, M|100/100
|switch|p2a: Politoed|Politoed, L50, F|100/100
|switch|p2b: Kingdra|Kingdra, L50, M, shiny|100/100
|-weather|RainDance|[from] ability: Drizzle|[of] p2a: Politoed
|turn|1
|inactive|azuredreamer vg has 30 seconds left.
|inactive|BobbySamuel has 30 seconds left.
|inactive|BobbySamuel has 20 seconds left.
|inactive|azuredreamer vg has 20 seconds left.
|inactive|BobbySamuel has 15 seconds left.
|inactive|BobbySamuel has 10 seconds left.
|
|t:|1756377667
|-terastallize|p2b: Kingdra|Stellar
|move|p2b: Kingdra|Muddy Water|p1a: Annihilape|[spread] p1a,p1b
|-resisted|p1b: Whimsicott
|-damage|p1a: Annihilape|32/100
|-damage|p1b: Whimsicott|40/100
|-unboost|p1a: Annihilape|accuracy|1
|-ability|p1a: Annihilape|Defiant|boost
|-boost|p1a: Annihilape|atk|2
|-damage|p2b: Kingdra|91/100|[from] item: Life Orb
|move|p1b: Whimsicott|Beat Up|p1a: Annihilape
|-damage|p1a: Annihilape|29/100
|-damage|p1a: Annihilape|27/100
|-damage|p1a: Annihilape|24/100
|-damage|p1a: Annihilape|21/100
|-hitcount|p1a: Annihilape|4
|move|p1a: Annihilape|Rage Fist|p2b: Kingdra
|-damage|p2b: Kingdra|0 fnt
|faint|p2b: Kingdra
|move|p2a: Politoed|Weather Ball|p1b: Whimsicott
|-resisted|p1b: Whimsicott
|-damage|p1b: Whimsicott|1/100
|
|-weather|RainDance|[upkeep]
|upkeep
|inactive|BobbySamuel has 30 seconds left.
|
|t:|1756377702
|switch|p2b: Gothitelle|Gothitelle, L50, F|100/100
|turn|2
|inactive|BobbySamuel has 30 seconds left.
|
|t:|1756377731
|switch|p1a: Archaludon|Archaludon, L50, M, shiny|100/100
|-terastallize|p1b: Whimsicott|Ghost
|move|p2b: Gothitelle|Protect|p2b: Gothitelle
|-singleturn|p2b: Gothitelle|Protect
|move|p1b: Whimsicott|Taunt|p2a: Politoed
|-start|p2a: Politoed|move: Taunt
|move|p2a: Politoed|Weather Ball|p1a: Archaludon
|-resisted|p1a: Archaludon
|-damage|p1a: Archaludon|85/100
|-ability|p1a: Archaludon|Stamina|boost
|-boost|p1a: Archaludon|def|1
|
|-weather|RainDance|[upkeep]
|upkeep
|turn|3
|inactive|azuredreamer vg has 30 seconds left.
|
|t:|1756377757
|move|p1b: Whimsicott|Taunt|p2b: Gothitelle
|-start|p2b: Gothitelle|move: Taunt
|move|p1a: Archaludon|Electro Shot||[still]
|-prepare|p1a: Archaludon|Electro Shot
|-boost|p1a: Archaludon|spa|1
|-anim|p1a: Archaludon|Electro Shot|p2a: Politoed
|-supereffective|p2a: Politoed
|-damage|p2a: Politoed|1/100
|move|p2a: Politoed|Weather Ball|p1b: Whimsicott
|-damage|p1b: Whimsicott|0 fnt
|faint|p1b: Whimsicott
|cant|p2b: Gothitelle|move: Taunt|Trick Room
|
|-weather|RainDance|[upkeep]
|-heal|p2a: Politoed|7/100|[from] item: Leftovers
|upkeep
|
|t:|1756377767
|switch|p1b: Annihilape|Annihilape, L50, M|21/100
|turn|4
|-message|BobbySamuel forfeited.
|
|win|azuredreamer vg
|l|☆BobbySamuel
|player|p2|
