|j|☆Slim Shady LPVGC
|j|☆bimbo mafioso
|html|Slim Shady LPVGCbimbo mafioso    
|uhtml|bestof|Game 1 of a best-of-3
|t:|1756762669
|gametype|doubles
|player|p1|Slim Shady LPVGC|cynthia|1213
|player|p2|bimbo mafioso|swimmerf|1175
|gen|9
|tier|[Gen 9] VGC 2025 Reg H (Bo3)
|rated|
|rule|Species Clause: Limit one of each Pokémon
|rule|Item Clause: Limit 1 of each item
|clearpoke
|poke|p1|Whimsicott, L50, M|
|poke|p1|Dragapult, L50, F|
|poke|p1|Gholdengo, L50|
|poke|p1|Sneasler, L50, F|
|poke|p1|Hydreigon, L50, F|
|poke|p1|Amoonguss, L50, F|
|poke|p2|Gholdengo, L50|
|poke|p2|Amoonguss, L50, F|
|poke|p2|Basculegion, L50, M|
|poke|p2|Pelipper, L50, F|
|poke|p2|Incineroar, L50, M|
|poke|p2|Archaludon, L50, F|
|teampreview|4
|showteam|p1|Whimsicott||CovertCloak|Prankster|Moonblast,Tailwind,Encore,FakeTears|||M|||50|,,,,,Dark]Dragapult||ChoiceBand|ClearBody|DragonDarts,PhantomForce,SuckerPunch,Uturn|||F|||50|,,,,,Dragon]Gholdengo||MetalCoat|GoodasGold|Protect,MakeItRain,ShadowBall,NastyPlot||||||50|,,,,,Steel]Sneasler||WhiteHerb|Unburden|Protect,DireClaw,CloseCombat,FakeOut|||F|||50|,,,,,Stellar]Hydreigon||LifeOrb|Levitate|Protect,DracoMeteor,DarkPulse,EarthPower|||F|||50|,,,,,Ghost]Amoonguss||MentalHerb|Regenerator|Protect,RagePowder,PollenPuff,Spore|||F|||50|,,,,,Water
|showteam|p2|Gholdengo||LifeOrb|GoodasGold|MakeItRain,ShadowBall,NastyPlot,Protect||||||50|,,,,,Water]Amoonguss||SitrusBerry|Regenerator|Spore,RagePowder,PollenPuff,Protect|||F|||50|,,,,,Water]Basculegion||ChoiceBand|SwiftSwim|WaveCrash,AquaJet,LastRespects,FlipTurn|||M|||50|,,,,,Water]Pelipper||FocusSash|Drizzle|WeatherBall,Hurricane,Tailwind,Protect|||F|||50|,,,,,Ground]Incineroar||SafetyGoggles|Intimidate|FakeOut,KnockOff,Taunt,PartingShot|||M|||50|,,,,,Ghost]Archaludon||AssaultVest|Stamina|ElectroShot,FlashCannon,DracoMeteor,BodyPress|||F|||50|,,,,,Bug
|inactive|Battle timer is ON: inactive players will automatically lose when time's up. (requested by Slim Shady LPVGC)
|inactive|bimbo mafioso also wants the timer to be on.
|inactive|Slim Shady LPVGC has 60 seconds left.
|inactive|bimbo mafioso has 60 seconds left.
|inactive|Slim Shady LPVGC has 30 seconds left.
|inactive|Slim Shady LPVGC has 20 seconds left.
|inactive|Slim Shady LPVGC has 15 seconds left.
|
|t:|1756762748
|teamsize|p1|4
|teamsize|p2|4
|start
|switch|p1a: Whimsicott|Whimsicott, L50, M|100/100
|switch|p1b: Hydreigon|Hydreigon, L50, F|100/100
|switch|p2a: Gholdengo|Gholdengo, L50|100/100
|switch|p2b: Incineroar|Incineroar, L50, M|100/100
|-ability|p2b: Incineroar|Intimidate|boost
|-unboost|p1a: Whimsicott|atk|1
|-unboost|p1b: Hydreigon|atk|1
|turn|1
|inactive|Slim Shady LPVGC has 30 seconds left.
|inactive|bimbo mafioso has 30 seconds left.
|inactive|Slim Shady LPVGC has 20 seconds left.
|inactive|Slim Shady LPVGC has 15 seconds left.
|inactive|Slim Shady LPVGC has 10 seconds left.
|inactive|bimbo mafioso has 20 seconds left.
|inactive|Slim Shady LPVGC has 5 seconds left.
|
|t:|1756762802
|-terastallize|p1b: Hydreigon|Ghost
|-terastallize|p2a: Gholdengo|Water
|move|p1a: Whimsicott|Tailwind|p1a: Whimsicott
|-sidestart|p1: Slim Shady LPVGC|move: Tailwind
|move|p1b: Hydreigon|Earth Power|p2a: Gholdengo
|-damage|p2a: Gholdengo|48/100
|-damage|p1b: Hydreigon|91/100|[from] item: Life Orb
|move|p2a: Gholdengo|Nasty Plot|p2a: Gholdengo
|-boost|p2a: Gholdengo|spa|2
|move|p2b: Incineroar|Parting Shot|p1b: Hydreigon
|-unboost|p1b: Hydreigon|atk|1
|-unboost|p1b: Hydreigon|spa|1
|
|t:|1756762821
|switch|p2b: Amoonguss|Amoonguss, L50, F|100/100|[from] Parting Shot
|
|upkeep
|turn|2
|inactive|Slim Shady LPVGC has 30 seconds left.
|inactive|Slim Shady LPVGC has 20 seconds left.
|inactive|Slim Shady LPVGC has 15 seconds left.
|
|t:|1756762863
|move|p1a: Whimsicott|Fake Tears|p2b: Amoonguss
|-unboost|p2b: Amoonguss|spd|2
|move|p1b: Hydreigon|Draco Meteor|p2b: Amoonguss
|-damage|p2b: Amoonguss|0 fnt
|-unboost|p1b: Hydreigon|spa|2
|faint|p2b: Amoonguss
|-damage|p1b: Hydreigon|81/100|[from] item: Life Orb
|move|p2a: Gholdengo|Make It Rain|p1a: Whimsicott|[spread] p1a,p1b
|-supereffective|p1a: Whimsicott
|-damage|p1a: Whimsicott|0 fnt
|-damage|p1b: Hydreigon|0 fnt
|-unboost|p2a: Gholdengo|spa|1
|faint|p1a: Whimsicott
|faint|p1b: Hydreigon
|-damage|p2a: Gholdengo|39/100|[from] item: Life Orb
|
|upkeep
|inactive|Slim Shady LPVGC has 30 seconds left.
|
|t:|1756762888
|switch|p1a: Gholdengo|Gholdengo, L50|100/100
|switch|p1b: Amoonguss|Amoonguss, L50, F, shiny|100/100
|switch|p2b: Pelipper|Pelipper, L50, F|100/100
|-weather|RainDance|[from] ability: Drizzle|[of] p2b: Pelipper
|turn|3
|inactive|Slim Shady LPVGC has 30 seconds left.
|inactive|Slim Shady LPVGC has 20 seconds left.
|inactive|Slim Shady LPVGC has 15 seconds left.
|
|t:|1756762933
|switch|p2a: Incineroar|Incineroar, L50, M|100/100
|-ability|p2a: Incineroar|Intimidate|boost
|-unboost|p1a: Gholdengo|atk|1
|-unboost|p1b: Amoonguss|atk|1
|move|p2b: Pelipper|Protect|p2b: Pelipper
|-singleturn|p2b: Pelipper|Protect
|move|p1b: Amoonguss|Rage Powder|p1b: Amoonguss
|-singleturn|p1b: Amoonguss|move: Rage Powder
|move|p1a: Gholdengo|Nasty Plot|p1a: Gholdengo
|-boost|p1a: Gholdengo|spa|2
|
|-weather|RainDance|[upkeep]
|upkeep
|turn|4
|inactive|Slim Shady LPVGC has 30 seconds left.
|inactive|Slim Shady LPVGC has 20 seconds left.
|inactive|Slim Shady LPVGC has 15 seconds left.
|
|t:|1756762977
|move|p2a: Incineroar|Fake Out|p1b: Amoonguss
|-damage|p1b: Amoonguss|89/100
|move|p1a: Gholdengo|Make It Rain|p2b: Pelipper|[spread] p2a,p2b
|-resisted|p2a: Incineroar
|-resisted|p2b: Pelipper
|-damage|p2a: Incineroar|52/100
|-damage|p2b: Pelipper|3/100
|-unboost|p1a: Gholdengo|spa|1
|move|p2b: Pelipper|Tailwind|p2b: Pelipper
|-sidestart|p2: bimbo mafioso|move: Tailwind
|cant|p1b: Amoonguss|flinch
|
|-weather|RainDance|[upkeep]
|-sideend|p1: Slim Shady LPVGC|move: Tailwind
|upkeep
|turn|5
|inactive|Slim Shady LPVGC has 30 seconds left.
|inactive|Slim Shady LPVGC has 20 seconds left.
|inactive|Slim Shady LPVGC has 15 seconds left.
|
|t:|1756763021
|move|p1a: Gholdengo|Protect|p1a: Gholdengo
|-singleturn|p1a: Gholdengo|Protect
|move|p2b: Pelipper|Hurricane|p1b: Amoonguss
|-supereffective|p1b: Amoonguss
|-damage|p1b: Amoonguss|18/100
|move|p2a: Incineroar|Knock Off|p1b: Amoonguss
|-damage|p1b: Amoonguss|0 fnt
|-enditem|p1b: Amoonguss|Mental Herb|[from] move: Knock Off|[of] p2a: Incineroar
|faint|p1b: Amoonguss
|
|-weather|RainDance|[upkeep]
|upkeep
|turn|6
|
|t:|1756763034
|move|p2b: Pelipper|Weather Ball|p1a: Gholdengo
|-damage|p1a: Gholdengo|31/100
|move|p2a: Incineroar|Knock Off|p1a: Gholdengo
|-supereffective|p1a: Gholdengo
|-damage|p1a: Gholdengo|0 fnt
|-enditem|p1a: Gholdengo|Metal Coat|[from] move: Knock Off|[of] p2a: Incineroar
|faint|p1a: Gholdengo
|
|win|bimbo mafioso
||Slim Shady LPVGC is ready for game 2.
||bimbo mafioso is ready for game 2.
|uhtml|next|Next: Game 2 of 3
