|j|☆dont make me walk
|j|☆dreepy_volador1
|html|dont make me walkdreepy_volador1    
|uhtml|bestof|Game 3 of a best-of-3
|t:|1755030354
|gametype|doubles
|player|p1|dont make me walk|red-masters3|1290
|player|p2|dreepy_volador1|dawn|1283
|gen|9
|tier|[Gen 9] VGC 2025 Reg H (Bo3)
|rated|
|rule|Species Clause: Limit one of each Pokémon
|rule|Item Clause: Limit 1 of each item
|clearpoke
|poke|p1|Murkrow, L50, M|
|poke|p1|Indeedee-F, L50, F|
|poke|p1|Ursaluna-Bloodmoon, L50, M|
|poke|p1|Armarouge, L50, F|
|poke|p1|Gholdengo, L50|
|poke|p1|Annihilape, L50, M|
|poke|p2|Rillaboom, L50, F|
|poke|p2|Kingambit, L50, M|
|poke|p2|Sneasler, L50, M|
|poke|p2|Dragonite, L50, M|
|poke|p2|Gastrodon, L50, M|
|poke|p2|Ceruledge, L50, M|
|teampreview|4
|showteam|p1|Murkrow||Eviolite|Prankster|Tailwind,FoulPlay,Haze,SunnyDay|||M|||50|,,,,,Ghost]Indeedee-F||RockyHelmet|PsychicSurge|FollowMe,TrickRoom,HelpingHand,Psychic|||F|||50|,,,,,Fairy]Ursaluna-Bloodmoon||LifeOrb|MindsEye|Protect,EarthPower,HyperVoice,BloodMoon|||M|||50|,,,,,Normal]Armarouge||PowerHerb|FlashFire|TrickRoom,MeteorBeam,HeatWave,ExpandingForce|||F|||50|,,,,,Grass]Gholdengo||ChoiceSpecs|GoodasGold|MakeItRain,ShadowBall,Thunderbolt,Trick||||||50|,,,,,Steel]Annihilape||SafetyGoggles|Defiant|Protect,BulkUp,RageFist,DrainPunch|||M|||50|,,,,,Fire
|showteam|p2|Rillaboom||MiracleSeed|GrassySurge|WoodHammer,GrassyGlide,FakeOut,HighHorsepower|||F|||50|,,,,,Fire]Kingambit||AssaultVest|Defiant|KowtowCleave,SuckerPunch,TeraBlast,IronHead|||M|||50|,,,,,Flying]Sneasler||FocusSash|Unburden|DireClaw,CloseCombat,Coaching,FakeOut|||M|||50|,,,,,Ghost]Dragonite||LoadedDice|Multiscale|ExtremeSpeed,ScaleShot,LowKick,Protect|||M|||50|,,,,,Fairy]Gastrodon||SitrusBerry|StormDrain|EarthPower,IceBeam,ClearSmog,Protect|||M|||50|,,,,,Poison]Ceruledge||Leftovers|FlashFire|BitterBlade,ShadowSneak,BulkUp,Protect|||M|||50|,,,,,Grass
|inactive|Battle timer is ON: inactive players will automatically lose when time's up. (requested by dont make me walk)
|inactive|dreepy_volador1 has 60 seconds left.
|
|t:|1755030393
|teamsize|p1|4
|teamsize|p2|4
|start
|switch|p1a: Murkrow|Murkrow, L50, M, shiny|100/100
|switch|p1b: Ursaluna|Ursaluna-Bloodmoon, L50, M|100/100
|switch|p2a: Sneasler|Sneasler, L50, M|100/100
|switch|p2b: Kingambit|Kingambit, L50, M, shiny|100/100
|turn|1
|inactive|dreepy_volador1 has 30 seconds left.
|
|t:|1755030424
|move|p1b: Ursaluna|Protect|p1b: Ursaluna
|-singleturn|p1b: Ursaluna|Protect
|move|p2a: Sneasler|Fake Out|p1a: Murkrow
|-damage|p1a: Murkrow|86/100
|cant|p1a: Murkrow|flinch
|move|p2b: Kingambit|Iron Head|p1a: Murkrow
|-damage|p1a: Murkrow|37/100
|
|upkeep
|turn|2
|inactive|dont make me walk has 30 seconds left.
|
|t:|1755030453
|move|p2a: Sneasler|Close Combat|p1b: Ursaluna
|-supereffective|p1b: Ursaluna
|-damage|p1b: Ursaluna|0 fnt
|-unboost|p2a: Sneasler|def|1
|-unboost|p2a: Sneasler|spd|1
|faint|p1b: Ursaluna
|move|p1a: Murkrow|Foul Play|p2a: Sneasler
|-resisted|p2a: Sneasler
|-damage|p2a: Sneasler|25/100
|move|p2b: Kingambit|Kowtow Cleave|p1a: Murkrow
|-resisted|p1a: Murkrow
|-damage|p1a: Murkrow|12/100
|
|upkeep
|
|t:|1755030457
|switch|p1b: Gholdengo|Gholdengo, L50|100/100
|turn|3
|inactive|dreepy_volador1 has 30 seconds left.
|
|t:|1755030484
|switch|p2a: Ceruledge|Ceruledge, L50, M|100/100
|-terastallize|p1b: Gholdengo|Steel
|move|p1a: Murkrow|Tailwind|p1a: Murkrow
|-sidestart|p1: dont make me walk|move: Tailwind
|move|p1b: Gholdengo|Make It Rain|p2a: Ceruledge|[spread] p2a,p2b
|-resisted|p2a: Ceruledge
|-resisted|p2b: Kingambit
|-damage|p2a: Ceruledge|52/100
|-damage|p2b: Kingambit|68/100
|-unboost|p1b: Gholdengo|spa|1
|move|p2b: Kingambit|Iron Head|p1a: Murkrow
|-damage|p1a: Murkrow|0 fnt
|faint|p1a: Murkrow
|
|-heal|p2a: Ceruledge|58/100|[from] item: Leftovers
|upkeep
|-message|dont make me walk forfeited.
|
|win|dreepy_volador1
|raw|dont make me walk's rating: 1290 → 1264(-26 for losing)
|raw|dreepy_volador1's rating: 1283 → 1309(+26 for winning)
