|j|☆KodeBeast0526
|j|☆PokeMasterSteven5
|html|KodeBeast0526PokeMasterSteven5    
|uhtml|bestof|Game 3 of a best-of-3
|t:|1784470104
|gametype|doubles
|player|p1|KodeBeast0526|hiker|1227
|player|p2|PokeMasterSteven5|riley|1248
|gen|9
|tier|[Gen 9 Champions] VGC 2026 Reg M-B (Bo3)
|rated|
|rule|Species Clause: Limit one of each Pokémon
|rule|Item Clause: Limit 1 of each item
|clearpoke
|poke|p1|Aerodactyl, L50, M|
|poke|p1|Kingambit, L50, M|
|poke|p1|Sylveon, L50, M|
|poke|p1|Garchomp, L50, M|
|poke|p1|Charizard, L50, M|
|poke|p1|Farigiraf, L50, F, shiny|
|poke|p2|Sneasler, L50, F|
|poke|p2|Meowscarada, L50, M, shiny|
|poke|p2|Delphox, L50, F, shiny|
|poke|p2|Farigiraf, L50, M, shiny|
|poke|p2|Dragonite, L50, M|
|poke|p2|Kingambit, L50, M, shiny|
|teampreview|4
|showteam|p1|Aerodactyl||Aerodactylite|Unnerve|RockSlide,IceFang,Tailwind,WideGuard|Jolly||M|||50|]Kingambit||FocusSash|Defiant|KowtowCleave,SuckerPunch,IronHead,LowKick|Adamant||M|||50|]Sylveon||FairyFeather|Pixilate|Detect,HyperVoice,HyperBeam,QuickAttack|Modest||M|||50|]Garchomp||LifeOrb|RoughSkin|Earthquake,DragonClaw,StompingTantrum,Protect|Jolly||M|||50|]Charizard||CharizarditeY|Blaze|Protect,HeatWave,SolarBeam,WeatherBall|Modest||M|||50|]Farigiraf||SitrusBerry|ArmorTail|Thunderbolt,PsychicNoise,TrickRoom,HelpingHand|Bold||F|||50|
|showteam|p2|Sneasler||WhiteHerb|Unburden|FakeOut,CloseCombat,DireClaw,Protect|Adamant||F|||50|]Meowscarada||ChoiceScarf|Protean|FlowerTrick,KnockOff,TripleAxel,LowKick|Adamant||M|||50|]Delphox||Delphoxite|Blaze|HeatWave,Psychic,Encore,Protect|Timid||F|||50|]Farigiraf||SitrusBerry|ArmorTail|Psychic,HelpingHand,Roar,AllySwitch|Bold||M|||50|]Dragonite||Dragoninite|Multiscale|DracoMeteor,Thunder,Protect,Tailwind|Modest||M|||50|]Kingambit||FocusSash|Defiant|KowtowCleave,SuckerPunch,IronHead,Protect|Adamant||M|||50|
|inactive|Battle timer is ON: inactive players will automatically lose when time's up. (requested by PokeMasterSteven5)
|inactive|KodeBeast0526 has 60 seconds left.
|
|t:|1784470142
|teamsize|p1|4
|teamsize|p2|4
|start
|switch|p1a: Farigiraf|Farigiraf, L50, F, shiny|100/100
|switch|p1b: Charizard|Charizard, L50, M|100/100
|switch|p2a: Farigiraf|Farigiraf, L50, M, shiny|100/100
|switch|p2b: Meowscarada|Meowscarada, L50, M, shiny|100/100
|turn|1
|inactive|KodeBeast0526 has 30 seconds left.
|
|t:|1784470167
|move|p1b: Charizard|Protect|p1b: Charizard
|-singleturn|p1b: Charizard|Protect
|move|p2b: Meowscarada|Triple Axel|p1b: Charizard
|-start|p2b: Meowscarada|typechange|Ice|[from] ability: Protean
|-activate|p1b: Charizard|move: Protect
|move|p2a: Farigiraf|Psychic|p1b: Charizard
|-activate|p1b: Charizard|move: Protect
|move|p1a: Farigiraf|Trick Room|p1a: Farigiraf
|-fieldstart|move: Trick Room|[of] p1a: Farigiraf
|
|upkeep
|turn|2
|
|t:|1784470181
|switch|p2b: Delphox|Delphox, L50, F, shiny|100/100
|detailschange|p1b: Charizard|Charizard-Mega-Y, L50, M
|-mega|p1b: Charizard|Charizard|Charizardite Y
|-weather|SunnyDay|[from] ability: Drought|[of] p1b: Charizard
|move|p1a: Farigiraf|Helping Hand|p1b: Charizard
|-singleturn|p1b: Charizard|Helping Hand|[of] p1a: Farigiraf
|move|p1b: Charizard|Heat Wave|p2b: Delphox|[spread] p2a,p2b
|-resisted|p2b: Delphox|1
|-damage|p2a: Farigiraf|11/100
|-damage|p2b: Delphox|40/100
|-status|p2a: Farigiraf|brn
|-enditem|p2a: Farigiraf|Sitrus Berry|[eat]
|-heal|p2a: Farigiraf|36/100 brn|[from] item: Sitrus Berry
|move|p2a: Farigiraf|Roar|p1b: Charizard
|drag|p1b: Sylveon|Sylveon, L50, M|100/100
|
|-weather|SunnyDay|[upkeep]
|-damage|p2a: Farigiraf|30/100 brn|[from] brn
|upkeep
|turn|3
|
|t:|1784470198
|detailschange|p2b: Delphox|Delphox-Mega, L50, F, shiny
|-mega|p2b: Delphox|Delphox|Delphoxite
|move|p2a: Farigiraf|Helping Hand|p2b: Delphox
|-singleturn|p2b: Delphox|Helping Hand|[of] p2a: Farigiraf
|move|p1a: Farigiraf|Helping Hand|p1b: Sylveon
|-singleturn|p1b: Sylveon|Helping Hand|[of] p1a: Farigiraf
|move|p1b: Sylveon|Hyper Voice|p2a: Farigiraf|[spread] p2a,p2b
|-crit|p2a: Farigiraf
|-resisted|p2b: Delphox|1
|-damage|p2a: Farigiraf|0 fnt
|-damage|p2b: Delphox|9/100
|faint|p2a: Farigiraf
|move|p2b: Delphox|Heat Wave|p1b: Sylveon|[spread] p1a,p1b
|-damage|p1a: Farigiraf|6/100
|-damage|p1b: Sylveon|32/100
|-enditem|p1a: Farigiraf|Sitrus Berry|[eat]
|-heal|p1a: Farigiraf|31/100|[from] item: Sitrus Berry
|
|-weather|SunnyDay|[upkeep]
|upkeep
|
|t:|1784470212
|switch|p2a: Sneasler|Sneasler, L50, F|100/100
|turn|4
|
|t:|1784470227
|move|p2b: Delphox|Protect|p2b: Delphox
|-singleturn|p2b: Delphox|Protect
|move|p1a: Farigiraf|Psychic Noise|p2a: Sneasler
|-supereffective|p2a: Sneasler|2
|-damage|p2a: Sneasler|0 fnt
|faint|p2a: Sneasler
|move|p1b: Sylveon|Hyper Voice|p2b: Delphox
|-activate|p2b: Delphox|move: Protect
|
|-weather|SunnyDay|[upkeep]
|upkeep
|-message|PokeMasterSteven5 forfeited.
|
|win|KodeBeast0526
|raw|KodeBeast0526's rating: 1227 → 1254(+27 for winning)
|raw|PokeMasterSteven5's rating: 1248 → 1221(-27 for losing)
|l|☆PokeMasterSteven5
|player|p2|
