|j|☆boncuss
|j|☆MessiahHezekiah
|html|boncussMessiahHezekiah    
|uhtml|bestof|Game 2 of a best-of-3
|t:|1757825843
|gametype|doubles
|player|p1|boncuss|wattson|1160
|player|p2|MessiahHezekiah|cynthia|1208
|gen|9
|tier|[Gen 9] VGC 2025 Reg H (Bo3)
|rated|
|rule|Species Clause: Limit one of each Pokémon
|rule|Item Clause: Limit 1 of each item
|clearpoke
|poke|p1|Garganacl, L50, F|
|poke|p1|Tyranitar, L50, F|
|poke|p1|Glimmora, L50, F|
|poke|p1|Talonflame, L50, M|
|poke|p1|Excadrill, L50, M|
|poke|p1|Gastrodon, L50, F|
|poke|p2|Indeedee, L50, M|
|poke|p2|Sneasler, L50, F|
|poke|p2|Pelipper, L50, M|
|poke|p2|Archaludon, L50, M|
|poke|p2|Rillaboom, L50, M|
|poke|p2|Basculegion, L50, M|
|teampreview|4
|showteam|p1|Garganacl||Leftovers|PurifyingSalt|SaltCure,Avalanche,WideGuard,Protect|||F|||50|,,,,,Grass]Tyranitar||AssaultVest|SandStream|RockSlide,KnockOff,LashOut,IcePunch|||F|||50|,,,,,Flying]Glimmora||PowerHerb|ToxicDebris|MeteorBeam,SpikyShield,SludgeBomb,EarthPower|||F|||50|,,,,,Grass]Talonflame||CovertCloak|GaleWings|DualWingbeat,FlareBlitz,Tailwind,WillOWisp|||M|||50|,,,,,Flying]Excadrill||SitrusBerry|SandRush|IronHead,Earthquake,SwordsDance,Protect|||M|||50|,,,,,Ghost]Gastrodon||LifeOrb|StormDrain|EarthPower,MuddyWater,IceBeam,Protect|||F|||50|,,,,,Fire
|showteam|p2|Indeedee||ChoiceScarf|PsychicSurge|TeraBlast,ExpandingForce,Trick,Protect|||M|||50|,,,,,Psychic]Sneasler||PsychicSeed|Unburden|DireClaw,CloseCombat,ThroatChop,Protect|||F|||50|,,,,,Dark]Pelipper||FocusSash|Drizzle|Hurricane,WeatherBall,Tailwind,Protect|||M|||50|,,,,,Ghost]Archaludon||AssaultVest|Stamina|DragonPulse,FlashCannon,BodyPress,ElectroShot|||M|||50|,,,,,Bug]Rillaboom||LoadedDice|GrassySurge|BulletSeed,GrassyGlide,HighHorsepower,FakeOut|||M|||50|,,,,,Fire]Basculegion||ChoiceBand|SwiftSwim|WaveCrash,LastRespects,AquaJet,FlipTurn|||M|||50|,,,,,Water
|inactive|Battle timer is ON: inactive players will automatically lose when time's up. (requested by boncuss)
|inactive|MessiahHezekiah has 60 seconds left.
|inactive|MessiahHezekiah has 30 seconds left.
|
|t:|1757825904
|teamsize|p1|4
|teamsize|p2|4
|start
|switch|p1a: Talonflame|Talonflame, L50, M|100/100
|switch|p1b: Glimmora|Glimmora, L50, F|100/100
|switch|p2a: Basculegion|Basculegion, L50, M|100/100
|switch|p2b: Archaludon|Archaludon, L50, M|100/100
|turn|1
|inactive|boncuss has 30 seconds left.
|inactive|MessiahHezekiah has 30 seconds left.
|inactive|boncuss has 20 seconds left.
|inactive|MessiahHezekiah has 20 seconds left.
|inactive|boncuss has 15 seconds left.
|inactive|MessiahHezekiah has 15 seconds left.
|inactive|MessiahHezekiah has 10 seconds left.
|
|t:|1757825951
|-terastallize|p1b: Glimmora|Grass
|-terastallize|p2b: Archaludon|Bug
|move|p1a: Talonflame|Will-O-Wisp|p2a: Basculegion
|-status|p2a: Basculegion|brn
|move|p1b: Glimmora|Meteor Beam||[still]
|-prepare|p1b: Glimmora|Meteor Beam
|-boost|p1b: Glimmora|spa|1
|-enditem|p1b: Glimmora|Power Herb
|-anim|p1b: Glimmora|Meteor Beam|p2b: Archaludon
|-supereffective|p2b: Archaludon
|-damage|p2b: Archaludon|0 fnt
|faint|p2b: Archaludon
|move|p2a: Basculegion|Flip Turn|p1b: Glimmora
|-resisted|p1b: Glimmora
|-damage|p1b: Glimmora|87/100
|-activate|p1b: Glimmora|ability: Toxic Debris
|-sidestart|p2: MessiahHezekiah|move: Toxic Spikes
|-message|MessiahHezekiah forfeited.
|
|win|boncuss
|raw|boncuss's rating: 1160 → 1188(+28 for winning)
|raw|MessiahHezekiah's rating: 1208 → 1180(-28 for losing)
|l|☆MessiahHezekiah
|player|p2|
|l|☆boncuss
|player|p1|
