|j|☆DrChunkalicious
|j|☆Sky_Yagami95
|html|DrChunkaliciousSky_Yagami95    
|uhtml|bestof|Game 1 of a best-of-3
|t:|1784035275
|gametype|doubles
|player|p1|DrChunkalicious|scientist-gen4|
|player|p2|Sky_Yagami95|riley|
|gen|9
|tier|[Gen 9 Champions] VGC 2026 Reg M-B (Bo3)
|rule|Species Clause: Limit one of each Pokémon
|rule|Item Clause: Limit 1 of each item
|clearpoke
|poke|p1|Raichu, L50, M, shiny|
|poke|p1|Sinistcha-Masterpiece, L50, shiny|
|poke|p1|Sneasler, L50, F, shiny|
|poke|p1|Primarina, L50, M, shiny|
|poke|p1|Gengar, L50, F, shiny|
|poke|p1|Ditto, L50, shiny|
|poke|p2|Lycanroc, L50, M|
|poke|p2|Lucario, L50, M|
|poke|p2|Goodra, L50, M|
|poke|p2|Samurott-Hisui, L50, M|
|poke|p2|Altaria, L50, F|
|poke|p2|Umbreon, L50, M|
|teampreview|4
|showteam|p1|Raichu||RaichuniteY|LightningRod|ZapCannon,FocusBlast,Surf,NastyPlot|Timid||M|||50|]Sinistcha-Masterpiece||Leftovers|Hospitality|RagePowder,MatchaGotcha,Hex,LifeDew|Bold|||||50|]Sneasler||WhiteHerb|Unburden|Acrobatics,CloseCombat,DireClaw,FakeOut|Adamant||F|||50|]Primarina||ShedShell|LiquidVoice|PerishSong,HyperVoice,Moonblast,IceBeam|Modest||M|||50|]Gengar||Gengarite|CursedBody|DestinyBond,DarkPulse,SludgeWave,ShadowBall|Timid||F|||50|]Ditto||ChoiceScarf|Imposter|Transform|Bold|||||50|
|showteam|p2|Lycanroc||FocusSash|KeenEye|PlayRough,DrillRun,Endeavor,SuckerPunch|Jolly||M|||50|]Lucario||Lucarionite|InnerFocus|CloseCombat,MeteorMash,BulletPunch,BrickBreak|Jolly||M|||50|]Goodra||DampRock|Hydration|RainDance,DracoMeteor,Toxic,Rest|Calm||M|||50|]Samurott-Hisui||MentalHerb|Sharpness|AquaCutter,AirSlash,NightSlash,SacredSword|Naive||M|||50|]Altaria||Altarianite|CloudNine|DracoMeteor,BraveBird,Facade,AlluringVoice|Rash||F|||50|]Umbreon||LumBerry|Synchronize|Toxic,Substitute,Moonlight,DarkPulse|Calm||M|||50|
|c|☆DrChunkalicious|glhf
|
|t:|1784035299
|teamsize|p1|4
|teamsize|p2|4
|start
|switch|p1a: #bestshiny|Gengar, L50, F, shiny|100/100
|switch|p1b: Pavarotti|Primarina, L50, M, shiny|100/100
|switch|p2a: Altaria|Altaria, L50, F|100/100
|switch|p2b: Lycanroc|Lycanroc, L50, M|100/100
|-ability|p2a: Altaria|Cloud Nine
|turn|1
|
|t:|1784035460
|detailschange|p1a: #bestshiny|Gengar-Mega, L50, F, shiny
|-mega|p1a: #bestshiny|Gengar|Gengarite
|detailschange|p2a: Altaria|Altaria-Mega, L50, F
|-mega|p2a: Altaria|Altaria|Altarianite
|move|p2b: Lycanroc|Sucker Punch||[still]
|-fail|p2b: Lycanroc
|move|p1a: #bestshiny|Destiny Bond|p1a: #bestshiny
|-singlemove|p1a: #bestshiny|Destiny Bond
|move|p2a: Altaria|Draco Meteor|p1a: #bestshiny
|-damage|p1a: #bestshiny|12/100
|-unboost|p2a: Altaria|spa|2
|move|p1b: Pavarotti|Ice Beam|p2a: Altaria
|-supereffective|p2a: Altaria|1
|-damage|p2a: Altaria|23/100
|
|upkeep
|turn|2
|
|t:|1784035495
|move|p2b: Lycanroc|Sucker Punch|p1a: #bestshiny
|-supereffective|p1a: #bestshiny|1
|-damage|p1a: #bestshiny|0 fnt
|faint|p1a: #bestshiny
|-activate|p1a: #bestshiny|move: Destiny Bond
|faint|p2b: Lycanroc
|move|p2a: Altaria|Brave Bird|p1b: Pavarotti
|-damage|p1b: Pavarotti|57/100
|-damage|p2a: Altaria|7/100|[from] Recoil
|move|p1b: Pavarotti|Moonblast|p2a: Altaria
|-supereffective|p2a: Altaria|1
|-damage|p2a: Altaria|0 fnt
|faint|p2a: Altaria
|
|upkeep
|c|☆DrChunkalicious|ehehehe
|
|t:|1784035512
|switch|p1a: Salon|Sneasler, L50, F, shiny|100/100
|switch|p2b: Goodra|Goodra, L50, M|100/100
|switch|p2a: Umbreon|Umbreon, L50, M|100/100
|turn|3
|
|t:|1784035525
|move|p1a: Salon|Close Combat|p2a: Umbreon
|-supereffective|p2a: Umbreon|1
|-damage|p2a: Umbreon|0 fnt
|-unboost|p1a: Salon|def|1
|-unboost|p1a: Salon|spd|1
|faint|p2a: Umbreon
|-enditem|p1a: Salon|White Herb
|-clearnegativeboost|p1a: Salon|[silent]
|move|p2b: Goodra|Rain Dance|p2b: Goodra
|-weather|RainDance
|move|p1b: Pavarotti|Moonblast|p2b: Goodra
|-supereffective|p2b: Goodra|1
|-damage|p2b: Goodra|45/100
|
|-weather|RainDance|[upkeep]
|upkeep
|turn|4
|
|t:|1784035542
|move|p1a: Salon|Dire Claw|p2b: Goodra
|-damage|p2b: Goodra|0 fnt
|faint|p2b: Goodra
|
|win|DrChunkalicious
|c|☆DrChunkalicious|gg
||DrChunkalicious is ready for game 2.
|inactive|Sky_Yagami95 has 30 seconds to confirm battle start!
||Sky_Yagami95 is ready for game 2.
|uhtml|next|Next: Game 2 of 3
