|j|☆Magicalarcher57
|j|☆jidnxisncson
|html|Magicalarcher57jidnxisncson    
|uhtml|bestof|Game 2 of a best-of-3
|t:|1782472198
|gametype|doubles
|player|p1|Magicalarcher57|diantha|1091
|player|p2|jidnxisncson|cynthia|1000
|gen|9
|tier|[Gen 9 Champions] VGC 2026 Reg M-B (Bo3)
|rated|
|rule|Species Clause: Limit one of each Pokémon
|rule|Item Clause: Limit 1 of each item
|clearpoke
|poke|p1|Raichu, L50, F, shiny|
|poke|p1|Garchomp, L50, M, shiny|
|poke|p1|Whimsicott, L50, F, shiny|
|poke|p1|Kingambit, L50, F, shiny|
|poke|p1|Basculegion, L50, M, shiny|
|poke|p1|Charizard, L50, F, shiny|
|poke|p2|Charizard, L50, F, shiny|
|poke|p2|Whimsicott, L50, F, shiny|
|poke|p2|Garchomp, L50, M, shiny|
|poke|p2|Rotom-Wash, L50, shiny|
|poke|p2|Sneasler, L50, M, shiny|
|poke|p2|Incineroar, L50, F, shiny|
|teampreview|4
|showteam|p1|Raichu||RaichuniteY|LightningRod|FakeOut,FocusBlast,ZapCannon,Protect|Timid||F|||50|]Garchomp||LifeOrb|RoughSkin|DragonClaw,Earthquake,StompingTantrum,Protect|Jolly||M|||50|]Whimsicott||FocusSash|Prankster|Moonblast,Tailwind,SunnyDay,Encore|Timid||F|||50|]Kingambit||BlackGlasses|Defiant|SuckerPunch,KowtowCleave,IronHead,Protect|Adamant||F|||50|]Basculegion||ChoiceScarf|Adaptability|LastRespects,WaveCrash,FlipTurn,AquaJet|Jolly||M|||50|]Charizard||CharizarditeY|Blaze|WeatherBall,SolarBeam,HeatWave,Protect|Modest||F|||50|
|showteam|p2|Charizard||CharizarditeY|Blaze|HeatWave,Protect,SolarBeam,WeatherBall|Modest||F|||50|]Whimsicott||FocusSash|Prankster|Tailwind,Encore,Moonblast,SunnyDay|Timid||F|||50|]Garchomp||ChoiceScarf|RoughSkin|Earthquake,Bulldoze,DragonClaw,RockSlide|Adamant||M|||50|]Rotom-Wash||Leftovers|Levitate|Protect,HydroPump,Thunderbolt,VoltSwitch|Modest|||||50|]Sneasler||WhiteHerb|Unburden|DireClaw,CloseCombat,FakeOut,Protect|Jolly||M|||50|]Incineroar||SitrusBerry|Intimidate|FakeOut,FlareBlitz,PartingShot,Snarl|Impish||F|||50|
|inactive|Battle timer is ON: inactive players will automatically lose when time's up. (requested by Magicalarcher57)
|inactive|jidnxisncson has 60 seconds left.
|inactive|jidnxisncson has 30 seconds left.
|inactive|jidnxisncson has 20 seconds left.
|inactive|jidnxisncson has 15 seconds left.
|inactive|jidnxisncson has 10 seconds left.
|inactive|jidnxisncson has 5 seconds left.
|
|t:|1782472289
|teamsize|p1|4
|teamsize|p2|4
|start
|switch|p1a: Circe|Whimsicott, L50, F, shiny|100/100
|switch|p1b: Basculegion|Basculegion, L50, M, shiny|100/100
|switch|p2a: Charizard|Charizard, L50, F, shiny|100/100
|switch|p2b: Whimsicott|Whimsicott, L50, F, shiny|100/100
|turn|1
|inactive|jidnxisncson has 30 seconds left.
|inactive|jidnxisncson has 20 seconds left.
|inactive|jidnxisncson has 15 seconds left.
|inactive|jidnxisncson has 10 seconds left.
|inactive|jidnxisncson has 5 seconds left.
|
|t:|1782472344
|move|p2b: Whimsicott|Tailwind|p2b: Whimsicott
|-sidestart|p2: jidnxisncson|move: Tailwind
|move|p1a: Circe|Tailwind|p1a: Circe
|-sidestart|p1: Magicalarcher57|move: Tailwind
|move|p1b: Basculegion|Flip Turn|p2a: Charizard
|-supereffective|p2a: Charizard|1
|-damage|p2a: Charizard|20/100r
|
|t:|1782472352
|switch|p1b: Odysseus|Kingambit, L50, F, shiny|100/100|[from] Flip Turn
|move|p2a: Charizard|Heat Wave|p1a: Circe|[spread] p1a,p1b
|-supereffective|p1a: Circe|1
|-supereffective|p1b: Odysseus|1
|-enditem|p1a: Circe|Focus Sash
|-damage|p1a: Circe|1/100
|-damage|p1b: Odysseus|10/100
|
|upkeep
|turn|2
|inactive|jidnxisncson has 30 seconds left.
|inactive|jidnxisncson has 20 seconds left.
|inactive|jidnxisncson has 15 seconds left.
|inactive|jidnxisncson has 10 seconds left.
|inactive|jidnxisncson has 5 seconds left.
|
|t:|1782472407
|switch|p1a: Hermes|Raichu, L50, F, shiny|100/100
|move|p2b: Whimsicott|Tailwind||[still]
|-fail|p2b: Whimsicott
|move|p1b: Odysseus|Sucker Punch|p2a: Charizard
|-damage|p2a: Charizard|0 fnt
|faint|p2a: Charizard
|
|upkeep
|inactive|jidnxisncson has 30 seconds left.
|inactive|jidnxisncson has 20 seconds left.
|inactive|jidnxisncson has 15 seconds left.
|inactive|jidnxisncson has 10 seconds left.
|inactive|jidnxisncson has 5 seconds left.
|
|t:|1782472463
|switch|p2a: Garchomp|Garchomp, L50, M, shiny|100/100
|turn|3
|inactive|jidnxisncson has 30 seconds left.
|inactive|jidnxisncson has 20 seconds left.
|inactive|jidnxisncson has 15 seconds left.
|inactive|jidnxisncson has 10 seconds left.
|inactive|jidnxisncson has 5 seconds left.
|
|t:|1782472518
|detailschange|p1a: Hermes|Raichu-Mega-Y, L50, F, shiny
|-mega|p1a: Hermes|Raichu|Raichunite Y
|move|p1a: Hermes|Fake Out|p2a: Garchomp
|-damage|p2a: Garchomp|91/100
|-damage|p1a: Hermes|87/100|[from] ability: Rough Skin|[of] p2a: Garchomp
|move|p2b: Whimsicott|Tailwind||[still]
|-fail|p2b: Whimsicott
|move|p1b: Odysseus|Sucker Punch|p2a: Garchomp
|-damage|p2a: Garchomp|42/100
|-damage|p1b: Odysseus|0 fnt|[from] ability: Rough Skin|[of] p2a: Garchomp
|faint|p1b: Odysseus
|cant|p2a: Garchomp|flinch
|
|upkeep
|
|t:|1782472529
|switch|p1b: Basculegion|Basculegion, L50, M, shiny|100/100
|turn|4
|inactive|jidnxisncson has 30 seconds left.
|inactive|jidnxisncson has 20 seconds left.
|inactive|jidnxisncson has 15 seconds left.
|inactive|jidnxisncson has 10 seconds left.
|inactive|jidnxisncson has 5 seconds left.
|
|t:|1782472584
|switch|p1a: Circe|Whimsicott, L50, F, shiny|1/100
|move|p2b: Whimsicott|Tailwind||[still]
|-fail|p2b: Whimsicott
|move|p2a: Garchomp|Earthquake|p1a: Circe|[spread] p2b,p1a,p1b
|-resisted|p2b: Whimsicott|1
|-resisted|p1a: Circe|1
|-crit|p1a: Circe
|-damage|p2b: Whimsicott|67/100
|-damage|p1a: Circe|0 fnt
|-damage|p1b: Basculegion|41/100
|faint|p1a: Circe
|move|p1b: Basculegion|Last Respects|p2a: Garchomp
|-damage|p2a: Garchomp|0 fnt
|faint|p2a: Garchomp
|
|-sideend|p1: Magicalarcher57|move: Tailwind
|-sideend|p2: jidnxisncson|move: Tailwind
|upkeep
|inactive|jidnxisncson has 30 seconds left.
|inactive|jidnxisncson has 20 seconds left.
|inactive|jidnxisncson has 15 seconds left.
|inactive|jidnxisncson has 10 seconds left.
|inactive|jidnxisncson has 5 seconds left.
|
|t:|1782472639
|switch|p1a: Hermes|Raichu-Mega-Y, L50, F, shiny|87/100
|switch|p2a: Rotom|Rotom-Wash, L50, shiny|100/100
|turn|5
|inactive|jidnxisncson has 30 seconds left.
|inactive|jidnxisncson has 20 seconds left.
|inactive|jidnxisncson has 15 seconds left.
|inactive|jidnxisncson has 10 seconds left.
|inactive|jidnxisncson has 5 seconds left.
|
|t:|1782472695
|move|p2a: Rotom|Protect|p2a: Rotom
|-singleturn|p2a: Rotom|Protect
|move|p1a: Hermes|Fake Out|p2a: Rotom
|-activate|p2a: Rotom|move: Protect
|move|p2b: Whimsicott|Tailwind|p2b: Whimsicott
|-sidestart|p2: jidnxisncson|move: Tailwind
|move|p1b: Basculegion|Last Respects|p2a: Rotom
|-activate|p2a: Rotom|move: Protect
|
|upkeep
|turn|6
|inactive|jidnxisncson has 30 seconds left.
|inactive|jidnxisncson has 20 seconds left.
|inactive|jidnxisncson has 15 seconds left.
|inactive|Magicalarcher57 has 30 seconds left.
|inactive|jidnxisncson has 10 seconds left.
|inactive|jidnxisncson has 5 seconds left.
|-message|jidnxisncson lost due to inactivity.
|
|win|Magicalarcher57
|raw|Magicalarcher57's rating: 1091 → 1116(+25 for winning)
|raw|jidnxisncson's rating: 1074 → 1054(-20 for losing)
