|j|☆espinetexddddd
|j|☆jomivgc
|html|espinetexdddddjomivgc    
|uhtml|bestof|Game 1 of a best-of-3
|t:|1784829068
|gametype|doubles
|player|p1|espinetexddddd|266|1199
|player|p2|jomivgc|falkner-gen2|1295
|gen|9
|tier|[Gen 9 Champions] VGC 2026 Reg M-B (Bo3)
|rated|
|rule|Species Clause: Limit one of each Pokémon
|rule|Item Clause: Limit 1 of each item
|clearpoke
|poke|p1|Froslass, L50, F|
|poke|p1|Talonflame, L50, F|
|poke|p1|Garchomp, L50, F|
|poke|p1|Tsareena, L50, F|
|poke|p1|Glimmora, L50, M|
|poke|p1|Incineroar, L50, F|
|poke|p2|Staraptor, L50, F|
|poke|p2|Vanilluxe, L50, M|
|poke|p2|Farigiraf, L50, M|
|poke|p2|Blastoise, L50, F|
|poke|p2|Kingambit, L50, F|
|poke|p2|Camerupt, L50, F|
|teampreview|4
|showteam|p1|Froslass||Froslassite|SnowCloak|AuroraVeil,Blizzard,ShadowBall,Protect|Timid||F|||50|]Talonflame||SharpBeak|GaleWings|Tailwind,Taunt,DualWingbeat,Uturn|Jolly||F|||50|]Garchomp||LifeOrb|RoughSkin|DragonClaw,StompingTantrum,RockSlide,Protect|Jolly||F|||50|]Tsareena||OccaBerry|QueenlyMajesty|TripleAxel,TropKick,Protect,HighJumpKick|Adamant||F|||50|]Glimmora||Glimmoranite|ToxicDebris|SludgeBomb,SpikyShield,PowerGem,EarthPower|Timid||M|||50|]Incineroar||SitrusBerry|Intimidate|FakeOut,FlareBlitz,DarkestLariat,PartingShot|Careful||F|||50|
|showteam|p2|Staraptor||ChoiceScarf|Intimidate|FinalGambit,BraveBird,CloseCombat,Uturn|Jolly||F|||50|]Vanilluxe||NeverMeltIce|SnowWarning|Blizzard,FreezeDry,Protect,IceShard|Quiet||M|||50|]Farigiraf||SitrusBerry|ArmorTail|PsychicFangs,HyperVoice,HelpingHand,TrickRoom|Relaxed||M|||50|]Blastoise||Blastoisinite|RainDish|FakeOut,WaterSpout,AuraSphere,DarkPulse|Quiet||F|||50|]Kingambit||LifeOrb|Defiant|KowtowCleave,IronHead,Protect,SuckerPunch|Brave||F|||50|]Camerupt||Cameruptite|SolidRock|HeatWave,EarthPower,Protect,AncientPower|Quiet||F|||50|
|inactive|Battle timer is ON: inactive players will automatically lose when time's up. (requested by jomivgc)
|inactive|espinetexddddd has 60 seconds left.
|inactive|jomivgc has 60 seconds left.
|inactive|espinetexddddd has 30 seconds left.
|inactive|espinetexddddd has 20 seconds left.
|
|t:|1784829138
|teamsize|p1|4
|teamsize|p2|4
|start
|switch|p1a: Talonflame|Talonflame, L50, F|100/100
|switch|p1b: Tsareena|Tsareena, L50, F|100/100
|switch|p2a: Staraptor|Staraptor, L50, F|100/100
|switch|p2b: Farigiraf|Farigiraf, L50, M|100/100
|-ability|p2a: Staraptor|Intimidate|boost
|-unboost|p1a: Talonflame|atk|1
|-unboost|p1b: Tsareena|atk|1
|turn|1
|inactive|jomivgc has 30 seconds left.
|inactive|jomivgc has 20 seconds left.
|inactive|espinetexddddd has 30 seconds left.
|inactive|jomivgc has 15 seconds left.
|inactive|espinetexddddd has 20 seconds left.
|
|t:|1784829192
|switch|p1b: Garchomp|Garchomp, L50, F|100/100
|switch|p2b: Camerupt|Camerupt, L50, F|100/100
|move|p2a: Staraptor|Brave Bird|p1b: Garchomp
|-damage|p1b: Garchomp|44/100
|-damage|p2a: Staraptor|87/100|[from] ability: Rough Skin|[of] p1b: Garchomp
|-damage|p2a: Staraptor|69/100|[from] Recoil
|move|p1a: Talonflame|Taunt|p2b: Camerupt
|-start|p2b: Camerupt|move: Taunt
|
|upkeep
|turn|2
|
|t:|1784829214
|detailschange|p2b: Camerupt|Camerupt-Mega, L50, F
|-mega|p2b: Camerupt|Camerupt|Cameruptite
|move|p1a: Talonflame|Tailwind|p1a: Talonflame
|-sidestart|p1: espinetexddddd|move: Tailwind
|move|p1b: Garchomp|Rock Slide|p2b: Camerupt|[spread] p2a,p2b
|-supereffective|p2a: Staraptor|1
|-damage|p2a: Staraptor|10/100
|-damage|p2b: Camerupt|71/100
|-damage|p1b: Garchomp|34/100|[from] item: Life Orb
|move|p2a: Staraptor|Brave Bird|p1b: Garchomp
|-damage|p1b: Garchomp|0 fnt
|-damage|p2a: Staraptor|0 fnt|[from] ability: Rough Skin|[of] p1b: Garchomp
|faint|p1b: Garchomp
|faint|p2a: Staraptor
|move|p2b: Camerupt|Ancient Power|p1a: Talonflame
|-supereffective|p1a: Talonflame|2
|-damage|p1a: Talonflame|0 fnt
|faint|p1a: Talonflame
|
|upkeep
|
|t:|1784829230
|switch|p1a: Froslass|Froslass, L50, F|100/100
|switch|p1b: Tsareena|Tsareena, L50, F|100/100
|switch|p2a: Farigiraf|Farigiraf, L50, M|100/100
|turn|3
|
|t:|1784829246
|detailschange|p1a: Froslass|Froslass-Mega, L50, F
|-mega|p1a: Froslass|Froslass|Froslassite
|-weather|Snowscape|[from] ability: Snow Warning|[of] p1a: Froslass
|move|p1a: Froslass|Blizzard|p2a: Farigiraf|[spread] p2a,p2b
|-crit|p2b: Camerupt
|-damage|p2a: Farigiraf|60/100
|-damage|p2b: Camerupt|1/100
|-status|p2b: Camerupt|frz
|move|p1b: Tsareena|Trop Kick|p2a: Farigiraf
|-damage|p2a: Farigiraf|21/100
|-unboost|p2a: Farigiraf|atk|1
|-enditem|p2a: Farigiraf|Sitrus Berry|[eat]
|-heal|p2a: Farigiraf|46/100|[from] item: Sitrus Berry
|cant|p2b: Camerupt|frz
|move|p2a: Farigiraf|Trick Room|p2a: Farigiraf
|-fieldstart|move: Trick Room|[of] p2a: Farigiraf
|
|-weather|Snowscape|[upkeep]
|-end|p2b: Camerupt|move: Taunt
|upkeep
|turn|4
|inactive|espinetexddddd has 30 seconds left.
|inactive|jomivgc has 30 seconds left.
|
|t:|1784829277
|move|p2a: Farigiraf|Helping Hand|p2b: Camerupt
|-singleturn|p2b: Camerupt|Helping Hand|[of] p2a: Farigiraf
|-curestatus|p2b: Camerupt|frz|[msg]
|move|p2b: Camerupt|Heat Wave|p1b: Tsareena|[spread] p1a,p1b
|-supereffective|p1a: Froslass|1
|-supereffective|p1b: Tsareena|1
|-enditem|p1b: Tsareena|Occa Berry|[eat]
|-enditem|p1b: Tsareena|Occa Berry|[weaken]
|-damage|p1a: Froslass|0 fnt
|-damage|p1b: Tsareena|4/100
|faint|p1a: Froslass
|move|p1b: Tsareena|High Jump Kick|p2a: Farigiraf|[miss]
|-miss|p1b: Tsareena|p2a: Farigiraf
|-damage|p1b: Tsareena|0 fnt|[from] highjumpkick
|faint|p1b: Tsareena
|
|win|jomivgc
