|j|☆zaharba
|j|‽really wet lizard?
|html|zaharbareally wet lizard?    
|uhtml|bestof|Game 2 of a best-of-3
|t:|1783711575
|gametype|doubles
|player|p1|zaharba|266|1101
|player|p2|really wet lizard?|linebacker|1121
|gen|9
|tier|[Gen 9 Champions] VGC 2026 Reg M-B (Bo3)
|rated|
|rule|Species Clause: Limit one of each Pokémon
|rule|Item Clause: Limit 1 of each item
|clearpoke
|poke|p1|Raichu, L50, F, shiny|
|poke|p1|Vivillon, L50, F|
|poke|p1|Ninetales-Alola, L50, F, shiny|
|poke|p1|Tyranitar, L50, F|
|poke|p1|Basculegion-F, L50, F|
|poke|p1|Talonflame, L50, F|
|poke|p2|Staraptor, L50, M|
|poke|p2|Whimsicott, L50, F|
|poke|p2|Lycanroc-Dusk, L50, M|
|poke|p2|Incineroar, L50, F|
|poke|p2|Froslass, L50, F|
|poke|p2|Garchomp, L50, M|
|teampreview|4
|showteam|p1|Raichu||RaichuniteY|LightningRod|Protect,ZapCannon,UpperHand,FakeOut|Timid||F|||50|]Vivillon||ChoiceScarf|CompoundEyes|SleepPowder,RagePowder,Hurricane,WeatherBall|Timid||F|||50|]Ninetales-Alola||NeverMeltIce|SnowWarning|Protect,FreezeDry,Blizzard,Encore|Timid||F|||50|]Tyranitar||FocusSash|SandStream|RockSlide,HighHorsepower,Protect,DragonDance|Jolly||F|||50|]Basculegion-F||SpellTag|Adaptability|Protect,Hex,HydroPump,MuddyWater|Modest||F|||50|]Talonflame||LifeOrb|GaleWings|Whirlwind,BraveBird,Overheat,Tailwind|Naive||F|||50|
|showteam|p2|Staraptor||Staraptite|Intimidate|CloseCombat,BraveBird,Roost,Protect|Jolly||M|||50|]Whimsicott||FocusSash|Prankster|Tailwind,FakeTears,Moonblast,Charm|Timid||F|||50|]Lycanroc-Dusk||ExpertBelt|ToughClaws|Accelerock,RockSlide,IronHead,Protect|Jolly||M|||50|]Incineroar||SitrusBerry|Intimidate|FakeOut,PartingShot,ThroatChop,FlareBlitz|Adamant||F|||50|]Froslass||Froslassite|CursedBody|Blizzard,ShadowBall,AuroraVeil,Protect|Modest||F|||50|]Garchomp||LifeOrb|RoughSkin|Earthquake,RockSlide,DragonClaw,Protect|Jolly||M|||50|
|inactive|Battle timer is ON: inactive players will automatically lose when time's up. (requested by really wet lizard?)
|inactive|zaharba also wants the timer to be on.
|
|t:|1783711590
|teamsize|p1|4
|teamsize|p2|4
|start
|switch|p1a: Raichu|Raichu, L50, F, shiny|100/100
|switch|p1b: Talonflame|Talonflame, L50, F|100/100
|switch|p2a: Staraptor|Staraptor, L50, M|100/100
|switch|p2b: Whimsicott|Whimsicott, L50, F|100/100
|-ability|p2a: Staraptor|Intimidate|boost
|-unboost|p1a: Raichu|atk|1
|-unboost|p1b: Talonflame|atk|1
|turn|1
|
|t:|1783711613
|detailschange|p2a: Staraptor|Staraptor-Mega, L50, M
|-mega|p2a: Staraptor|Staraptor|Staraptite
|move|p2a: Staraptor|Protect|p2a: Staraptor
|-singleturn|p2a: Staraptor|Protect
|move|p1a: Raichu|Fake Out|p2b: Whimsicott
|-damage|p2b: Whimsicott|91/100
|move|p1b: Talonflame|Brave Bird|p2b: Whimsicott
|-supereffective|p2b: Whimsicott|1
|-damage|p2b: Whimsicott|0 fnt
|faint|p2b: Whimsicott
|-damage|p1b: Talonflame|73/100|[from] Recoil
|-damage|p1b: Talonflame|63/100|[from] item: Life Orb
|
|upkeep
|
|t:|1783711633
|switch|p2b: Garchomp|Garchomp, L50, M|100/100
|turn|2
|
|t:|1783711649
|detailschange|p1a: Raichu|Raichu-Mega-Y, L50, F, shiny
|-mega|p1a: Raichu|Raichu|Raichunite Y
|move|p1a: Raichu|Zap Cannon|p2a: Staraptor
|-supereffective|p2a: Staraptor|1
|-damage|p2a: Staraptor|0 fnt
|faint|p2a: Staraptor
|move|p1b: Talonflame|Tailwind|p1b: Talonflame
|-sidestart|p1: zaharba|move: Tailwind
|move|p2b: Garchomp|Earthquake|p1a: Raichu|[spread] p1a
|-immune|p1b: Talonflame
|-supereffective|p1a: Raichu|1
|-damage|p1a: Raichu|0 fnt
|faint|p1a: Raichu
|-damage|p2b: Garchomp|90/100|[from] item: Life Orb
|
|upkeep
|
|t:|1783711662
|switch|p1a: Basculegion|Basculegion-F, L50, F|100/100
|switch|p2a: Incineroar|Incineroar, L50, F|100/100
|-ability|p2a: Incineroar|Intimidate|boost
|-unboost|p1a: Basculegion|atk|1
|-unboost|p1b: Talonflame|atk|1
|turn|3
|inactive|zaharba has 30 seconds left.
|
|t:|1783711691
|move|p1b: Talonflame|Brave Bird|p2b: Garchomp
|-crit|p2b: Garchomp
|-damage|p2b: Garchomp|0 fnt
|-damage|p1b: Talonflame|51/100|[from] ability: Rough Skin|[of] p2b: Garchomp
|faint|p2b: Garchomp
|-damage|p1b: Talonflame|16/100|[from] Recoil
|-damage|p1b: Talonflame|6/100|[from] item: Life Orb
|move|p1a: Basculegion|Hydro Pump|p2a: Incineroar
|-supereffective|p2a: Incineroar|1
|-damage|p2a: Incineroar|0 fnt
|faint|p2a: Incineroar
|
|win|zaharba
||really wet lizard? is ready for game 3.
|inactive|zaharba has 30 seconds to confirm battle start!
||zaharba is ready for game 3.
|uhtml|next|Next: Game 3 of 3
|l|‽really wet lizard?
|player|p2|
