|badge|p1|gold|gen9randombattle|3-10
|uhtml|medal-msg|Curious what those medals under the avatar are? PS now has Ladder Seasons! For more information, check out the thread on Smogon.
|j|ŌśåMichaelderBeste2
|j|Ōśådike guard
|html|MichaelderBeste2dike guard    
|uhtml|bestof|Game 2 of a best-of-3
|t:|1784806245
|gametype|doubles
|player|p1|MichaelderBeste2|#wcop2026germany|1478
|player|p2|dike guard|101|1451
|gen|9
|tier|[Gen 9 Champions] VGC 2026 Reg M-B (Bo3)
|rated|
|rule|Species Clause: Limit one of each Pok├®mon
|rule|Item Clause: Limit 1 of each item
|clearpoke
|poke|p1|Gengar, L50, F|
|poke|p1|Swampert, L50, F|
|poke|p1|Incineroar, L50, M|
|poke|p1|Politoed, L50, F|
|poke|p1|Archaludon, L50, M|
|poke|p1|Vivillon, L50, F|
|poke|p2|Floette-Eternal, L50, F|
|poke|p2|Sinistcha-Masterpiece, L50|
|poke|p2|Incineroar, L50, M|
|poke|p2|Delphox, L50, M|
|poke|p2|Sneasler, L50, F|
|poke|p2|Garchomp, L50, M|
|teampreview|4
|showteam|p1|Gengar||Gengarite|CursedBody|SludgeBomb,ShadowBall,PerishSong,Protect|Timid||F|||50|]Swampert||Swampertite|Torrent|WaveCrash,Earthquake,IcePunch,Protect|Adamant||F|||50|]Incineroar||PasshoBerry|Intimidate|ThroatChop,FakeOut,PartingShot,Protect|Sassy||M|||50|]Politoed||SitrusBerry|Drizzle|WeatherBall,PerishSong,Encore,Protect|Calm||F|||50|]Archaludon||Leftovers|Stamina|DragonPulse,FlashCannon,ElectroShot,Protect|Calm||M|||50|]Vivillon||FocusSash|CompoundEyes|Hurricane,SleepPowder,RagePowder,Protect|Timid||F|||50|
|showteam|p2|Floette-Eternal||Floettite|FlowerVeil|DazzlingGleam,Moonblast,CalmMind,Protect|Serious||F|||50|]Sinistcha-Masterpiece||KasibBerry|Hospitality|MatchaGotcha,RagePowder,TrickRoom,Protect|Bold|||||50|]Incineroar||SitrusBerry|Intimidate|FlareBlitz,PartingShot,FakeOut,DarkestLariat|Impish||M|||50|]Delphox||Delphoxite|Blaze|HeatWave,Psychic,NastyPlot,Protect|Timid||M|||50|]Sneasler||FocusSash|PoisonTouch|PoisonJab,CloseCombat,FakeOut,QuickGuard|Jolly||F|||50|]Garchomp||ChoiceScarf|RoughSkin|Earthquake,RockSlide,StompingTantrum,DragonClaw|Adamant||M|||50|
|inactive|Battle timer is ON: inactive players will automatically lose when time's up. (requested by MichaelderBeste2)
|inactive|MichaelderBeste2 has 60 seconds left.
|inactive|dike guard has 60 seconds left.
|inactive|MichaelderBeste2 has 30 seconds left.
|
|t:|1784806311
|teamsize|p1|4
|teamsize|p2|4
|start
|switch|p1a: Gengar|Gengar, L50, F|100/100
|switch|p1b: Incineroar|Incineroar, L50, M|100/100
|switch|p2a: Delphox|Delphox, L50, M|100/100
|switch|p2b: Garchomp|Garchomp, L50, M|100/100
|-ability|p1b: Incineroar|Intimidate|boost
|-unboost|p2a: Delphox|atk|1
|-unboost|p2b: Garchomp|atk|1
|turn|1
|inactive|dike guard has 30 seconds left.
|
|t:|1784806342
|detailschange|p2a: Delphox|Delphox-Mega, L50, M
|-mega|p2a: Delphox|Delphox|Delphoxite
|detailschange|p1a: Gengar|Gengar-Mega, L50, F
|-mega|p1a: Gengar|Gengar|Gengarite
|move|p1b: Incineroar|Fake Out|p2a: Delphox
|-damage|p2a: Delphox|88/100
|move|p2b: Garchomp|Earthquake|p1a: Gengar|[spread] p1a,p1b
|-immune|p2a: Delphox|[from] ability: Levitate
|-supereffective|p1a: Gengar|1
|-supereffective|p1b: Incineroar|1
|-damage|p1a: Gengar|30/100
|-damage|p1b: Incineroar|48/100
|cant|p2a: Delphox|flinch
|move|p1a: Gengar|Perish Song|p1a: Gengar
|-start|p1a: Gengar|perish3|[silent]
|-start|p1b: Incineroar|perish3|[silent]
|-start|p2a: Delphox|perish3|[silent]
|-start|p2b: Garchomp|perish3|[silent]
|-fieldactivate|move: Perish Song
|
|-start|p2b: Garchomp|perish3
|-start|p2a: Delphox|perish3
|-start|p1a: Gengar|perish3
|-start|p1b: Incineroar|perish3
|upkeep
|turn|2
|inactive|dike guard has 30 seconds left.
|
|t:|1784806373
|move|p1a: Gengar|Protect|p1a: Gengar
|-singleturn|p1a: Gengar|Protect
|move|p1b: Incineroar|Protect|p1b: Incineroar
|-singleturn|p1b: Incineroar|Protect
|move|p2b: Garchomp|Earthquake|p1b: Incineroar|[spread] 
|-activate|p1a: Gengar|move: Protect
|-activate|p1b: Incineroar|move: Protect
|-immune|p2a: Delphox|[from] ability: Levitate
|move|p2a: Delphox|Nasty Plot|p2a: Delphox
|-boost|p2a: Delphox|spa|2
|
|-start|p2b: Garchomp|perish2
|-start|p2a: Delphox|perish2
|-start|p1a: Gengar|perish2
|-start|p1b: Incineroar|perish2
|upkeep
|turn|3
|inactive|dike guard has 30 seconds left.
|
|t:|1784806401
|switch|p1a: Vivillon|Vivillon, L50, F|100/100
|move|p2b: Garchomp|Earthquake|p1b: Incineroar|[spread] p1b
|-immune|p2a: Delphox|[from] ability: Levitate
|-immune|p1a: Vivillon
|-supereffective|p1b: Incineroar|1
|-damage|p1b: Incineroar|2/100
|move|p2a: Delphox|Heat Wave|p1b: Incineroar|[spread] p1a,p1b
|-supereffective|p1a: Vivillon|1
|-resisted|p1b: Incineroar|1
|-enditem|p1a: Vivillon|Focus Sash
|-damage|p1a: Vivillon|1/100
|-damage|p1b: Incineroar|0 fnt
|faint|p1b: Incineroar
|
|-start|p2b: Garchomp|perish1
|-start|p2a: Delphox|perish1
|upkeep
|
|t:|1784806406
|switch|p1b: Gengar|Gengar-Mega, L50, F|30/100
|turn|4
|inactive|dike guard has 30 seconds left.
|inactive|dike guard has 20 seconds left.
|
|t:|1784806441
|move|p1b: Gengar|Protect|p1b: Gengar
|-singleturn|p1b: Gengar|Protect
|move|p1a: Vivillon|Protect|p1a: Vivillon
|-singleturn|p1a: Vivillon|Protect
|move|p2b: Garchomp|Earthquake|p1b: Gengar|[spread] 
|-activate|p1a: Vivillon|move: Protect
|-activate|p1b: Gengar|move: Protect
|-immune|p2a: Delphox|[from] ability: Levitate
|move|p2a: Delphox|Nasty Plot|p2a: Delphox
|-boost|p2a: Delphox|spa|2
|
|-start|p2b: Garchomp|perish0
|-start|p2a: Delphox|perish0
|faint|p2b: Garchomp
|faint|p2a: Delphox
|upkeep
|c|ŌśåMichaelderBeste2|weird flex
|c|Ōśådike guard|hahahah big flex
|c|ŌśåMichaelderBeste2|haha
|c|Ōśådike guard|yt content
|
|t:|1784806463
|switch|p2a: Incineroar|Incineroar, L50, M|100/100
|switch|p2b: Sinistcha|Sinistcha-Masterpiece, L50|100/100
|-ability|p2a: Incineroar|Intimidate|boost
|-unboost|p1a: Vivillon|atk|1
|-unboost|p1b: Gengar|atk|1
|turn|5
|
|t:|1784806475
|move|p1b: Gengar|Perish Song|p1b: Gengar
|-start|p1a: Vivillon|perish3|[silent]
|-start|p1b: Gengar|perish3|[silent]
|-start|p2a: Incineroar|perish3|[silent]
|-start|p2b: Sinistcha|perish3|[silent]
|-fieldactivate|move: Perish Song
|move|p1a: Vivillon|Sleep Powder|p2a: Incineroar
|-status|p2a: Incineroar|slp|[from] move: Sleep Powder
|move|p2b: Sinistcha|Matcha Gotcha|p1a: Vivillon|[spread] p1a,p1b
|-resisted|p1a: Vivillon|2
|-resisted|p1b: Gengar|1
|-damage|p1a: Vivillon|0 fnt
|-damage|p1b: Gengar|19/100
|faint|p1a: Vivillon
|cant|p2a: Incineroar|slp
|
|-start|p1b: Gengar|perish3
|-start|p2b: Sinistcha|perish3
|-start|p2a: Incineroar|perish3
|upkeep
|
|t:|1784806482
|switch|p1a: Archaludon|Archaludon, L50, M|100/100
|turn|6
|
|t:|1784806493
|move|p1b: Gengar|Protect|p1b: Gengar
|-singleturn|p1b: Gengar|Protect
|move|p1a: Archaludon|Protect|p1a: Archaludon
|-singleturn|p1a: Archaludon|Protect
|move|p2b: Sinistcha|Matcha Gotcha|p1a: Archaludon|[spread] 
|-activate|p1a: Archaludon|move: Protect
|-activate|p1b: Gengar|move: Protect
|-curestatus|p2a: Incineroar|slp|[msg]
|move|p2a: Incineroar|Darkest Lariat|p1a: Archaludon
|-activate|p1a: Archaludon|move: Protect
|
|-start|p1b: Gengar|perish2
|-start|p2b: Sinistcha|perish2
|-start|p2a: Incineroar|perish2
|upkeep
|turn|7
|
|t:|1784806502
|move|p1b: Gengar|Protect|p1b: Gengar
|-singleturn|p1b: Gengar|Protect
|move|p1a: Archaludon|Protect||[still]
|-fail|p1a: Archaludon
|move|p2b: Sinistcha|Matcha Gotcha|p1b: Gengar|[spread] p1a
|-activate|p1b: Gengar|move: Protect
|-resisted|p1a: Archaludon|2
|-damage|p1a: Archaludon|94/100
|-ability|p1a: Archaludon|Stamina|boost
|-boost|p1a: Archaludon|def|1
|move|p2a: Incineroar|Darkest Lariat|p1b: Gengar
|-activate|p1b: Gengar|move: Protect
|
|-heal|p1a: Archaludon|100/100|[from] item: Leftovers
|-start|p1b: Gengar|perish1
|-start|p2b: Sinistcha|perish1
|-start|p2a: Incineroar|perish1
|upkeep
|turn|8
|c|Ōśådike guard|ggs
|c|ŌśåMichaelderBeste2|ggs
|c|Ōśådike guard|you got your revanche
|c|ŌśåMichaelderBeste2|i did
|c|ŌśåMichaelderBeste2|x)
|c|Ōśådike guard|When is the video coming online?
|
|t:|1784806526
|move|p1b: Gengar|Protect||[still]
|-fail|p1b: Gengar
|move|p1a: Archaludon|Protect|p1a: Archaludon
|-singleturn|p1a: Archaludon|Protect
|move|p2b: Sinistcha|Matcha Gotcha|p1a: Archaludon|[spread] p1b
|-activate|p1a: Archaludon|move: Protect
|-resisted|p1b: Gengar|1
|-damage|p1b: Gengar|6/100
|-status|p1b: Gengar|brn
|move|p2a: Incineroar|Flare Blitz|p2b: Sinistcha
|-supereffective|p2b: Sinistcha|1
|-damage|p2b: Sinistcha|24/100
|-damage|p2a: Incineroar|78/100|[from] Recoil
|
|-damage|p1b: Gengar|1/100 brn|[from] brn
|-start|p1b: Gengar|perish0
|-start|p2b: Sinistcha|perish0
|-start|p2a: Incineroar|perish0
|faint|p1b: Gengar
|faint|p2b: Sinistcha
|faint|p2a: Incineroar
|
|win|MichaelderBeste2
|raw|MichaelderBeste2's rating: 1478 ŌåÆ 1496(+18 for winning)
|raw|dike guard's rating: 1451 ŌåÆ 1433(-18 for losing)
|c|ŌśåMichaelderBeste2|sunday
|c|Ōśådike guard|nice I am looking forward to it
|c|Ōśådike guard|have a nice day
|c|ŌśåMichaelderBeste2|im editing it right now
|c|ŌśåMichaelderBeste2|haha
|c|ŌśåMichaelderBeste2|u21
|c|Ōśådike guard|ahahahaha
|c|Ōśådike guard|ty
|c|ŌśåMichaelderBeste2|u2!*
|l|ŌśåMichaelderBeste2
|player|p1|
|l|Ōśådike guard
|player|p2|
|j|Ōśådike guard
|player|p2|dike guard|101|
