|j|☆Sodamario
|j|☆Fell Blue
|html|SodamarioFell Blue    
|uhtml|bestof|Game 1 of a best-of-3
|t:|1783374464
|gametype|doubles
|player|p1|Sodamario|cynthia-gen4|1386
|player|p2|Fell Blue|fantina|1319
|gen|9
|tier|[Gen 9 Champions] VGC 2026 Reg M-B (Bo3)
|rated|
|rule|Species Clause: Limit one of each Pokémon
|rule|Item Clause: Limit 1 of each item
|clearpoke
|poke|p1|Blaziken, L50, F|
|poke|p1|Empoleon, L50, M|
|poke|p1|Hydreigon, L50, M|
|poke|p1|Whimsicott, L50, M|
|poke|p1|Froslass, L50, F|
|poke|p1|Farigiraf, L50, M|
|poke|p2|Mawile, L50, F|
|poke|p2|Farigiraf, L50, F|
|poke|p2|Drampa, L50, M|
|poke|p2|Kleavor, L50, F|
|poke|p2|Araquanid, L50, F|
|poke|p2|Incineroar, L50, M|
|teampreview|4
|showteam|p1|Blaziken||Blazikenite|SpeedBoost|FlareBlitz,CloseCombat,RockTomb,Detect|Adamant||F|||50|]Empoleon||ExpertBelt|Competitive|HydroPump,FlashCannon,VacuumWave,Protect|Modest||M|||50|]Hydreigon||ChoiceScarf|Levitate|DracoMeteor,DarkPulse,Snarl,EarthPower|Modest||M|||50|]Whimsicott||FocusSash|Prankster|Tailwind,Moonblast,Encore,Protect|Timid||M|||50|]Froslass||Froslassite|SnowCloak|Blizzard,ShadowBall,AuroraVeil,Protect|Modest||F|||50|]Farigiraf||SitrusBerry|ArmorTail|TwinBeam,HelpingHand,TrickRoom,Imprison|Bold||M|||50|
|showteam|p2|Mawile||Mawilite|HyperCutter|RockSlide,PlayRough,SuckerPunch,BrickBreak|Brave||F|||50|]Farigiraf||SitrusBerry|ArmorTail|Thunderbolt,HelpingHand,Psychic,TrickRoom|Modest||F|||50|]Drampa||Drampanite|CloudNine|EarthPower,HyperVoice,Thunderbolt,Protect|Quiet||M|||50|]Kleavor||FocusSash|Sharpness|Feint,XScissor,StoneAxe,CloseCombat|Brave||F|||50|]Araquanid||MysticWater|WaterBubble|Surf,HydroPump,MirrorCoat,Endeavor|Quiet||F|||50|]Incineroar||LifeOrb|Intimidate|CloseCombat,FlareBlitz,FakeOut,ThroatChop|Brave||M|||50|
|inactive|Battle timer is ON: inactive players will automatically lose when time's up. (requested by Fell Blue)
|inactive|Fell Blue has 30 seconds left.
|inactive|Sodamario has 60 seconds left.
|inactive|Fell Blue has 20 seconds left.
|inactive|Fell Blue has 15 seconds left.
|inactive|Fell Blue has 10 seconds left.
|
|t:|1783374557
|teamsize|p1|4
|teamsize|p2|4
|start
|switch|p1a: Empoleon|Empoleon, L50, M|100/100
|switch|p1b: Blaziken|Blaziken, L50, F|100/100
|switch|p2a: Farigiraf|Farigiraf, L50, F|100/100
|switch|p2b: Kleavor|Kleavor, L50, F|100/100
|turn|1
|inactive|Sodamario has 30 seconds left.
|inactive|Sodamario has 20 seconds left.
|inactive|Sodamario has 15 seconds left.
|
|t:|1783374599
|detailschange|p1b: Blaziken|Blaziken-Mega, L50, F
|-mega|p1b: Blaziken|Blaziken|Blazikenite
|move|p1b: Blaziken|Rock Tomb|p2b: Kleavor|[miss]
|-miss|p1b: Blaziken|p2b: Kleavor
|move|p2b: Kleavor|Close Combat|p1a: Empoleon
|-supereffective|p1a: Empoleon|1
|-damage|p1a: Empoleon|4/100
|-unboost|p2b: Kleavor|def|1
|-unboost|p2b: Kleavor|spd|1
|move|p1a: Empoleon|Flash Cannon|p2b: Kleavor
|-supereffective|p2b: Kleavor|1
|-enditem|p2b: Kleavor|Focus Sash
|-damage|p2b: Kleavor|1/100
|move|p2a: Farigiraf|Trick Room|p2a: Farigiraf
|-fieldstart|move: Trick Room|[of] p2a: Farigiraf
|
|-ability|p1b: Blaziken|Speed Boost|boost
|-boost|p1b: Blaziken|spe|1
|upkeep
|turn|2
|inactive|Sodamario has 30 seconds left.
|
|t:|1783374627
|switch|p1b: Farigiraf|Farigiraf, L50, M|100/100
|move|p2a: Farigiraf|Thunderbolt|p1a: Empoleon
|-supereffective|p1a: Empoleon|1
|-damage|p1a: Empoleon|0 fnt
|faint|p1a: Empoleon
|move|p2b: Kleavor|Stone Axe|p1b: Farigiraf
|-damage|p1b: Farigiraf|51/100
|-sidestart|p1: Sodamario|move: Stealth Rock
|
|upkeep
|-message|Sodamario forfeited.
|
|win|Fell Blue
||Sodamario is ready for game 2.
