|j|☆BuffBuneary
|j|☆lofiandchil
|html|BuffBunearylofiandchil    
|uhtml|bestof|Game 3 of a best-of-3
|t:|1756763098
|gametype|doubles
|player|p1|BuffBuneary|shauntal|1149
|player|p2|lofiandchil|iris|1137
|gen|9
|tier|[Gen 9] VGC 2025 Reg H (Bo3)
|rated|
|rule|Species Clause: Limit one of each Pokémon
|rule|Item Clause: Limit 1 of each item
|clearpoke
|poke|p1|Annihilape, L50, M|
|poke|p1|Ninetales-Alola, L50, F|
|poke|p1|Talonflame, L50, F|
|poke|p1|Garchomp, L50, M|
|poke|p1|Vivillon-Ocean, L50, F|
|poke|p1|Gholdengo, L50|
|poke|p2|Electabuzz, L50, M|
|poke|p2|Kingambit, L50, M|
|poke|p2|Volcarona, L50, F|
|poke|p2|Dragonite, L50, F|
|poke|p2|Sneasler, L50, F|
|poke|p2|Rillaboom, L50, M|
|teampreview|4
|showteam|p1|Annihilape||SafetyGoggles|Defiant|RageFist,DrainPunch,BulkUp,Protect|||M|||50|,,,,,Water]Ninetales-Alola||CovertCloak|SnowWarning|Blizzard,FreezeDry,AuroraVeil,Protect|||F|||50|,,,,,Ice]Talonflame||SharpBeak|GaleWings|DualWingbeat,Tailwind,WillOWisp,Protect|||F|||50|,,,,,Ghost]Garchomp||LifeOrb|RoughSkin|Earthquake,StompingTantrum,DragonClaw,Protect|||M|||50|,,,,,Steel]Vivillon-Ocean||FocusSash|CompoundEyes|SleepPowder,Hurricane,RagePowder,Protect|||F|||50|,,,,,Ghost]Gholdengo||IronPlate|GoodasGold|MakeItRain,ShadowBall,NastyPlot,Protect||||||50|,,,,,Steel
|showteam|p2|Electabuzz||Eviolite|VitalSpirit|FollowMe,Thunderbolt,Taunt,Protect|||M|||50|,,,,,Ghost]Kingambit||BlackGlasses|Defiant|KowtowCleave,SuckerPunch,SwordsDance,Protect|||M|||50|,,,,,Dark]Volcarona||Leftovers|FlameBody|HeatWave,TeraBlast,QuiverDance,Protect|||F|||50|,,,,,Fairy]Dragonite||LoadedDice|Multiscale|ScaleShot,ExtremeSpeed,Haze,Protect|||F|||50|,,,,,Fairy]Sneasler||FocusSash|Unburden|DireClaw,CloseCombat,Coaching,FakeOut|||F|||50|,,,,,Stellar]Rillaboom||AssaultVest|GrassySurge|FakeOut,WoodHammer,GrassyGlide,HighHorsepower|||M|||50|,,,,,Fire
|
|t:|1756763163
|teamsize|p1|4
|teamsize|p2|4
|start
|switch|p1a: Talonflame|Talonflame, L50, F|100/100
|switch|p1b: Garchomp|Garchomp, L50, M|100/100
|switch|p2a: Volcarona|Volcarona, L50, F|100/100
|switch|p2b: Rillaboom|Rillaboom, L50, M|100/100
|-fieldstart|move: Grassy Terrain|[from] ability: Grassy Surge|[of] p2b: Rillaboom
|turn|1
|
|t:|1756763190
|-terastallize|p2a: Volcarona|Fairy
|move|p1a: Talonflame|Protect|p1a: Talonflame
|-singleturn|p1a: Talonflame|Protect
|move|p2b: Rillaboom|Fake Out|p1b: Garchomp
|-damage|p1b: Garchomp|86/100
|-damage|p2b: Rillaboom|88/100|[from] ability: Rough Skin|[of] p1b: Garchomp
|cant|p1b: Garchomp|flinch
|move|p2a: Volcarona|Quiver Dance|p2a: Volcarona
|-boost|p2a: Volcarona|spa|1
|-boost|p2a: Volcarona|spd|1
|-boost|p2a: Volcarona|spe|1
|
|-heal|p1b: Garchomp|92/100|[from] Grassy Terrain
|-heal|p2b: Rillaboom|94/100|[from] Grassy Terrain
|upkeep
|turn|2
|
|t:|1756763239
|move|p1a: Talonflame|Tailwind|p1a: Talonflame
|-sidestart|p1: BuffBuneary|move: Tailwind
|move|p2b: Rillaboom|Grassy Glide|p1a: Talonflame
|-resisted|p1a: Talonflame
|-damage|p1a: Talonflame|86/100
|move|p1b: Garchomp|Stomping Tantrum|p2a: Volcarona
|-damage|p2a: Volcarona|0 fnt
|faint|p2a: Volcarona
|-damage|p1b: Garchomp|82/100|[from] item: Life Orb
|
|-heal|p1b: Garchomp|88/100|[from] Grassy Terrain
|-heal|p2b: Rillaboom|99/100|[from] Grassy Terrain
|upkeep
|
|t:|1756763254
|switch|p2a: Kingambit|Kingambit, L50, M|100/100
|turn|3
|
|t:|1756763277
|move|p2a: Kingambit|Protect|p2a: Kingambit
|-singleturn|p2a: Kingambit|Protect
|move|p1a: Talonflame|Will-O-Wisp|p2b: Rillaboom
|-status|p2b: Rillaboom|brn
|move|p1b: Garchomp|Stomping Tantrum|p2a: Kingambit
|-activate|p2a: Kingambit|move: Protect
|move|p2b: Rillaboom|Wood Hammer|p1b: Garchomp
|-damage|p1b: Garchomp|49/100
|-damage|p2b: Rillaboom|88/100 brn|[from] ability: Rough Skin|[of] p1b: Garchomp
|-damage|p2b: Rillaboom|76/100 brn|[from] Recoil
|
|-heal|p1b: Garchomp|55/100|[from] Grassy Terrain
|-heal|p2b: Rillaboom|82/100 brn|[from] Grassy Terrain
|-damage|p2b: Rillaboom|76/100 brn|[from] brn
|upkeep
|turn|4
|-message|lofiandchil forfeited.
|
|win|BuffBuneary
|raw|BuffBuneary's rating: 1149 → 1173(+24 for winning)
|raw|lofiandchil's rating: 1137 → 1113(-24 for losing)
