|j|☆Farigi No Raf
|j|☆TheMochiMan
|html|Farigi No RafTheMochiMan    
|uhtml|bestof|Game 1 of a best-of-3
|t:|1757254328
|gametype|doubles
|player|p1|Farigi No Raf|artist-gen4|1378
|player|p2|TheMochiMan|doctor|1426
|gen|9
|tier|[Gen 9] VGC 2025 Reg H (Bo3)
|rated|
|rule|Species Clause: Limit one of each Pokémon
|rule|Item Clause: Limit 1 of each item
|clearpoke
|poke|p1|Dragonite, L50, M|
|poke|p1|Gholdengo, L50|
|poke|p1|Sneasler, L50, F|
|poke|p1|Rillaboom, L50, M|
|poke|p1|Ursaluna-Bloodmoon, L50, M|
|poke|p1|Magmar, L50, F|
|poke|p2|Ursaluna, L50, F|
|poke|p2|Jumpluff, L50, F|
|poke|p2|Charizard, L50, F|
|poke|p2|Torkoal, L50, M|
|poke|p2|Incineroar, L50, M|
|poke|p2|Porygon2, L50|
|teampreview|4
|showteam|p1|Dragonite||LoadedDice|Multiscale|ScaleShot,Tailwind,ExtremeSpeed,Protect|||M|||50|,,,,,Fairy]Gholdengo||LifeOrb|GoodasGold|MakeItRain,ShadowBall,NastyPlot,Protect||||||50|,,,,,Water]Sneasler||FocusSash|PoisonTouch|CloseCombat,DireClaw,Coaching,FakeOut|||F|||50|,,,,,Ghost]Rillaboom||AssaultVest|GrassySurge|WoodHammer,FakeOut,GrassyGlide,HighHorsepower|||M|||50|,,,,,Fire]Ursaluna-Bloodmoon||SilkScarf|MindsEye|HyperVoice,EarthPower,BloodMoon,Protect|||M|||50|,,,,,Water]Magmar||Eviolite|VitalSpirit|FollowMe,BurningJealousy,ClearSmog,Protect|||F|||50|,,,,,Dragon
|showteam|p2|Ursaluna||FlameOrb|Guts|HeadlongRush,Facade,Earthquake,Protect|||F|||50|,,,,,Ghost]Jumpluff||CovertCloak|Chlorophyll|SleepPowder,SunnyDay,Tailwind,RagePowder|||F|||50|,,,,,Water]Charizard||ChoiceSpecs|SolarPower|AirSlash,HeatWave,Overheat,WeatherBall|||F|||50|,,,,,Ghost]Torkoal||EjectPack|Drought|HelpingHand,Eruption,Overheat,Protect|||M|||50|,,,,,Fire]Incineroar||SitrusBerry|Intimidate|FlareBlitz,KnockOff,PartingShot,FakeOut|||M|||50|,,,,,Ghost]Porygon2||Eviolite|Download|TeraBlast,IceBeam,Recover,TrickRoom||||||50|,,,,,Fighting
|
|t:|1757254367
|teamsize|p1|4
|teamsize|p2|4
|start
|switch|p1a: Magmar|Magmar, L50, F|100/100
|switch|p1b: Dragonite|Dragonite, L50, M|100/100
|switch|p2a: Dandelion|Jumpluff, L50, F|100/100
|switch|p2b: Brown anole|Charizard, L50, F, shiny|100/100
|turn|1
|
|t:|1757254403
|move|p2a: Dandelion|Rage Powder|p2a: Dandelion
|-singleturn|p2a: Dandelion|move: Rage Powder
|move|p2b: Brown anole|Heat Wave|p1a: Magmar|[spread] p1b
|-miss|p2b: Brown anole|p1a: Magmar
|-resisted|p1b: Dragonite
|-damage|p1b: Dragonite|86/100
|move|p1b: Dragonite|Scale Shot|p2a: Dandelion
|-damage|p2a: Dandelion|83/100
|-damage|p2a: Dandelion|64/100
|-damage|p2a: Dandelion|48/100
|-crit|p2a: Dandelion
|-damage|p2a: Dandelion|19/100
|-damage|p2a: Dandelion|1/100
|-hitcount|p2a: Dandelion|5
|-unboost|p1b: Dragonite|def|1
|-boost|p1b: Dragonite|spe|1
|move|p1a: Magmar|Burning Jealousy|p2b: Brown anole|[spread] p2a,p2b
|-supereffective|p2a: Dandelion
|-resisted|p2b: Brown anole
|-damage|p2a: Dandelion|0 fnt
|-damage|p2b: Brown anole|88/100
|faint|p2a: Dandelion
|
|upkeep
|
|t:|1757254405
|switch|p2a: Soft shell|Torkoal, L50, M|100/100
|-weather|SunnyDay|[from] ability: Drought|[of] p2a: Soft shell
|turn|2
|
|t:|1757254439
|move|p1b: Dragonite|Scale Shot|p2b: Brown anole
|-damage|p2b: Brown anole|66/100
|-damage|p2b: Brown anole|44/100
|-damage|p2b: Brown anole|22/100
|-damage|p2b: Brown anole|2/100
|-damage|p2b: Brown anole|0 fnt
|faint|p2b: Brown anole
|-hitcount|p2: Brown anole|5
|-unboost|p1b: Dragonite|def|1
|-boost|p1b: Dragonite|spe|1
|move|p1a: Magmar|Burning Jealousy|p2a: Soft shell
|-resisted|p2a: Soft shell
|-damage|p2a: Soft shell|76/100
|move|p2a: Soft shell|Eruption|p1a: Magmar|[spread] p1a,p1b
|-resisted|p1a: Magmar
|-resisted|p1b: Dragonite
|-damage|p1a: Magmar|80/100
|-damage|p1b: Dragonite|56/100
|
|-weather|SunnyDay|[upkeep]
|upkeep
|
|t:|1757254441
|switch|p2b: Brown bear|Ursaluna, L50, F|100/100
|turn|3
|-message|TheMochiMan forfeited.
|
|win|Farigi No Raf
