|j|☆Freaky Mane
|j|☆yveltyy
|html|Freaky Maneyveltyy    
|uhtml|bestof|Game 1 of a best-of-3
|t:|1757791566
|gametype|doubles
|player|p1|Freaky Mane|acerola|
|player|p2|yveltyy|plasmagruntf-gen5bw|
|gen|9
|tier|[Gen 9] VGC 2025 Reg H (Bo3)
|rule|Species Clause: Limit one of each Pokémon
|rule|Item Clause: Limit 1 of each item
|clearpoke
|poke|p1|Dondozo, L50, M|
|poke|p1|Volcarona, L50, F|
|poke|p1|Kingambit, L50, F|
|poke|p1|Sneasler, L50, M|
|poke|p1|Rillaboom, L50, F|
|poke|p1|Baxcalibur, L50, M|
|poke|p2|Corviknight, L50, F|
|poke|p2|Volcarona, L50, F|
|poke|p2|Garchomp, L50, F|
|poke|p2|Dragonite, L50, F|
|poke|p2|Sneasler, L50, F|
|poke|p2|Ninetales-Alola, L50, M|
|teampreview|4
|showteam|p1|Dondozo||Leftovers|Unaware|Liquidation,Fissure,Yawn,Protect|||M|||50|,,,,,Bug]Volcarona||CovertCloak|FlameBody|HeatWave,TeraBlast,QuiverDance,RagePowder|||F|||50|,,,,,Fairy]Kingambit||SafetyGoggles|Defiant|KowtowCleave,SuckerPunch,SwordsDance,Protect|||F|||50|,,,,,Dark]Sneasler||FocusSash|Unburden|CloseCombat,DireClaw,Coaching,Protect|||M|||50|,,,,,Stellar]Rillaboom||AssaultVest|GrassySurge|GrassyGlide,WoodHammer,HighHorsepower,FakeOut|||F|||50|,,,,,Fire]Baxcalibur||LoadedDice|ThermalExchange|IcicleSpear,IceShard,ScaleShot,Protect|||M|||50|,,,,,Ghost
|showteam|p2|Corviknight||SitrusBerry|MirrorArmor|BraveBird,BodyPress,BulkUp,Roost|||F|||50|,,,,,Fire]Volcarona||CovertCloak|FlameBody|Flamethrower,GigaDrain,QuiverDance,Protect|||F|||50|,,,,,Grass]Garchomp||ChoiceScarf|RoughSkin|Earthquake,DragonClaw,StompingTantrum,RockSlide|||F|||50|,,,,,Ground]Dragonite||LifeOrb|InnerFocus|TeraBlast,ExtremeSpeed,StompingTantrum,Protect|||F|||50|,,,,,Flying]Sneasler||FocusSash|Unburden|CloseCombat,DireClaw,FakeOut,Coaching|||F|||50|,,,,,Stellar]Ninetales-Alola||LightClay|SnowWarning|Blizzard,Encore,AuroraVeil,Protect|||M|||50|,,,,,Water
|inactive|Battle timer is ON: inactive players will automatically lose when time's up. (requested by yveltyy)
|c|☆yveltyy|glhf
|j| Lady Flour
|inactive|Freaky Mane has 60 seconds left.
|inactive|yveltyy has 60 seconds left.
|c|☆Freaky Mane|glhf
|inactive|Freaky Mane has 30 seconds left.
|inactive|Freaky Mane has 20 seconds left.
|inactive|Freaky Mane has 15 seconds left.
|
|t:|1757791647
|teamsize|p1|4
|teamsize|p2|4
|start
|switch|p1a: Sneasler|Sneasler, L50, M|100/100
|switch|p1b: Baxcalibur|Baxcalibur, L50, M|100/100
|switch|p2a: Ninetales|Ninetales-Alola, L50, M|100/100
|switch|p2b: Garchomp|Garchomp, L50, F|100/100
|-weather|Snowscape|[from] ability: Snow Warning|[of] p2a: Ninetales
|turn|1
|inactive|Freaky Mane has 30 seconds left.
|
|t:|1757791678
|move|p2b: Garchomp|Dragon Claw|p1b: Baxcalibur
|-supereffective|p1b: Baxcalibur
|-damage|p1b: Baxcalibur|40/100
|move|p1a: Sneasler|Dire Claw|p2a: Ninetales
|-supereffective|p2a: Ninetales
|-damage|p2a: Ninetales|38/100
|-status|p2a: Ninetales|par
|move|p1b: Baxcalibur|Icicle Spear|p2b: Garchomp
|-supereffective|p2b: Garchomp
|-damage|p2b: Garchomp|35/100
|-supereffective|p2b: Garchomp
|-damage|p2b: Garchomp|0 fnt
|faint|p2b: Garchomp
|-hitcount|p2: Garchomp|2
|move|p2a: Ninetales|Aurora Veil|p2a: Ninetales
|-sidestart|p2: yveltyy|move: Aurora Veil
|
|-weather|Snowscape|[upkeep]
|upkeep
|
|t:|1757791692
|switch|p2b: Volcarona|Volcarona, L50, F|100/100
|turn|2
|
|t:|1757791704
|move|p1a: Sneasler|Dire Claw|p2b: Volcarona
|-damage|p2b: Volcarona|69/100
|move|p1b: Baxcalibur|Scale Shot|p2b: Volcarona
|-damage|p2b: Volcarona|58/100
|-damage|p2b: Volcarona|46/100
|-damage|p2b: Volcarona|34/100
|-damage|p2b: Volcarona|21/100
|-hitcount|p2b: Volcarona|4
|-unboost|p1b: Baxcalibur|def|1
|-boost|p1b: Baxcalibur|spe|1
|move|p2b: Volcarona|Quiver Dance|p2b: Volcarona
|-boost|p2b: Volcarona|spa|1
|-boost|p2b: Volcarona|spd|1
|-boost|p2b: Volcarona|spe|1
|cant|p2a: Ninetales|par
|
|-weather|Snowscape|[upkeep]
|upkeep
|turn|3
|c|☆yveltyy|skill?
|inactive|Freaky Mane has 30 seconds left.
|inactive|yveltyy has 30 seconds left.
|inactive|yveltyy has 20 seconds left.
|inactive|yveltyy has 15 seconds left.
|
|t:|1757791745
|move|p1b: Baxcalibur|Icicle Spear|p2b: Volcarona
|-resisted|p2b: Volcarona
|-damage|p2b: Volcarona|16/100
|-resisted|p2b: Volcarona
|-damage|p2b: Volcarona|9/100
|-resisted|p2b: Volcarona
|-damage|p2b: Volcarona|3/100
|-resisted|p2b: Volcarona
|-damage|p2b: Volcarona|0 fnt
|faint|p2b: Volcarona
|-hitcount|p2: Volcarona|4
|move|p1a: Sneasler|Dire Claw|p2a: Ninetales
|-supereffective|p2a: Ninetales
|-damage|p2a: Ninetales|0 fnt
|faint|p2a: Ninetales
|
|-weather|Snowscape|[upkeep]
|upkeep
|c|☆yveltyy|gg
|-message|yveltyy forfeited.
|
|win|Freaky Mane
|c|☆Freaky Mane|gg
||Freaky Mane is ready for game 2.
||yveltyy is ready for game 2.
|uhtml|next|Next: Game 2 of 3
|l| Lady Flour
