|j|☆idkvgc45
|j|☆darthray 25
|html|idkvgc45darthray 25    
|uhtml|bestof|Game 2 of a best-of-3
|t:|1756850913
|gametype|doubles
|player|p1|idkvgc45|ethan|1107
|player|p2|darthray 25|benga|1072
|gen|9
|tier|[Gen 9] VGC 2025 Reg H (Bo3)
|rated|
|rule|Species Clause: Limit one of each Pokémon
|rule|Item Clause: Limit 1 of each item
|clearpoke
|poke|p1|Indeedee, L50, M|
|poke|p1|Sneasler, L50, F|
|poke|p1|Excadrill, L50, F|
|poke|p1|Tyranitar, L50, M|
|poke|p1|Annihilape, L50, M|
|poke|p1|Corviknight, L50, F|
|poke|p2|Incineroar, L50, F|
|poke|p2|Amoonguss, L50, M|
|poke|p2|Archaludon, L50, M|
|poke|p2|Tyranitar, L50, M|
|poke|p2|Pelipper, L50, M|
|poke|p2|Annihilape, L50, M|
|teampreview|4
|showteam|p1|Indeedee||ChoiceScarf|PsychicSurge|ExpandingForce,Trick,Protect,TeraBlast|||M|||50|,,,,,Psychic]Sneasler||PsychicSeed|Unburden|DireClaw,CloseCombat,ThroatChop,Protect|||F|||50|,,,,,Dark]Excadrill||FocusSash|SandRush|HighHorsepower,Earthquake,IronHead,Protect|||F|||50|,,,,,Stellar]Tyranitar||AssaultVest|SandStream|RockSlide,LowKick,KnockOff,TeraBlast|||M|||50|,,,,,Flying]Annihilape||SafetyGoggles|Defiant|CloseCombat,RageFist,FinalGambit,Taunt|||M|||50|,,,,,Water]Corviknight||SitrusBerry|MirrorArmor|BraveBird,Roost,Tailwind,BulkUp|||F|||50|,,,,,Dragon
|showteam|p2|Incineroar||RockyHelmet|Intimidate|FakeOut,PartingShot,Protect,KnockOff|||F|||50|,,,,,Ghost]Amoonguss||Leftovers|Regenerator|SludgeBomb,PollenPuff,Protect,Spore|||M|||50|,,,,,Poison]Archaludon||CovertCloak|Stamina|BodyPress,DragonPulse,Protect,ElectroShot|||M|||50|,,,,,Steel]Tyranitar||SitrusBerry|SandStream|HighHorsepower,KnockOff,Protect,RockSlide|||M|||50|,,,,,Ghost]Pelipper||SafetyGoggles|Drizzle|WeatherBall,Tailwind,Protect,Hurricane|||M|||50|,,,,,Water]Annihilape||AssaultVest|Defiant|FinalGambit,CloseCombat,RageFist,ShadowClaw|||M|||50|,,,,,Fighting
|
|t:|1756850943
|teamsize|p1|4
|teamsize|p2|4
|start
|switch|p1a: Indeedee|Indeedee, L50, M|100/100
|switch|p1b: Sneasler|Sneasler, L50, F|100/100
|switch|p2a: Pelipper|Pelipper, L50, M|100/100
|switch|p2b: Archaludon|Archaludon, L50, M|100/100
|-fieldstart|move: Psychic Terrain|[from] ability: Psychic Surge|[of] p1a: Indeedee
|-enditem|p1b: Sneasler|Psychic Seed
|-boost|p1b: Sneasler|spd|1|[from] item: Psychic Seed
|-weather|RainDance|[from] ability: Drizzle|[of] p2a: Pelipper
|turn|1
|
|t:|1756850976
|-terastallize|p1a: Indeedee|Psychic
|move|p2a: Pelipper|Protect|p2a: Pelipper
|-singleturn|p2a: Pelipper|Protect
|move|p1b: Sneasler|Dire Claw|p2a: Pelipper
|-activate|p2a: Pelipper|move: Protect
|move|p1a: Indeedee|Expanding Force|p2b: Archaludon|[spread] p2b
|-activate|p2a: Pelipper|move: Protect
|-resisted|p2b: Archaludon
|-damage|p2b: Archaludon|39/100
|-ability|p2b: Archaludon|Stamina|boost
|-boost|p2b: Archaludon|def|1
|move|p2b: Archaludon|Body Press|p1a: Indeedee
|-resisted|p1a: Indeedee
|-damage|p1a: Indeedee|65/100
|
|-weather|RainDance|[upkeep]
|upkeep
|turn|2
|
|t:|1756851002
|move|p2b: Archaludon|Protect|p2b: Archaludon
|-singleturn|p2b: Archaludon|Protect
|move|p1b: Sneasler|Dire Claw|p2a: Pelipper
|-damage|p2a: Pelipper|63/100
|move|p1a: Indeedee|Expanding Force|p2a: Pelipper|[spread] p2a
|-activate|p2b: Archaludon|move: Protect
|-damage|p2a: Pelipper|0 fnt
|faint|p2a: Pelipper
|
|-weather|RainDance|[upkeep]
|upkeep
|
|t:|1756851020
|switch|p2a: Tyranitar|Tyranitar, L50, M|100/100
|-weather|Sandstorm|[from] ability: Sand Stream|[of] p2a: Tyranitar
|turn|3
|
|t:|1756851041
|move|p1b: Sneasler|Close Combat|p2a: Tyranitar
|-supereffective|p2a: Tyranitar
|-damage|p2a: Tyranitar|0 fnt
|-unboost|p1b: Sneasler|def|1
|-unboost|p1b: Sneasler|spd|1
|faint|p2a: Tyranitar
|move|p1a: Indeedee|Expanding Force|p2b: Archaludon
|-resisted|p2b: Archaludon
|-damage|p2b: Archaludon|0 fnt
|faint|p2b: Archaludon
|
|-weather|Sandstorm|[upkeep]
|-damage|p1b: Sneasler|95/100|[from] Sandstorm
|-damage|p1a: Indeedee|59/100|[from] Sandstorm
|upkeep
|
|t:|1756851057
|switch|p2a: Amoonguss|Amoonguss, L50, M|100/100
|turn|4
|
|t:|1756851072
|switch|p1b: Annihilape|Annihilape, L50, M|100/100
|move|p1a: Indeedee|Expanding Force|p2a: Amoonguss
|-supereffective|p2a: Amoonguss
|-damage|p2a: Amoonguss|0 fnt
|faint|p2a: Amoonguss
|
|win|idkvgc45
|raw|idkvgc45's rating: 1107 → 1129(+22 for winning)
|raw|darthray 25's rating: 1072 → 1053(-19 for losing)
