|j|☆Centiskorch18
|j|☆Quill86
|html|Centiskorch18Quill86    
|uhtml|bestof|Game 2 of a best-of-3
|t:|1756520574
|gametype|doubles
|player|p1|Centiskorch18|1|1153
|player|p2|Quill86|lucas|1266
|gen|9
|tier|[Gen 9] VGC 2025 Reg H (Bo3)
|rated|
|rule|Species Clause: Limit one of each Pokémon
|rule|Item Clause: Limit 1 of each item
|clearpoke
|poke|p1|Volcarona, L50, F|
|poke|p1|Rillaboom, L50, M|
|poke|p1|Ninetales-Alola, L50, F|
|poke|p1|Annihilape, L50, M|
|poke|p1|Glimmora, L50, F|
|poke|p1|Dragapult, L50, M|
|poke|p2|Indeedee-F, L50, F|
|poke|p2|Gallade, L50, M|
|poke|p2|Torkoal, L50, F|
|poke|p2|Ursaluna, L50, M|
|poke|p2|Hatterene, L50, F|
|poke|p2|Smeargle, L50, F|
|teampreview|4
|showteam|p1|Volcarona||GrassySeed|FlameBody|HeatWave,GigaDrain,QuiverDance,Protect|||F|||50|,,,,,Grass]Rillaboom||AssaultVest|GrassySurge|WoodHammer,GrassyGlide,FakeOut,Uturn|||M|||50|,,,,,Fire]Ninetales-Alola||FocusSash|SnowWarning|Blizzard,AuroraVeil,IcyWind,Encore|||F|||50|,,,,,Ghost]Annihilape||SafetyGoggles|Defiant|CloseCombat,RageFist,FinalGambit,Protect|||M|||50|,,,,,Water]Glimmora||PowerHerb|ToxicDebris|MeteorBeam,SludgeBomb,EarthPower,Protect|||F|||50|,,,,,Grass]Dragapult||ChoiceBand|ClearBody|DragonDarts,PhantomForce,SuckerPunch,Uturn|||M|||50|,,,,,Dragon
|showteam|p2|Indeedee-F||PsychicSeed|PsychicSurge|FollowMe,TrickRoom,HelpingHand,DazzlingGleam|||F|||50|,,,,,Fairy]Gallade||ClearAmulet|Sharpness|SacredSword,PsychoCut,WideGuard,TrickRoom|||M|||50|,,,,,Grass]Torkoal||ChoiceSpecs|Drought|Eruption,WeatherBall,EarthPower,HeatWave|||F|||50|,,,,,Fire]Ursaluna||FlameOrb|Guts|Protect,HeadlongRush,Facade,Earthquake|||M|||50|,,,,,Ghost]Hatterene||LifeOrb|MagicBounce|DazzlingGleam,ExpandingForce,MysticalFire,TrickRoom|||F|||50|,,,,,Fire]Smeargle||FocusSash|Moody|FakeOut,Spore,Decorate,FollowMe|||F|||50|,,,,,Ghost
|inactive|Battle timer is ON: inactive players will automatically lose when time's up. (requested by Centiskorch18)
|c|☆Centiskorch18|glhf
|
|t:|1756520581
|teamsize|p1|4
|teamsize|p2|4
|start
|switch|p1a: Annihilape|Annihilape, L50, M|100/100
|switch|p1b: Glimmora|Glimmora, L50, F|100/100
|switch|p2a: Indeedee|Indeedee-F, L50, F|100/100
|switch|p2b: Gallade|Gallade, L50, M|100/100
|-fieldstart|move: Psychic Terrain|[from] ability: Psychic Surge|[of] p2a: Indeedee
|-enditem|p2a: Indeedee|Psychic Seed
|-boost|p2a: Indeedee|spd|1|[from] item: Psychic Seed
|turn|1
|inactive|Centiskorch18 has 30 seconds left.
|
|t:|1756520611
|-terastallize|p1b: Glimmora|Grass
|move|p2a: Indeedee|Follow Me|p2a: Indeedee
|-singleturn|p2a: Indeedee|move: Follow Me
|move|p1a: Annihilape|Final Gambit|p2a: Indeedee
|-damage|p2a: Indeedee|0 fnt
|faint|p1a: Annihilape
|faint|p2a: Indeedee
|move|p1b: Glimmora|Sludge Bomb|p2b: Gallade
|-damage|p2b: Gallade|61/100
|move|p2b: Gallade|Trick Room|p2b: Gallade
|-fieldstart|move: Trick Room|[of] p2b: Gallade
|
|upkeep
|
|t:|1756520622
|switch|p2a: Hatterene|Hatterene, L50, F|100/100
|switch|p1a: Rillaboom|Rillaboom, L50, M|100/100
|-fieldstart|move: Grassy Terrain|[from] ability: Grassy Surge|[of] p1a: Rillaboom
|turn|2
|
|t:|1756520646
|switch|p2b: Torkoal|Torkoal, L50, F|100/100
|-weather|SunnyDay|[from] ability: Drought|[of] p2b: Torkoal
|move|p2a: Hatterene|Mystical Fire|p1b: Glimmora
|-supereffective|p1b: Glimmora
|-damage|p1b: Glimmora|0 fnt
|faint|p1b: Glimmora
|-damage|p2a: Hatterene|91/100|[from] item: Life Orb
|move|p1a: Rillaboom|Wood Hammer|p2b: Torkoal
|-resisted|p2b: Torkoal
|-damage|p2b: Torkoal|73/100
|-damage|p1a: Rillaboom|93/100|[from] Recoil
|
|-weather|SunnyDay|[upkeep]
|-heal|p2b: Torkoal|80/100|[from] Grassy Terrain
|-heal|p2a: Hatterene|97/100|[from] Grassy Terrain
|-heal|p1a: Rillaboom|99/100|[from] Grassy Terrain
|upkeep
|
|t:|1756520651
|switch|p1b: Ninetales|Ninetales-Alola, L50, F|100/100
|-weather|Snowscape|[from] ability: Snow Warning|[of] p1b: Ninetales
|turn|3
|
|t:|1756520666
|-terastallize|p2b: Torkoal|Fire
|move|p1a: Rillaboom|Fake Out||[still]
|-hint|Fake Out only works on your first turn out.
|-fail|p1a: Rillaboom
|move|p2b: Torkoal|Eruption|p1b: Ninetales|[spread] p1a,p1b
|-supereffective|p1a: Rillaboom
|-supereffective|p1b: Ninetales
|-damage|p1a: Rillaboom|0 fnt
|-enditem|p1b: Ninetales|Focus Sash
|-damage|p1b: Ninetales|1/100
|faint|p1a: Rillaboom
|move|p2a: Hatterene|Expanding Force|p1b: Ninetales
|-damage|p1b: Ninetales|0 fnt
|faint|p1b: Ninetales
|-damage|p2a: Hatterene|87/100|[from] item: Life Orb
|
|win|Quill86
||Centiskorch18 is ready for game 3.
||Quill86 is ready for game 3.
|uhtml|next|Next: Game 3 of 3
|l|☆Centiskorch18
|player|p1|
