|j|☆slichez
|j|☆browe
|html|slichezbrowe    
|uhtml|bestof|Game 1 of a best-of-3
|t:|1757727626
|gametype|doubles
|player|p1|slichez|swimmerf-gen4|1176
|player|p2|browe|shadowtriad|1182
|gen|9
|tier|[Gen 9] VGC 2025 Reg H (Bo3)
|rated|
|rule|Species Clause: Limit one of each Pokémon
|rule|Item Clause: Limit 1 of each item
|clearpoke
|poke|p1|Ursaluna, L50, M|
|poke|p1|Sneasler, L50, M|
|poke|p1|Talonflame, L50, M|
|poke|p1|Gholdengo, L50|
|poke|p1|Electabuzz, L50, F|
|poke|p1|Farigiraf, L50, M|
|poke|p2|Sneasler, L50, F|
|poke|p2|Pelipper, L50, M|
|poke|p2|Basculegion, L50, M|
|poke|p2|Indeedee, L50, M|
|poke|p2|Amoonguss, L50, M|
|poke|p2|Archaludon, L50, F|
|teampreview|4
|showteam|p1|Ursaluna||FlameOrb|Guts|Facade,Earthquake,Protect,Yawn|||M|||50|,,,,,Normal]Sneasler||SitrusBerry|Unburden|DireClaw,FakeOut,CloseCombat,FirePunch|||M|||50|,,,,,Fire]Talonflame||CovertCloak|GaleWings|BraveBird,FlareBlitz,Tailwind,WillOWisp|||M|||50|,,,,,Ground]Gholdengo||MetalCoat|GoodasGold|MakeItRain,NastyPlot,Protect,ShadowBall||||||50|,,,,,Steel]Electabuzz||Eviolite|VitalSpirit|Electroweb,FollowMe,HelpingHand,Protect|||F|||50|,,,,,Ghost]Farigiraf||SafetyGoggles|ArmorTail|Imprison,TrickRoom,HyperVoice,Endeavor|||M|||50|,,,,,Flying
|showteam|p2|Sneasler||PsychicSeed|Unburden|DireClaw,CloseCombat,ThroatChop,Protect|||F|||50|,,,,,Dark]Pelipper||FocusSash|Drizzle|Hurricane,WeatherBall,Tailwind,Protect|||M|||50|,,,,,Ghost]Basculegion||ChoiceBand|SwiftSwim|WaveCrash,LastRespects,AquaJet,FlipTurn|||M|||50|,,,,,Grass]Indeedee||ChoiceScarf|PsychicSurge|ExpandingForce,DazzlingGleam,ShadowBall,Trick|||M|||50|,,,,,Psychic]Amoonguss||SitrusBerry|Regenerator|PollenPuff,RagePowder,ClearSmog,Spore|||M|||50|,,,,,Psychic]Archaludon||AssaultVest|Stamina|DracoMeteor,FlashCannon,ElectroShot,BodyPress|||F|||50|,,,,,Bug
|inactive|Battle timer is ON: inactive players will automatically lose when time's up. (requested by browe)
|
|t:|1757727727
|teamsize|p1|4
|teamsize|p2|4
|start
|switch|p1a: Electabuzz|Electabuzz, L50, F|100/100
|switch|p1b: Gholdengo|Gholdengo, L50|100/100
|switch|p2a: Pelipper|Pelipper, L50, M|100/100
|switch|p2b: Basculegion|Basculegion, L50, M|100/100
|-weather|RainDance|[from] ability: Drizzle|[of] p2a: Pelipper
|turn|1
|inactive|slichez has 30 seconds left.
|inactive|browe has 30 seconds left.
|inactive|slichez has 20 seconds left.
|inactive|browe has 20 seconds left.
|inactive|slichez has 15 seconds left.
|inactive|browe has 15 seconds left.
|inactive|slichez has 10 seconds left.
|inactive|slichez has 5 seconds left.
|
|t:|1757727777
|move|p1b: Gholdengo|Protect|p1b: Gholdengo
|-singleturn|p1b: Gholdengo|Protect
|move|p2b: Basculegion|Wave Crash|p1a: Electabuzz
|-damage|p1a: Electabuzz|0 fnt
|faint|p1a: Electabuzz
|-damage|p2b: Basculegion|76/100|[from] Recoil
|move|p2a: Pelipper|Hurricane|p1b: Gholdengo
|-activate|p1b: Gholdengo|move: Protect
|
|-weather|RainDance|[upkeep]
|upkeep
|
|t:|1757727789
|switch|p1a: Farigiraf|Farigiraf, L50, M, shiny|100/100
|turn|2
|inactive|slichez has 30 seconds left.
|
|t:|1757727815
|-terastallize|p1b: Gholdengo|Steel
|move|p2b: Basculegion|Wave Crash|p1b: Gholdengo
|-damage|p1b: Gholdengo|0 fnt
|faint|p1b: Gholdengo
|-damage|p2b: Basculegion|46/100|[from] Recoil
|move|p2a: Pelipper|Hurricane|p1a: Farigiraf
|-damage|p1a: Farigiraf|51/100
|move|p1a: Farigiraf|Hyper Voice|p2a: Pelipper|[spread] p2a
|-immune|p2b: Basculegion
|-damage|p2a: Pelipper|49/100
|
|-weather|RainDance|[upkeep]
|upkeep
|-message|slichez forfeited.
|
|win|browe
|l|☆slichez
|player|p1|
||browe is ready for game 2.
||slichez is ready for game 2.
|uhtml|next|Next: Game 2 of 3
