|j|☆JuanGuerrero09
|j|☆TJP195
|html|JuanGuerrero09TJP195    
|uhtml|bestof|Game 1 of a best-of-3
|t:|1756991917
|gametype|doubles
|player|p1|JuanGuerrero09|169|1153
|player|p2|TJP195|rocketgrunt|1054
|gen|9
|tier|[Gen 9] VGC 2025 Reg H (Bo3)
|rated|
|rule|Species Clause: Limit one of each Pokémon
|rule|Item Clause: Limit 1 of each item
|clearpoke
|poke|p1|Sneasler, L50, M|
|poke|p1|Indeedee, L50, M|
|poke|p1|Tyranitar, L50, M|
|poke|p1|Excadrill, L50, M|
|poke|p1|Gholdengo, L50|
|poke|p1|Incineroar, L50, M|
|poke|p2|Braviary-Hisui, L50, M|
|poke|p2|Ursaluna, L50, M|
|poke|p2|Indeedee-F, L50, F|
|poke|p2|Flamigo, L50, M|
|poke|p2|Incineroar, L50, M|
|poke|p2|Meowstic, L50, M|
|teampreview|4
|showteam|p1|Sneasler||WhiteHerb|Unburden|CloseCombat,DireClaw,FakeOut,Protect|||M|||50|,,,,,Dark]Indeedee||ChoiceScarf|PsychicSurge|ExpandingForce,TeraBlast,Trick,Protect|||M|||50|,,,,,Fire]Tyranitar||AssaultVest|SandStream|RockSlide,KnockOff,TeraBlast,LowKick|||M|||50|,,,,,Flying]Excadrill||FocusSash|SandRush|HighHorsepower,Earthquake,IronHead,Protect|||M|||50|,,,,,Ground]Gholdengo||MetalCoat|GoodasGold|ShadowBall,Protect,MakeItRain,NastyPlot||||||50|,,,,,Water]Incineroar||SafetyGoggles|Intimidate|FakeOut,KnockOff,FlareBlitz,PartingShot|||M|||50|,,,,,Ghost
|showteam|p2|Braviary-Hisui||ChoiceSpecs|TintedLens|ExpandingForce,HeatWave,Snarl,Hurricane|||M|||50|,,,,,Psychic]Ursaluna||FlameOrb|Guts|Facade,Protect,HeadlongRush,Earthquake|||M|||50|,,,,,Ghost]Indeedee-F||SafetyGoggles|PsychicSurge|TrickRoom,FollowMe,HelpingHand,DazzlingGleam|||F|||50|,,,,,Fairy]Flamigo||FocusSash|Scrappy|CloseCombat,Protect,WideGuard,Acrobatics|||M|||50|,,,,,Stellar]Incineroar||AssaultVest|Intimidate|Uturn,FakeOut,KnockOff,FlareBlitz|||M|||50|,,,,,Grass]Meowstic||MentalHerb|Prankster|PsychicTerrain,TrickRoom,LightScreen,RainDance|||M|||50|,,,,,Grass
|inactive|Battle timer is ON: inactive players will automatically lose when time's up. (requested by TJP195)
|
|t:|1756991985
|teamsize|p1|4
|teamsize|p2|4
|start
|switch|p1a: Tyranitar|Tyranitar, L50, M|100/100
|switch|p1b: Gholdengo|Gholdengo, L50|100/100
|switch|p2a: Indeedee|Indeedee-F, L50, F, shiny|100/100
|switch|p2b: Flamigo|Flamigo, L50, M, shiny|100/100
|-fieldstart|move: Psychic Terrain|[from] ability: Psychic Surge|[of] p2a: Indeedee
|-weather|Sandstorm|[from] ability: Sand Stream|[of] p1a: Tyranitar
|turn|1
|inactive|JuanGuerrero09 has 30 seconds left.
|inactive|TJP195 has 30 seconds left.
|
|t:|1756992019
|-terastallize|p1a: Tyranitar|Flying
|move|p1b: Gholdengo|Protect|p1b: Gholdengo
|-singleturn|p1b: Gholdengo|Protect
|move|p2b: Flamigo|Close Combat|p1a: Tyranitar
|-resisted|p1a: Tyranitar
|-damage|p1a: Tyranitar|76/100
|-unboost|p2b: Flamigo|def|1
|-unboost|p2b: Flamigo|spd|1
|move|p1a: Tyranitar|Tera Blast|p2b: Flamigo|[anim] Tera Blast Flying
|-supereffective|p2b: Flamigo
|-enditem|p2b: Flamigo|Focus Sash
|-damage|p2b: Flamigo|1/100
|move|p2a: Indeedee|Trick Room|p2a: Indeedee
|-fieldstart|move: Trick Room|[of] p2a: Indeedee
|
|-weather|Sandstorm|[upkeep]
|-damage|p1a: Tyranitar|70/100|[from] Sandstorm
|-damage|p2b: Flamigo|0 fnt|[from] Sandstorm
|faint|p2b: Flamigo
|upkeep
|
|t:|1756992039
|switch|p2b: Braviary|Braviary-Hisui, L50, M, shiny|100/100
|turn|2
|
|t:|1756992061
|switch|p2a: Ursaluna|Ursaluna, L50, M, shiny|100/100
|-terastallize|p2b: Braviary|Psychic
|move|p2b: Braviary|Expanding Force|p1a: Tyranitar|[spread] p1a,p1b
|-resisted|p1b: Gholdengo
|-damage|p1a: Tyranitar|0 fnt
|-damage|p1b: Gholdengo|0 fnt
|faint|p1a: Tyranitar
|faint|p1b: Gholdengo
|
|-weather|Sandstorm|[upkeep]
|-damage|p2b: Braviary|95/100|[from] Sandstorm
|-status|p2a: Ursaluna|brn|[from] item: Flame Orb
|upkeep
|
|t:|1756992069
|switch|p1a: Incineroar|Incineroar, L50, M|100/100
|switch|p1b: Excadrill|Excadrill, L50, M|100/100
|-ability|p1a: Incineroar|Intimidate|boost
|-unboost|p2a: Ursaluna|atk|1
|-unboost|p2b: Braviary|atk|1
|turn|3
|
|t:|1756992091
|move|p1b: Excadrill|Protect|p1b: Excadrill
|-singleturn|p1b: Excadrill|Protect
|move|p2a: Ursaluna|Headlong Rush|p1a: Incineroar
|-supereffective|p1a: Incineroar
|-damage|p1a: Incineroar|0 fnt
|-unboost|p2a: Ursaluna|def|1
|-unboost|p2a: Ursaluna|spd|1
|faint|p1a: Incineroar
|move|p2b: Braviary|Expanding Force|p1b: Excadrill
|-activate|p1b: Excadrill|move: Protect
|
|-weather|Sandstorm|[upkeep]
|-damage|p2b: Braviary|89/100|[from] Sandstorm
|-damage|p2a: Ursaluna|94/100 brn|[from] brn
|upkeep
|turn|4
|-message|JuanGuerrero09 forfeited.
|
|win|TJP195
