|j|ŌśåLiko FWD
|j|Ōśåmiku snow
|html|Liko FWDmiku snow    
|uhtml|bestof|Game 1 of a best-of-3
|t:|1757765015
|gametype|doubles
|player|p1|Liko FWD|lady|
|player|p2|miku snow|miku-ghost|
|gen|9
|tier|[Gen 9] VGC 2025 Reg H (Bo3)
|rule|Species Clause: Limit one of each Pok├®mon
|rule|Item Clause: Limit 1 of each item
|clearpoke
|poke|p1|Vivillon-Icy Snow, L50, F|
|poke|p1|Meowscarada, L50, F|
|poke|p1|Reuniclus, L50, M|
|poke|p1|Emboar, L50, M|
|poke|p1|Archaludon, L50, F|
|poke|p1|Maushold, L50|
|poke|p2|Dragapult, L50, M|
|poke|p2|Ursaluna-Bloodmoon, L50, M|
|poke|p2|Gholdengo, L50|
|poke|p2|Whimsicott, L50, M|
|poke|p2|Annihilape, L50, F|
|poke|p2|Rillaboom, L50, M|
|teampreview|4
|showteam|p1|Vivillon-Icy Snow||FocusSash|CompoundEyes|SleepPowder,Tailwind,Hurricane,Protect|||F|||50|,,,,,Ghost]Meowscarada||ChoiceBand|Protean|FlowerTrick,KnockOff,Uturn,ShadowClaw|||F|||50|,,,,,Ghost]Reuniclus||LifeOrb|MagicGuard|EnergyBall,TrickRoom,FlashCannon,ExpandingForce|||M|||50|,,,,,Fairy]Emboar||IronBall|Reckless|HeatCrash,HeadSmash,WildCharge,DrainPunch|||M|||50|,,,,,Electric]Archaludon||AssaultVest|Stamina|BodyPress,DracoMeteor,ElectroShot,FlashCannon|||F|||50|,,,,,Fairy]Maushold||WideLens|FriendGuard|PopulationBomb,FollowMe,Protect,TidyUp||||||50|,,,,,Ghost
|showteam|p2|Dragapult||ChoiceBand|ClearBody|DragonDarts,PhantomForce,Uturn,Outrage|||M|||50|,,,,,Dragon]Ursaluna-Bloodmoon||AssaultVest|MindsEye|BloodMoon,HyperVoice,EarthPower,VacuumWave|||M|||50|,,,,,Normal]Gholdengo||LifeOrb|GoodasGold|MakeItRain,ShadowBall,NastyPlot,Protect||||||50|,,,,,Water]Whimsicott||CovertCloak|Prankster|Tailwind,BeatUp,Encore,Moonblast|||M|||50|,,,,,Dark]Annihilape||Leftovers|Defiant|DrainPunch,RageFist,BulkUp,Protect|||F|||50|,,,,,Fire]Rillaboom||MiracleSeed|GrassySurge|WoodHammer,GrassyGlide,FakeOut,Uturn|||M|||50|,,,,,Fire
|j| DeEternal
|c|ŌśåLiko FWD|who tf
|c|ŌśåLiko FWD|get out
|c|ŌśåLiko FWD|fucking rando
|c|Ōśåmiku snow|deeternal im gonna slime you
|c|ŌśåLiko FWD|mf get yo ass out of our battle
|c|ŌśåLiko FWD|get the fuck out
|j| efwefwefwefweifier
|c| efwefwefwefweifier|stop being so mean to deeternal
|l| efwefwefwefweifier
|c|ŌśåLiko FWD|DeEternal GET OUT OF OUR BATTLE
|c|ŌśåLiko FWD|RIGHT FUCKING NOW BRO
|c|ŌśåLiko FWD|GET YO ASS OUT BRO
|
|t:|1757765196
|teamsize|p1|4
|teamsize|p2|4
|start
|switch|p1a: Reuniclus|Reuniclus, L50, M|100/100
|switch|p1b: Maushold|Maushold, L50|100/100
|switch|p2a: Dragapult|Dragapult, L50, M|100/100
|switch|p2b: Whimsicott|Whimsicott, L50, M, shiny|100/100
|turn|1
|
|t:|1757765234
|move|p1b: Maushold|Follow Me|p1b: Maushold
|-singleturn|p1b: Maushold|move: Follow Me
|move|p2a: Dragapult|Dragon Darts|p1b: Maushold
|-damage|p1b: Maushold|49/100
|-anim|p2a: Dragapult|Dragon Darts|p1b: Maushold
|-damage|p1b: Maushold|0 fnt
|faint|p1b: Maushold
|move|p2b: Whimsicott|Moonblast|p1a: Reuniclus
|-damage|p1a: Reuniclus|72/100
|move|p1a: Reuniclus|Trick Room|p1a: Reuniclus
|-fieldstart|move: Trick Room|[of] p1a: Reuniclus
|
|upkeep
|inactive|Battle timer is ON: inactive players will automatically lose when time's up. (requested by Liko FWD)
|
|t:|1757765250
|switch|p1b: Emboar|Emboar, L50, M|100/100
|turn|2
|
|t:|1757765268
|-terastallize|p2a: Dragapult|Dragon
|move|p2b: Whimsicott|Encore|p1a: Reuniclus
|-start|p1a: Reuniclus|Encore
|move|p1b: Emboar|Heat Crash|p2b: Whimsicott
|-supereffective|p2b: Whimsicott
|-damage|p2b: Whimsicott|0 fnt
|faint|p2b: Whimsicott
|move|p1a: Reuniclus|Trick Room|p1a: Reuniclus
|-fieldend|move: Trick Room
|move|p2a: Dragapult|Dragon Darts|p1b: Emboar
|-damage|p1b: Emboar|42/100
|-anim|p2a: Dragapult|Dragon Darts|p1a: Reuniclus
|-damage|p1a: Reuniclus|21/100
|
|upkeep
|
|t:|1757765283
|switch|p2b: Ursaluna|Ursaluna-Bloodmoon, L50, M|100/100
|turn|3
|
|t:|1757765288
|switch|p1b: Archaludon|Archaludon, L50, F|100/100
|-terastallize|p1a: Reuniclus|Fairy
|move|p2a: Dragapult|Dragon Darts|p1b: Archaludon
|-damage|p1b: Archaludon|61/100
|-ability|p1b: Archaludon|Stamina|boost
|-boost|p1b: Archaludon|def|1
|-anim|p2a: Dragapult|Dragon Darts|p1b: Archaludon
|-damage|p1b: Archaludon|33/100
|-ability|p1b: Archaludon|Stamina|boost
|-boost|p1b: Archaludon|def|1
|move|p2b: Ursaluna|Hyper Voice|p1a: Reuniclus|[spread] p1a,p1b
|-resisted|p1b: Archaludon
|-damage|p1a: Reuniclus|0 fnt
|-damage|p1b: Archaludon|18/100
|-ability|p1b: Archaludon|Stamina|boost
|-boost|p1b: Archaludon|def|1
|faint|p1a: Reuniclus
|
|upkeep
|
|t:|1757765300
|switch|p1a: Emboar|Emboar, L50, M|42/100
|turn|4
|
|t:|1757765310
|move|p2b: Ursaluna|Vacuum Wave|p1b: Archaludon
|-supereffective|p1b: Archaludon
|-damage|p1b: Archaludon|0 fnt
|faint|p1b: Archaludon
|move|p2a: Dragapult|Dragon Darts|p1a: Emboar
|-damage|p1a: Emboar|0 fnt
|faint|p1a: Emboar
|
|win|miku snow
||Liko FWD is ready for game 2.
||miku snow is ready for game 2.
|uhtml|next|Next: Game 2 of 3
