|j|☆almagroalanzarote
|j|☆umizoomis
|html|almagroalanzaroteumizoomis    
|uhtml|bestof|Game 1 of a best-of-3
|t:|1784043191
|gametype|doubles
|player|p1|almagroalanzarote|nate|1108
|player|p2|umizoomis|n|1044
|gen|9
|tier|[Gen 9 Champions] VGC 2026 Reg M-B (Bo3)
|rated|
|rule|Species Clause: Limit one of each Pokémon
|rule|Item Clause: Limit 1 of each item
|clearpoke
|poke|p1|Grimmsnarl, L50, M|
|poke|p1|Venusaur, L50, M|
|poke|p1|Pelipper, L50, M|
|poke|p1|Archaludon, L50, M|
|poke|p1|Charizard, L50, M|
|poke|p1|Basculegion, L50, M|
|poke|p2|Swampert, L50, F, shiny|
|poke|p2|Pelipper, L50, F, shiny|
|poke|p2|Palafin, L50, F|
|poke|p2|Gengar, L50, M, shiny|
|poke|p2|Overqwil, L50, F, shiny|
|poke|p2|Corviknight, L50, M, shiny|
|teampreview|4
|showteam|p1|Grimmsnarl||LightClay|Prankster|SpiritBreak,Reflect,LightScreen,PartingShot|Careful||M|||50|]Venusaur||FocusSash|Chlorophyll|SludgeBomb,EarthPower,SleepPowder,Protect|Modest||M|||50|]Pelipper||SitrusBerry|Drizzle|WeatherBall,Hurricane,Tailwind,WideGuard|Modest||M|||50|]Archaludon||Leftovers|Stamina|ElectroShot,FlashCannon,DragonPulse,Protect|Modest||M|||50|]Charizard||CharizarditeY|Blaze|WeatherBall,HeatWave,SolarBeam,Protect|Modest||M|||50|]Basculegion||ChoiceScarf|Adaptability|WaveCrash,FlipTurn,AquaJet,LastRespects|Jolly||M|||50|
|showteam|p2|Swampert||Swampertite|Torrent|Earthquake,Waterfall,Protect,RockSlide|Adamant||F|||50|]Pelipper||DampRock|Drizzle|Protect,Roost,WeatherBall,Hurricane|Modest||F|||50|]Palafin||ExpertBelt|ZerotoHero|JetPunch,IcePunch,CloseCombat,ZenHeadbutt|Adamant||F|||50|]Gengar||ChoiceScarf|CursedBody|SludgeWave,Thunder,ShadowBall,EnergyBall|Modest||M|||50|]Overqwil||FocusSash|SwiftSwim|SwordsDance,Protect,Liquidation,Crunch|Jolly||F|||50|]Corviknight||Leftovers|Unnerve|Roost,BraveBird,BulkUp,BodyPress|Impish||M|||50|
|inactive|Battle timer is ON: inactive players will automatically lose when time's up. (requested by almagroalanzarote)
|inactive|almagroalanzarote has 60 seconds left.
|inactive|umizoomis has 60 seconds left.
|c|☆umizoomis|Nice team
|inactive|almagroalanzarote has 30 seconds left.
|inactive|almagroalanzarote has 20 seconds left.
|inactive|almagroalanzarote has 15 seconds left.
|c|☆almagroalanzarote|Yeah, really original
|inactive|almagroalanzarote has 10 seconds left.
|inactive|almagroalanzarote has 5 seconds left.
|
|t:|1784043281
|teamsize|p1|4
|teamsize|p2|4
|start
|switch|p1a: Archaludon|Archaludon, L50, M|100/100
|switch|p1b: Charizard|Charizard, L50, M|100/100
|switch|p2a: Pelipper|Pelipper, L50, F, shiny|100/100
|switch|p2b: Gengar|Gengar, L50, M, shiny|100/100
|-weather|RainDance|[from] ability: Drizzle|[of] p2a: Pelipper
|turn|1
|
|t:|1784043306
|move|p1b: Charizard|Protect|p1b: Charizard
|-singleturn|p1b: Charizard|Protect
|move|p2a: Pelipper|Protect|p2a: Pelipper
|-singleturn|p2a: Pelipper|Protect
|move|p2b: Gengar|Thunder|p1b: Charizard
|-activate|p1b: Charizard|move: Protect
|move|p1a: Archaludon|Electro Shot||[still]
|-prepare|p1a: Archaludon|Electro Shot
|-boost|p1a: Archaludon|spa|1
|-anim|p1a: Archaludon|Electro Shot|p2b: Gengar
|-damage|p2b: Gengar|1/100
|
|-weather|RainDance|[upkeep]
|upkeep
|turn|2
|inactive|umizoomis has 30 seconds left.
|
|t:|1784043340
|switch|p2a: Swampert|Swampert, L50, F, shiny|100/100
|detailschange|p1b: Charizard|Charizard-Mega-Y, L50, M
|-mega|p1b: Charizard|Charizard|Charizardite Y
|-weather|SunnyDay|[from] ability: Drought|[of] p1b: Charizard
|move|p2b: Gengar|Thunder|p1b: Charizard|[miss]
|-miss|p2b: Gengar|p1b: Charizard
|move|p1b: Charizard|Heat Wave|p2b: Gengar|[spread] p2a,p2b
|-resisted|p2a: Swampert|1
|-damage|p2a: Swampert|64/100
|-damage|p2b: Gengar|0 fnt
|-status|p2a: Swampert|brn
|faint|p2b: Gengar
|move|p1a: Archaludon|Dragon Pulse|p2a: Swampert
|-damage|p2a: Swampert|0 fnt
|faint|p2a: Swampert
|
|-weather|SunnyDay|[upkeep]
|upkeep
|inactive|umizoomis has 30 seconds left.
|-message|umizoomis forfeited.
|
|win|almagroalanzarote
|l|☆umizoomis
|player|p2|
