|j|☆The OG Trainer Red
|j|☆BVSelf
|html|The OG Trainer RedBVSelf    
|uhtml|bestof|Game 1 of a best-of-3
|t:|1784011979
|gametype|doubles
|player|p1|The OG Trainer Red|red|1169
|player|p2|BVSelf|benga|1354
|gen|9
|tier|[Gen 9 Champions] VGC 2026 Reg M-B (Bo3)
|rated|
|rule|Species Clause: Limit one of each Pokémon
|rule|Item Clause: Limit 1 of each item
|clearpoke
|poke|p1|Charizard, L50, F|
|poke|p1|Venusaur, L50, F|
|poke|p1|Garchomp, L50, F|
|poke|p1|Staraptor, L50, F|
|poke|p1|Annihilape, L50, F, shiny|
|poke|p1|Ninetales-Alola, L50, F|
|poke|p2|Sneasler, L50, M|
|poke|p2|Sinistcha, L50|
|poke|p2|Incineroar, L50, F|
|poke|p2|Kingambit, L50, M|
|poke|p2|Delphox, L50, F|
|poke|p2|Blastoise, L50, M|
|teampreview|4
|showteam|p1|Charizard||CharizarditeY|Blaze|HeatWave,SolarBeam,AirSlash,Protect|Timid||F|||50|]Venusaur||WideLens|Chlorophyll|SleepPowder,SludgeBomb,GigaDrain,EarthPower|Modest||F|||50|]Garchomp||LifeOrb|RoughSkin|Earthquake,RockSlide,DragonClaw,Crunch|Jolly||F|||50|]Staraptor||Staraptite|Intimidate|BraveBird,CloseCombat,BlazeKick,Tailwind|Jolly||F|||50|]Annihilape||Leftovers|Defiant|DrainPunch,RageFist,BulkUp,Protect|Jolly||F|||50|]Ninetales-Alola||FocusSash|SnowWarning|AuroraVeil,Blizzard,FreezeDry,DazzlingGleam|Modest||F|||50|
|showteam|p2|Sneasler||FocusSash|PoisonTouch|CloseCombat,DireClaw,FakeOut,QuickGuard|Jolly||M|||50|]Sinistcha||OccaBerry|Hospitality|MatchaGotcha,RagePowder,TrickRoom,Protect|Bold|||||50|]Incineroar||SitrusBerry|Intimidate|FlareBlitz,DarkestLariat,PartingShot,FakeOut|Careful||F|||50|]Kingambit||BlackGlasses|Defiant|KowtowCleave,SwordsDance,SuckerPunch,Protect|Adamant||M|||50|]Delphox||Delphoxite|Blaze|HeatWave,Psyshock,NastyPlot,Protect|Timid||F|||50|]Blastoise||Blastoisinite|RainDish|WaterSpout,DarkPulse,ShellSmash,Protect|Modest||M|||50|
|inactive|Battle timer is ON: inactive players will automatically lose when time's up. (requested by The OG Trainer Red)
|inactive|BVSelf has 60 seconds left.
|
|t:|1784012037
|teamsize|p1|4
|teamsize|p2|4
|start
|switch|p1a: Staraptor|Staraptor, L50, F|100/100
|switch|p1b: Annihilape|Annihilape, L50, F, shiny|100/100
|switch|p2a: Sneasler|Sneasler, L50, M|100/100
|switch|p2b: Delphox|Delphox, L50, F|100/100
|-ability|p1a: Staraptor|Intimidate|boost
|-unboost|p2a: Sneasler|atk|1
|-unboost|p2b: Delphox|atk|1
|turn|1
|c|☆The OG Trainer Red|bro... GOOOO
|inactive|The OG Trainer Red has 30 seconds left.
|inactive|The OG Trainer Red has 20 seconds left.
|
|t:|1784012073
|detailschange|p2b: Delphox|Delphox-Mega, L50, F
|-mega|p2b: Delphox|Delphox|Delphoxite
|detailschange|p1a: Staraptor|Staraptor-Mega, L50, F
|-mega|p1a: Staraptor|Staraptor|Staraptite
|move|p2a: Sneasler|Fake Out|p1a: Staraptor
|-damage|p1a: Staraptor|90/100
|move|p2b: Delphox|Nasty Plot|p2b: Delphox
|-boost|p2b: Delphox|spa|2
|cant|p1a: Staraptor|flinch
|move|p1b: Annihilape|Rage Fist|p2b: Delphox
|-supereffective|p2b: Delphox|1
|-damage|p2b: Delphox|43/100
|
|upkeep
|turn|2
|
|t:|1784012092
|switch|p2a: Sinistcha|Sinistcha, L50|100/100
|-heal|p2b: Delphox|67/100|[from] ability: Hospitality|[of] p2a: Sinistcha
|move|p2b: Delphox|Psyshock|p1a: Staraptor
|-supereffective|p1a: Staraptor|1
|-damage|p1a: Staraptor|0 fnt
|faint|p1a: Staraptor
|move|p1b: Annihilape|Rage Fist|p2b: Delphox
|-supereffective|p2b: Delphox|1
|-damage|p2b: Delphox|8/100
|
|upkeep
|
|t:|1784012106
|switch|p1a: Garchomp|Garchomp, L50, F|100/100
|turn|3
|
|t:|1784012123
|move|p2b: Delphox|Protect|p2b: Delphox
|-singleturn|p2b: Delphox|Protect
|move|p1b: Annihilape|Protect|p1b: Annihilape
|-singleturn|p1b: Annihilape|Protect
|move|p1a: Garchomp|Rock Slide|p2a: Sinistcha|[spread] p2a
|-activate|p2b: Delphox|move: Protect
|-damage|p2a: Sinistcha|80/100
|-damage|p1a: Garchomp|90/100|[from] item: Life Orb
|move|p2a: Sinistcha|Matcha Gotcha|p1a: Garchomp|[spread] p1a
|-activate|p1b: Annihilape|move: Protect
|-damage|p1a: Garchomp|63/100
|-heal|p2a: Sinistcha|94/100|[from] drain|[of] p1a: Garchomp
|
|upkeep
|turn|4
|
|t:|1784012145
|move|p2b: Delphox|Psyshock|p1b: Annihilape
|-supereffective|p1b: Annihilape|1
|-damage|p1b: Annihilape|0 fnt
|faint|p1b: Annihilape
|move|p1a: Garchomp|Rock Slide|p2a: Sinistcha|[spread] p2a
|-miss|p1a: Garchomp|p2b: Delphox
|-damage|p2a: Sinistcha|75/100
|-damage|p1a: Garchomp|54/100|[from] item: Life Orb
|cant|p2a: Sinistcha|flinch
|
|upkeep
|-message|The OG Trainer Red forfeited.
|
|win|BVSelf
|l|☆The OG Trainer Red
|player|p1|
||The OG Trainer Red is ready for game 2.
||BVSelf is ready for game 2.
|uhtml|next|Next: Game 2 of 3
