|j|☆ancientson
|j|☆MjamG
|html|ancientsonMjamG    
|uhtml|bestof|Game 2 of a best-of-3
|t:|1757214535
|gametype|doubles
|player|p1|ancientson|n|1071
|player|p2|MjamG|lucas|1000
|gen|9
|tier|[Gen 9] VGC 2025 Reg H (Bo3)
|rated|
|rule|Species Clause: Limit one of each Pokémon
|rule|Item Clause: Limit 1 of each item
|clearpoke
|poke|p1|Dragapult, L50, F|
|poke|p1|Gholdengo, L50|
|poke|p1|Murkrow, L50, M|
|poke|p1|Sneasler, L50, M|
|poke|p1|Armarouge, L50, M|
|poke|p1|Indeedee-F, L50, F|
|poke|p2|Archaludon, L50, F|
|poke|p2|Pelipper, L50, F|
|poke|p2|Amoonguss, L50, F|
|poke|p2|Incineroar, L50, M|
|poke|p2|Porygon2, L50|
|poke|p2|Ursaluna, L50, M|
|teampreview|4
|showteam|p1|Dragapult||LifeOrb|ClearBody|DragonDarts,Uturn,PhantomForce,SuckerPunch|||F|||50|,,,,,Dragon]Gholdengo||Leftovers|GoodasGold|Protect,ShadowBall,MakeItRain,NastyPlot||||||50|,,,,,Fighting]Murkrow||Eviolite|Prankster|FoulPlay,Tailwind,Haze,SunnyDay|||M|||50|,,,,,Dark]Sneasler||PsychicSeed|Unburden|DireClaw,CloseCombat,Protect,ThroatChop|||M|||50|,,,,,Dark]Armarouge||CovertCloak|FlashFire|ExpandingForce,HeatWave,Protect,TeraBlast|||M|||50|,,,,,Fighting]Indeedee-F||RockyHelmet|PsychicSurge|FollowMe,HelpingHand,TrickRoom,Psychic|||F|||50|,,,,,Dark
|showteam|p2|Archaludon||AssaultVest|Stamina|BodyPress,ElectroShot,DracoMeteor,FlashCannon|||F|||50|,,,,,Electric]Pelipper||LifeOrb|Drizzle|Tailwind,WeatherBall,Hurricane,TeraBlast|||F|||50|,,,,,Ground]Amoonguss||RockyHelmet|Regenerator|Spore,RagePowder,SludgeBomb,PollenPuff|||F|||50|,,,,,Dark]Incineroar||SafetyGoggles|Intimidate|FakeOut,PartingShot,KnockOff,FlareBlitz|||M|||50|,,,,,Ghost]Porygon2||Eviolite|Download|TeraBlast,IceBeam,Recover,TrickRoom||||||50|,,,,,Fighting]Ursaluna||FlameOrb|Guts|Facade,HeadlongRush,Protect,Earthquake|||M|||50|,,,,,Normal
|
|t:|1757214564
|teamsize|p1|4
|teamsize|p2|4
|start
|switch|p1a: Murkrow|Murkrow, L50, M|100/100
|switch|p1b: Armarouge|Armarouge, L50, M|100/100
|switch|p2a: Pelipper|Pelipper, L50, F|100/100
|switch|p2b: Ursaluna|Ursaluna, L50, M|100/100
|-weather|RainDance|[from] ability: Drizzle|[of] p2a: Pelipper
|turn|1
|inactive|Battle timer is ON: inactive players will automatically lose when time's up. (requested by ancientson)
|
|t:|1757214585
|-terastallize|p1b: Armarouge|Fighting
|move|p2b: Ursaluna|Protect|p2b: Ursaluna
|-singleturn|p2b: Ursaluna|Protect
|move|p1a: Murkrow|Sunny Day|p1a: Murkrow
|-weather|SunnyDay
|move|p2a: Pelipper|Weather Ball|p1a: Murkrow
|-damage|p1a: Murkrow|47/100
|-damage|p2a: Pelipper|91/100|[from] item: Life Orb
|move|p1b: Armarouge|Heat Wave|p2b: Ursaluna|[spread] p2a
|-activate|p2b: Ursaluna|move: Protect
|-resisted|p2a: Pelipper
|-damage|p2a: Pelipper|42/100
|
|-weather|SunnyDay|[upkeep]
|-status|p2b: Ursaluna|brn|[from] item: Flame Orb
|upkeep
|turn|2
|
|t:|1757214608
|move|p1a: Murkrow|Tailwind|p1a: Murkrow
|-sidestart|p1: ancientson|move: Tailwind
|move|p1b: Armarouge|Tera Blast|p2b: Ursaluna|[anim] Tera Blast Fighting
|-supereffective|p2b: Ursaluna
|-damage|p2b: Ursaluna|17/100 brn
|move|p2a: Pelipper|Weather Ball|p1a: Murkrow
|-damage|p1a: Murkrow|0 fnt
|faint|p1a: Murkrow
|-damage|p2a: Pelipper|32/100|[from] item: Life Orb
|move|p2b: Ursaluna|Earthquake|p1b: Armarouge|[spread] p1b
|-immune|p2a: Pelipper
|-damage|p1b: Armarouge|33/100
|
|-weather|SunnyDay|[upkeep]
|-damage|p2b: Ursaluna|11/100 brn|[from] brn
|upkeep
|
|t:|1757214619
|switch|p1a: Indeedee|Indeedee-F, L50, F|100/100
|-fieldstart|move: Psychic Terrain|[from] ability: Psychic Surge|[of] p1a: Indeedee
|turn|3
|
|t:|1757214635
|switch|p2a: Amoonguss|Amoonguss, L50, F|100/100
|move|p1a: Indeedee|Helping Hand|p1b: Armarouge
|-singleturn|p1b: Armarouge|Helping Hand|[of] p1a: Indeedee
|move|p2b: Ursaluna|Protect|p2b: Ursaluna
|-singleturn|p2b: Ursaluna|Protect
|move|p1b: Armarouge|Expanding Force|p2a: Amoonguss|[spread] p2a
|-activate|p2b: Ursaluna|move: Protect
|-supereffective|p2a: Amoonguss
|-damage|p2a: Amoonguss|0 fnt
|faint|p2a: Amoonguss
|
|-weather|SunnyDay|[upkeep]
|-damage|p2b: Ursaluna|5/100 brn|[from] brn
|upkeep
|
|t:|1757214648
|switch|p2a: Pelipper|Pelipper, L50, F|32/100
|-weather|RainDance|[from] ability: Drizzle|[of] p2a: Pelipper
|turn|4
|
|t:|1757214667
|move|p1a: Indeedee|Follow Me|p1a: Indeedee
|-singleturn|p1a: Indeedee|move: Follow Me
|move|p1b: Armarouge|Expanding Force|p2a: Pelipper|[spread] p2a,p2b
|-damage|p2a: Pelipper|0 fnt
|-damage|p2b: Ursaluna|0 fnt
|faint|p2a: Pelipper
|faint|p2b: Ursaluna
|
|-weather|RainDance|[upkeep]
|upkeep
|l|☆MjamG
|inactive|MjamG disconnected and has a minute to reconnect!
|player|p2|
|inactive|MjamG has 30 seconds left.
|inactive|MjamG has 20 seconds left.
|inactive|MjamG has 15 seconds left.
|inactive|MjamG has 10 seconds left.
|inactive|MjamG has 5 seconds left.
|-message|MjamG lost due to inactivity.
|
|win|ancientson
|raw|ancientson's rating: 1071 → 1094(+23 for winning)
|raw|MjamG's rating: 1000 → 1000(+0 for losing)
