|j|☆noexperiencesorry
|j|☆Giocostorto
|html|noexperiencesorryGiocostorto    
|uhtml|bestof|Game 2 of a best-of-3
|t:|1756414349
|gametype|doubles
|player|p1|noexperiencesorry|170|1145
|player|p2|Giocostorto|palmer|1147
|gen|9
|tier|[Gen 9] VGC 2025 Reg H (Bo3)
|rated|
|rule|Species Clause: Limit one of each Pokémon
|rule|Item Clause: Limit 1 of each item
|clearpoke
|poke|p1|Dragonite, L50, M|
|poke|p1|Ursaluna-Bloodmoon, L50, M|
|poke|p1|Annihilape, L50, M|
|poke|p1|Volcarona, L50, M|
|poke|p1|Rillaboom, L50, M|
|poke|p1|Incineroar, L50, M|
|poke|p2|Oricorio-Pom-Pom, L50, F|
|poke|p2|Volcarona, L50, F|
|poke|p2|Maushold, L50|
|poke|p2|Annihilape, L50, M|
|poke|p2|Basculegion, L50, M|
|poke|p2|Farigiraf, L50, M|
|teampreview|4
|showteam|p1|Dragonite||LoadedDice|Multiscale|Protect,ScaleShot,Tailwind,Haze|||M|||50|,,,,,Fairy]Ursaluna-Bloodmoon||FocusSash|MindsEye|Protect,BloodMoon,EarthPower,HyperVoice|||M|||50|,,,,,Normal]Annihilape||LumBerry|Defiant|Coaching,RageFist,CloseCombat,Taunt|||M|||50|,,,,,Fire]Volcarona||CovertCloak|FlameBody|Protect,QuiverDance,HeatWave,TeraBlast|||M|||50|,,,,,Fairy]Rillaboom||AssaultVest|GrassySurge|FakeOut,WoodHammer,GrassyGlide,HighHorsepower|||M|||50|,,,,,Fire]Incineroar||SafetyGoggles|Intimidate|FakeOut,PartingShot,FlareBlitz,KnockOff|||M|||50|,,,,,Ghost
|showteam|p2|Oricorio-Pom-Pom||FocusSash|Dancer|Hurricane,RevelationDance,Tailwind,Protect|||F|||50|,,,,,Ghost]Volcarona||CovertCloak|FlameBody|FieryDance,TeraBlast,QuiverDance,Protect|||F|||50|,,,,,Fairy]Maushold||SafetyGoggles|FriendGuard|BeatUp,Taunt,FollowMe,Protect||||||50|,,,,,Ghost]Annihilape||SitrusBerry|Defiant|Protect,BulkUp,DrainPunch,RageFist|||M|||50|,,,,,Fire]Basculegion||ChoiceScarf|Adaptability|WaveCrash,LastRespects,FlipTurn,AquaJet|||M|||50|,,,,,Water]Farigiraf||ThroatSpray|ArmorTail|Psychic,HyperVoice,TrickRoom,Imprison|||M|||50|,,,,,Fairy
|inactive|Battle timer is ON: inactive players will automatically lose when time's up. (requested by Giocostorto)
|inactive|noexperiencesorry has 60 seconds left.
|
|t:|1756414389
|teamsize|p1|4
|teamsize|p2|4
|start
|switch|p1a: Dragonite|Dragonite, L50, M, shiny|100/100
|switch|p1b: Annihilape|Annihilape, L50, M, shiny|100/100
|switch|p2a: Oricorio|Oricorio-Pom-Pom, L50, F|100/100
|switch|p2b: Volcarona|Volcarona, L50, F|100/100
|turn|1
|
|t:|1756414412
|-terastallize|p2b: Volcarona|Fairy
|move|p2b: Volcarona|Quiver Dance|p2b: Volcarona
|-boost|p2b: Volcarona|spa|1
|-boost|p2b: Volcarona|spd|1
|-boost|p2b: Volcarona|spe|1
|-activate|p2a: Oricorio|ability: Dancer
|move|p2a: Oricorio|Quiver Dance|p2a: Oricorio|[from] ability: Dancer
|-boost|p2a: Oricorio|spa|1
|-boost|p2a: Oricorio|spd|1
|-boost|p2a: Oricorio|spe|1
|move|p2a: Oricorio|Tailwind|p2a: Oricorio
|-sidestart|p2: Giocostorto|move: Tailwind
|move|p1b: Annihilape|Taunt|p2a: Oricorio
|-start|p2a: Oricorio|move: Taunt
|move|p1a: Dragonite|Tailwind|p1a: Dragonite
|-sidestart|p1: noexperiencesorry|move: Tailwind
|
|upkeep
|turn|2
|j| Arkhept
|l| Arkhept
|inactive|noexperiencesorry has 30 seconds left.
|inactive|Giocostorto has 30 seconds left.
|inactive|Giocostorto has 20 seconds left.
|inactive|noexperiencesorry has 20 seconds left.
|inactive|Giocostorto has 15 seconds left.
|inactive|noexperiencesorry has 15 seconds left.
|inactive|noexperiencesorry has 10 seconds left.
|
|t:|1756414463
|-terastallize|p1b: Annihilape|Fire
|move|p2b: Volcarona|Fiery Dance|p1a: Dragonite
|-resisted|p1a: Dragonite
|-damage|p1a: Dragonite|86/100
|-activate|p2a: Oricorio|ability: Dancer
|move|p2a: Oricorio|Fiery Dance|p1a: Dragonite|[from] ability: Dancer
|-resisted|p1a: Dragonite
|-damage|p1a: Dragonite|69/100
|move|p2a: Oricorio|Hurricane|p1a: Dragonite
|-damage|p1a: Dragonite|0 fnt
|faint|p1a: Dragonite
|move|p1b: Annihilape|Rage Fist|p2b: Volcarona
|-damage|p2b: Volcarona|73/100
|
|upkeep
|
|t:|1756414481
|switch|p1a: Ursaluna|Ursaluna-Bloodmoon, L50, M|100/100
|turn|3
|
|t:|1756414494
|move|p2b: Volcarona|Fiery Dance|p1a: Ursaluna
|-damage|p1a: Ursaluna|19/100
|-activate|p2a: Oricorio|ability: Dancer
|move|p2a: Oricorio|Fiery Dance|p1a: Ursaluna|[from] ability: Dancer
|-damage|p1a: Ursaluna|0 fnt
|-boost|p2a: Oricorio|spa|1
|faint|p1a: Ursaluna
|move|p2a: Oricorio|Hurricane|p1b: Annihilape|[miss]
|-miss|p2a: Oricorio|p1b: Annihilape
|move|p1b: Annihilape|Rage Fist|p2b: Volcarona
|-damage|p2b: Volcarona|46/100
|
|upkeep
|
|t:|1756414507
|switch|p1a: Rillaboom|Rillaboom, L50, M, shiny|100/100
|-fieldstart|move: Grassy Terrain|[from] ability: Grassy Surge|[of] p1a: Rillaboom
|turn|4
|
|t:|1756414515
|switch|p2b: Farigiraf|Farigiraf, L50, M|100/100
|move|p1a: Rillaboom|Grassy Glide||[still]
|cant|p2b: Farigiraf|ability: Armor Tail|Grassy Glide|[of] p1a: Rillaboom
|move|p2a: Oricorio|Hurricane|p1b: Annihilape
|-damage|p1b: Annihilape|13/100
|move|p1b: Annihilape|Rage Fist|p2b: Farigiraf
|-immune|p2b: Farigiraf
|
|-heal|p1b: Annihilape|19/100|[from] Grassy Terrain
|-end|p2a: Oricorio|move: Taunt
|-sideend|p2: Giocostorto|move: Tailwind
|-sideend|p1: noexperiencesorry|move: Tailwind
|upkeep
|turn|5
|-message|noexperiencesorry forfeited.
|
|win|Giocostorto
|raw|noexperiencesorry's rating: 1145 → 1120(-25 for losing)
|raw|Giocostorto's rating: 1147 → 1172(+25 for winning)
