|j|☆1TarsierFan
|j|☆exessvgc
|html|1TarsierFanexessvgc    
|uhtml|bestof|Game 3 of a best-of-3
|t:|1782322667
|gametype|doubles
|player|p1|1TarsierFan|pokemaniac|
|player|p2|exessvgc|lucas|
|gen|9
|tier|[Gen 9 Champions] VGC 2026 Reg M-B (Bo3)
|rule|Species Clause: Limit one of each Pokémon
|rule|Item Clause: Limit 1 of each item
|clearpoke
|poke|p1|Charizard, L50, F|
|poke|p1|Floette-Eternal, L50, F|
|poke|p1|Whimsicott, L50, F|
|poke|p1|Garchomp, L50, M|
|poke|p1|Basculegion, L50, M|
|poke|p1|Kingambit, L50, F|
|poke|p2|Blaziken, L50, F|
|poke|p2|Hydreigon, L50, M|
|poke|p2|Basculegion, L50, M|
|poke|p2|Whimsicott, L50, F|
|poke|p2|Farigiraf, L50, F|
|poke|p2|Metagross, L50|
|teampreview|4
|showteam|p1|Charizard||CharizarditeY|Blaze|WeatherBall,HeatWave,SolarBeam,Protect|Modest||F|||50|]Floette-Eternal||Floettite|FlowerVeil|LightofRuin,DazzlingGleam,Moonblast,Protect|Modest||F|||50|]Whimsicott||FocusSash|Prankster|Tailwind,Moonblast,Encore,Protect|Timid||F|||50|]Garchomp||SitrusBerry|RoughSkin|DragonClaw,Earthquake,RockSlide,Protect|Jolly||M|||50|]Basculegion||LifeOrb|Adaptability|WaveCrash,AquaJet,LastRespects,Protect|Adamant||M|||50|]Kingambit||BlackGlasses|Defiant|KowtowCleave,SuckerPunch,IronHead,Protect|Adamant||F|||50|
|showteam|p2|Blaziken||Blazikenite|SpeedBoost|Detect,RockSlide,CloseCombat,FlareBlitz|Jolly||F|||50|]Hydreigon||ChoiceScarf|Levitate|DracoMeteor,Snarl,EarthPower,DarkPulse|Timid||M|||50|]Basculegion||LifeOrb|Adaptability|Protect,WaveCrash,LastRespects,AquaJet|Adamant||M|||50|]Whimsicott||FocusSash|Prankster|Protect,Moonblast,EnergyBall,Tailwind|Timid||F|||50|]Farigiraf||SitrusBerry|ArmorTail|Psychic,Thunderbolt,Roar,TrickRoom|Quiet||F|||50|]Metagross||Metagrossite|ClearBody|Protect,PsychicFangs,IronHead,StompingTantrum|Brave|||||50|
|
|t:|1782322677
|teamsize|p1|4
|teamsize|p2|4
|start
|switch|p1a: Floette|Floette-Eternal, L50, F|100/100
|switch|p1b: Whimsicott|Whimsicott, L50, F|100/100
|switch|p2a: Watty|Blaziken, L50, F|100/100
|switch|p2b: Nico|Whimsicott, L50, F|100/100
|turn|1
|
|t:|1782322716
|detailschange|p2a: Watty|Blaziken-Mega, L50, F
|-mega|p2a: Watty|Blaziken|Blazikenite
|detailschange|p1a: Floette|Floette-Mega, L50, F
|-mega|p1a: Floette|Floette|Floettite
|-ability|p1a: Floette|Fairy Aura
|move|p2b: Nico|Tailwind|p2b: Nico
|-sidestart|p2: exessvgc|move: Tailwind
|move|p2a: Watty|Rock Slide|p1a: Floette|[spread] p1a,p1b
|-crit|p1b: Whimsicott
|-damage|p1a: Floette|68/100
|-damage|p1b: Whimsicott|48/100
|cant|p1b: Whimsicott|flinch
|cant|p1a: Floette|flinch
|
|-ability|p2a: Watty|Speed Boost|boost
|-boost|p2a: Watty|spe|1
|upkeep
|turn|2
|
|t:|1782322752
|switch|p2b: Uscorp|Farigiraf, L50, F|100/100
|move|p1b: Whimsicott|Encore||[still]
|cant|p2b: Uscorp|ability: Armor Tail|Encore|[of] p1b: Whimsicott
|move|p2a: Watty|Flare Blitz|p1a: Floette
|-damage|p1a: Floette|0 fnt
|faint|p1a: Floette
|-damage|p2a: Watty|76/100|[from] Recoil
|
|-ability|p2a: Watty|Speed Boost|boost
|-boost|p2a: Watty|spe|1
|upkeep
|
|t:|1782322762
|switch|p1a: Basculegion|Basculegion, L50, M|100/100
|turn|3
|
|t:|1782322780
|move|p1b: Whimsicott|Protect|p1b: Whimsicott
|-singleturn|p1b: Whimsicott|Protect
|move|p2a: Watty|Rock Slide|p1b: Whimsicott|[spread] p1a
|-activate|p1b: Whimsicott|move: Protect
|-damage|p1a: Basculegion|69/100
|move|p2b: Uscorp|Thunderbolt|p1a: Basculegion
|-supereffective|p1a: Basculegion|1
|-damage|p1a: Basculegion|1/100
|cant|p1a: Basculegion|flinch
|
|-ability|p2a: Watty|Speed Boost|boost
|-boost|p2a: Watty|spe|1
|upkeep
|turn|4
|c|☆1TarsierFan|lmao
|c|☆1TarsierFan|ggs
|-message|1TarsierFan forfeited.
|
|win|exessvgc
|c|☆exessvgc|Ggs
|l|☆exessvgc
|player|p2|
|l|☆1TarsierFan
|player|p1|
|j|☆exessvgc
|player|p2|exessvgc|lucas|
