|j|☆zxxeyxq
|j|☆taengerine
|html|zxxeyxqtaengerine    
|uhtml|bestof|Game 3 of a best-of-3
|t:|1782538575
|gametype|doubles
|player|p1|zxxeyxq|lucas|1164
|player|p2|taengerine|lady|1278
|gen|9
|tier|[Gen 9 Champions] VGC 2026 Reg M-B (Bo3)
|rated|
|rule|Species Clause: Limit one of each Pokémon
|rule|Item Clause: Limit 1 of each item
|clearpoke
|poke|p1|Floette-Eternal, L50, F|
|poke|p1|Incineroar, L50, M|
|poke|p1|Sinistcha, L50|
|poke|p1|Sneasler, L50, F|
|poke|p1|Kingambit, L50, M|
|poke|p1|Garchomp, L50, F|
|poke|p2|Mawile, L50, M|
|poke|p2|Farigiraf, L50, F|
|poke|p2|Sinistcha, L50|
|poke|p2|Garchomp, L50, M|
|poke|p2|Incineroar, L50, M|
|poke|p2|Delphox, L50, M|
|teampreview|4
|showteam|p1|Floette-Eternal||Floettite|FlowerVeil|Moonblast,DazzlingGleam,CalmMind,Protect|Timid||F|||50|]Incineroar||Leftovers|Intimidate|PartingShot,FlareBlitz,FakeOut,HelpingHand|Sassy||M|||50|]Sinistcha||SitrusBerry|Hospitality|MatchaGotcha,RagePowder,TrickRoom,Protect|Bold|||||50|]Sneasler||FocusSash|PoisonTouch|CloseCombat,PoisonJab,FakeOut,Coaching|Jolly||F|||50|]Kingambit||ChopleBerry|Defiant|KowtowCleave,IronHead,SuckerPunch,Protect|Adamant||M|||50|]Garchomp||Garchompite|RoughSkin|StompingTantrum,Earthquake,RockSlide,Protect|Adamant||F|||50|
|showteam|p2|Mawile||Mawilite|Intimidate|PlayRough,SwordsDance,SuckerPunch,Protect|Brave||M|||50|]Farigiraf||SitrusBerry|ArmorTail|Psychic,HelpingHand,TrickRoom,Thunderbolt|Quiet||F|||50|]Sinistcha||OccaBerry|Hospitality|MatchaGotcha,RagePowder,LifeDew,Protect|Bold|||||50|]Garchomp||ChoiceScarf|RoughSkin|StompingTantrum,RockSlide,DragonClaw,PoisonJab|Adamant||M|||50|]Incineroar||PasshoBerry|Intimidate|FlareBlitz,FakeOut,ThroatChop,PartingShot|Careful||M|||50|]Delphox||Delphoxite|Blaze|HeatWave,Psychic,NastyPlot,Protect|Timid||M|||50|
|inactive|Battle timer is ON: inactive players will automatically lose when time's up. (requested by taengerine)
|inactive|zxxeyxq has 60 seconds left.
|inactive|taengerine has 60 seconds left.
|inactive|zxxeyxq has 30 seconds left.
|inactive|taengerine has 30 seconds left.
|inactive|zxxeyxq has 20 seconds left.
|inactive|taengerine has 20 seconds left.
|inactive|zxxeyxq has 15 seconds left.
|inactive|taengerine has 15 seconds left.
|inactive|taengerine has 10 seconds left.
|inactive|taengerine has 5 seconds left.
|
|t:|1782538665
|teamsize|p1|4
|teamsize|p2|4
|start
|switch|p1a: Floette|Floette-Eternal, L50, F|100/100
|switch|p1b: Kingambit|Kingambit, L50, M|100/100
|switch|p2a: Garchomp|Garchomp, L50, M|100/100
|switch|p2b: Delphox|Delphox, L50, M|100/100
|turn|1
|inactive|taengerine has 30 seconds left.
|inactive|taengerine has 20 seconds left.
|inactive|taengerine has 15 seconds left.
|
|t:|1782538707
|switch|p2a: Farigiraf|Farigiraf, L50, F|100/100
|detailschange|p2b: Delphox|Delphox-Mega, L50, M
|-mega|p2b: Delphox|Delphox|Delphoxite
|detailschange|p1a: Floette|Floette-Mega, L50, F
|-mega|p1a: Floette|Floette|Floettite
|-ability|p1a: Floette|Fairy Aura
|move|p2b: Delphox|Nasty Plot|p2b: Delphox
|-boost|p2b: Delphox|spa|2
|move|p1a: Floette|Moonblast|p2a: Farigiraf
|-damage|p2a: Farigiraf|30/100
|-enditem|p2a: Farigiraf|Sitrus Berry|[eat]
|-heal|p2a: Farigiraf|55/100|[from] item: Sitrus Berry
|move|p1b: Kingambit|Kowtow Cleave|p2b: Delphox
|-supereffective|p2b: Delphox|1
|-damage|p2b: Delphox|0 fnt
|faint|p2b: Delphox
|
|upkeep
|
|t:|1782538716
|switch|p2b: Garchomp|Garchomp, L50, M|100/100
|turn|2
|
|t:|1782538724
|switch|p1b: Incineroar|Incineroar, L50, M|100/100
|-ability|p1b: Incineroar|Intimidate|boost
|-unboost|p2a: Farigiraf|atk|1
|-unboost|p2b: Garchomp|atk|1
|move|p2a: Farigiraf|Helping Hand|p2b: Garchomp
|-singleturn|p2b: Garchomp|Helping Hand|[of] p2a: Farigiraf
|move|p2b: Garchomp|Poison Jab|p1a: Floette
|-supereffective|p1a: Floette|1
|-damage|p1a: Floette|35/100
|-status|p1a: Floette|psn
|move|p1a: Floette|Moonblast|p2b: Garchomp
|-supereffective|p2b: Garchomp|1
|-damage|p2b: Garchomp|0 fnt
|faint|p2b: Garchomp
|
|-damage|p1a: Floette|23/100 psn|[from] psn
|upkeep
|-message|taengerine forfeited.
|
|win|zxxeyxq
|raw|zxxeyxq's rating: 1164 → 1197(+33 for winning)
|raw|taengerine's rating: 1278 → 1245(-33 for losing)
|l|☆zxxeyxq
|player|p1|
|n|☆taengerine|taengerine
