|j|☆latios66
|j|☆Arkhept
|html|latios66Arkhept    
|uhtml|bestof|Game 3 of a best-of-3
|t:|1756332249
|gametype|doubles
|player|p1|latios66|265|1097
|player|p2|Arkhept|misty|1097
|gen|9
|tier|[Gen 9] VGC 2025 Reg H (Bo3)
|rated|
|rule|Species Clause: Limit one of each Pokémon
|rule|Item Clause: Limit 1 of each item
|clearpoke
|poke|p1|Indeedee, L50, M|
|poke|p1|Drifblim, L50, M|
|poke|p1|Delphox, L50, M|
|poke|p1|Kommo-o, L50, M|
|poke|p1|Toxtricity, L50, M|
|poke|p1|Hydreigon, L50, M|
|poke|p2|Sylveon, L50, M|
|poke|p2|Whimsicott, L50, F|
|poke|p2|Incineroar, L50, F|
|poke|p2|Ursaluna-Bloodmoon, L50, M|
|poke|p2|Archaludon, L50, M|
|poke|p2|Annihilape, L50, F|
|teampreview|4
|showteam|p1|Indeedee||FocusSash|PsychicSurge|ExpandingForce,TeraBlast,Imprison,TrickRoom|||M|||50|,,,,,Ground]Drifblim||PsychicSeed|Unburden|ShadowBall,WillOWisp,StrengthSap,Tailwind|||M|||50|,,,,,Grass]Delphox||ChoiceScarf|Magician|HeatWave,ExpandingForce,TeraBlast,Trick|||M|||50|,,,,,Ice]Kommo-o||Leftovers|Soundproof|BodyPress,Flamethrower,IronDefense,Protect|||M|||50|,,,,,Fire]Toxtricity||ChoiceSpecs|PunkRock|Overdrive,SludgeBomb,Boomburst,VoltSwitch|||M|||50|,,,,,Normal]Hydreigon||AssaultVest|Levitate|DarkPulse,DracoMeteor,EarthPower,Snarl|||M|||50|,,,,,Ghost
|showteam|p2|Sylveon||ChoiceSpecs|Pixilate|HyperVoice,Psychic,HyperBeam,TeraBlast|||M|||50|,,,,,Fire]Whimsicott||FocusSash|Prankster|Moonblast,FakeTears,Taunt,Tailwind|||F|||50|,,,,,Ghost]Incineroar||SitrusBerry|Intimidate|FakeOut,FlareBlitz,KnockOff,PartingShot|||F|||50|,,,,,Grass]Ursaluna-Bloodmoon||AssaultVest|MindsEye|BloodMoon,HyperVoice,EarthPower,VacuumWave|||M|||50|,,,,,Water]Archaludon||PowerHerb|Stalwart|ElectroShot,DragonPulse,Thunderbolt,Protect|||M|||50|,,,,,Electric]Annihilape||SafetyGoggles|Defiant|Taunt,CloseCombat,RageFist,FinalGambit|||F|||50|,,,,,Water
|
|t:|1756332293
|teamsize|p1|4
|teamsize|p2|4
|start
|switch|p1a: Indeedee|Indeedee, L50, M|100/100
|switch|p1b: Drifblim|Drifblim, L50, M|100/100
|switch|p2a: Whimsicott|Whimsicott, L50, F|100/100
|switch|p2b: Archaludon|Archaludon, L50, M|100/100
|-fieldstart|move: Psychic Terrain|[from] ability: Psychic Surge|[of] p1a: Indeedee
|-enditem|p1b: Drifblim|Psychic Seed
|-boost|p1b: Drifblim|spd|1|[from] item: Psychic Seed
|turn|1
|
|t:|1756332303
|-terastallize|p1a: Indeedee|Ground
|move|p2a: Whimsicott|Fake Tears|p1b: Drifblim
|-unboost|p1b: Drifblim|spd|2
|move|p1b: Drifblim|Tailwind|p1b: Drifblim
|-sidestart|p1: latios66|move: Tailwind
|move|p1a: Indeedee|Tera Blast|p2b: Archaludon|[anim] Tera Blast Ground
|-supereffective|p2b: Archaludon
|-damage|p2b: Archaludon|0 fnt
|faint|p2b: Archaludon
|
|upkeep
|
|t:|1756332315
|switch|p2b: Ursaluna|Ursaluna-Bloodmoon, L50, M|100/100
|turn|2
|
|t:|1756332335
|move|p2a: Whimsicott|Fake Tears|p1b: Drifblim
|-unboost|p1b: Drifblim|spd|2
|move|p1b: Drifblim|Shadow Ball|p2a: Whimsicott
|-damage|p2a: Whimsicott|55/100
|-unboost|p2a: Whimsicott|spd|1
|move|p1a: Indeedee|Expanding Force|p2b: Ursaluna|[spread] p2a,p2b
|-crit|p2b: Ursaluna
|-damage|p2a: Whimsicott|0 fnt
|-damage|p2b: Ursaluna|48/100
|faint|p2a: Whimsicott
|move|p2b: Ursaluna|Hyper Voice|p1a: Indeedee|[spread] p1a,p1b
|-crit|p1a: Indeedee
|-damage|p1a: Indeedee|18/100
|-damage|p1b: Drifblim|4/100
|
|upkeep
|
|t:|1756332346
|switch|p2a: Incineroar|Incineroar, L50, F|100/100
|-ability|p2a: Incineroar|Intimidate|boost
|-unboost|p1a: Indeedee|atk|1
|-unboost|p1b: Drifblim|atk|1
|turn|3
|
|t:|1756332354
|move|p1b: Drifblim|Strength Sap|p2a: Incineroar
|-unboost|p2a: Incineroar|atk|1
|-heal|p1b: Drifblim|65/100
|move|p1a: Indeedee|Expanding Force|p2b: Ursaluna|[spread] p2b
|-immune|p2a: Incineroar
|-damage|p2b: Ursaluna|10/100
|move|p2a: Incineroar|Knock Off|p1a: Indeedee
|-damage|p1a: Indeedee|0 fnt
|-enditem|p1a: Indeedee|Focus Sash|[from] move: Knock Off|[of] p2a: Incineroar
|faint|p1a: Indeedee
|move|p2b: Ursaluna|Hyper Voice|p1b: Drifblim
|-crit|p1b: Drifblim
|-damage|p1b: Drifblim|0 fnt
|faint|p1b: Drifblim
|
|upkeep
|
|t:|1756332362
|switch|p1a: Delphox|Delphox, L50, M|100/100
|switch|p1b: Toxtricity|Toxtricity, L50, M|100/100
|turn|4
|-message|Arkhept forfeited.
|
|win|latios66
|raw|latios66's rating: 1097 → 1122(+25 for winning)
|raw|Arkhept's rating: 1097 → 1072(-25 for losing)
|l|☆Arkhept
|player|p2|
