|j|☆SitrusC
|j|☆Sir AaronVGC
|html|SitrusCSir AaronVGC    
|uhtml|bestof|Game 2 of a best-of-3
|t:|1783532343
|gametype|doubles
|player|p1|SitrusC|lucas|
|player|p2|Sir AaronVGC|#smogonxnpa2026draftee2|
|gen|9
|tier|[Gen 9 Champions] VGC 2026 Reg M-B (Bo3)
|rule|Species Clause: Limit one of each Pokémon
|rule|Item Clause: Limit 1 of each item
|clearpoke
|poke|p1|Charizard, L50, M, shiny|
|poke|p1|Garchomp, L50, M|
|poke|p1|Kingambit, L50, F|
|poke|p1|Aerodactyl, L50, M|
|poke|p1|Sylveon, L50, F|
|poke|p1|Farigiraf, L50, F|
|poke|p2|Aerodactyl, L50, F, shiny|
|poke|p2|Sneasler, L50, F, shiny|
|poke|p2|Froslass, L50, F|
|poke|p2|Tsareena, L50, F, shiny|
|poke|p2|Kingambit, L50, M|
|poke|p2|Basculegion, L50, M|
|teampreview|4
|showteam|p1|Charizard||CharizarditeY|Blaze|Protect,HeatWave,SolarBeam,WeatherBall|Modest||M|||50|]Garchomp||LifeOrb|RoughSkin|Protect,Earthquake,DragonClaw,StompingTantrum|Jolly||M|||50|]Kingambit||FocusSash|Defiant|LowKick,IronHead,SuckerPunch,KowtowCleave|Adamant||F|||50|]Aerodactyl||Aerodactylite|Unnerve|Tailwind,IceFang,RockSlide,WideGuard|Jolly||M|||50|]Sylveon||FairyFeather|Pixilate|Protect,HyperVoice,HyperBeam,QuickAttack|Modest||F|||50|]Farigiraf||SitrusBerry|ArmorTail|TrickRoom,TwinBeam,Thunderbolt,HelpingHand|Bold||F|||50|
|showteam|p2|Aerodactyl||Aerodactylite|Unnerve|RockSlide,DualWingbeat,Tailwind,Protect|Jolly||F|||50|]Sneasler||LifeOrb|PoisonTouch|DireClaw,CloseCombat,FakeOut,Protect|Adamant||F|||50|]Froslass||Froslassite|SnowCloak|Blizzard,ShadowBall,DestinyBond,Protect|Timid||F|||50|]Tsareena||WideLens|QueenlyMajesty|PowerWhip,LowKick,TripleAxel,HelpingHand|Adamant||F|||50|]Kingambit||BlackGlasses|Defiant|KowtowCleave,SuckerPunch,SwordsDance,Protect|Adamant||M|||50|]Basculegion||FocusSash|Adaptability|Liquidation,LastRespects,AquaJet,Protect|Adamant||M|||50|
|inactive|Battle timer is ON: inactive players will automatically lose when time's up. (requested by SitrusC)
|c|☆SitrusC|Glhf
|c|☆Sir AaronVGC|glhf
|inactive|SitrusC has 60 seconds left.
|
|t:|1783532388
|teamsize|p1|4
|teamsize|p2|4
|start
|switch|p1a: Kingambit|Kingambit, L50, F|100/100
|switch|p1b: Farigiraf|Farigiraf, L50, F|100/100
|switch|p2a: Longclaw|Sneasler, L50, F, shiny|100/100
|switch|p2b: Koroleva|Tsareena, L50, F, shiny|100/100
|turn|1
|inactive|SitrusC has 30 seconds left.
|inactive|SitrusC has 20 seconds left.
|
|t:|1783532426
|move|p2b: Koroleva|Helping Hand|p2a: Longclaw
|-singleturn|p2a: Longclaw|Helping Hand|[of] p2b: Koroleva
|move|p2a: Longclaw|Close Combat|p1b: Farigiraf
|-damage|p1b: Farigiraf|0 fnt
|-unboost|p2a: Longclaw|def|1
|-unboost|p2a: Longclaw|spd|1
|faint|p1b: Farigiraf
|-damage|p2a: Longclaw|90/100|[from] item: Life Orb
|move|p1a: Kingambit|Iron Head|p2a: Longclaw
|-damage|p2a: Longclaw|0 fnt
|faint|p2a: Longclaw
|
|upkeep
|
|t:|1783532443
|switch|p2a: Cupid|Aerodactyl, L50, F, shiny|100/100
|switch|p1b: Sylveon|Sylveon, L50, F|100/100
|-ability|p2a: Cupid|Unnerve
|turn|2
|
|t:|1783532467
|detailschange|p2a: Cupid|Aerodactyl-Mega, L50, F, shiny
|-mega|p2a: Cupid|Aerodactyl|Aerodactylite
|move|p2a: Cupid|Rock Slide|p1a: Kingambit|[spread] p1a,p1b
|-resisted|p1a: Kingambit|1
|-damage|p1a: Kingambit|88/100
|-damage|p1b: Sylveon|66/100
|move|p2b: Koroleva|Low Kick|p1a: Kingambit
|-supereffective|p1a: Kingambit|2
|-damage|p1a: Kingambit|0 fnt
|faint|p1a: Kingambit
|move|p1b: Sylveon|Hyper Voice|p2b: Koroleva|[spread] p2a,p2b
|-damage|p2a: Cupid|53/100
|-damage|p2b: Koroleva|47/100
|
|upkeep
|
|t:|1783532480
|switch|p1a: Charizard|Charizard, L50, M, shiny|100/100
|turn|3
|
|t:|1783532500
|detailschange|p1a: Charizard|Charizard-Mega-Y, L50, M, shiny
|-mega|p1a: Charizard|Charizard|Charizardite Y
|-weather|SunnyDay|[from] ability: Drought|[of] p1a: Charizard
|move|p2b: Koroleva|Helping Hand|p2a: Cupid
|-singleturn|p2a: Cupid|Helping Hand|[of] p2b: Koroleva
|move|p1b: Sylveon|Quick Attack||[still]
|cant|p2b: Koroleva|ability: Queenly Majesty|Quick Attack|[of] p1b: Sylveon
|move|p2a: Cupid|Rock Slide|p1b: Sylveon|[spread] p1a,p1b
|-supereffective|p1a: Charizard|2
|-damage|p1a: Charizard|0 fnt
|-damage|p1b: Sylveon|20/100y
|faint|p1a: Charizard
|
|-weather|SunnyDay|[upkeep]
|upkeep
|turn|4
|c|☆SitrusC|Ggwp
|c|☆Sir AaronVGC|ggs
|-message|SitrusC forfeited.
|
|win|Sir AaronVGC
|l|☆SitrusC
|player|p1|
||SitrusC is ready for game 3.
||Sir AaronVGC is ready for game 3.
|uhtml|next|Next: Game 3 of 3
|j|☆SitrusC
|player|p1|SitrusC|lucas|
