|j|☆BUFF MIRA
|j|☆ShadowOfAMan
|html|BUFF MIRAShadowOfAMan    
|uhtml|bestof|Game 2 of a best-of-3
|t:|1756218782
|gametype|doubles
|player|p1|BUFF MIRA|benga|
|player|p2|ShadowOfAMan|elio-usum|
|gen|9
|tier|[Gen 9] VGC 2025 Reg H (Bo3)
|rule|Species Clause: Limit one of each Pokémon
|rule|Item Clause: Limit 1 of each item
|clearpoke
|poke|p1|Kingambit, L50, F|
|poke|p1|Basculegion, L50, M|
|poke|p1|Rillaboom, L50, F|
|poke|p1|Sneasler, L50, M|
|poke|p1|Ninetales-Alola, L50, M|
|poke|p1|Magmar, L50, F|
|poke|p2|Politoed, L50, M|
|poke|p2|Gothitelle, L50, M|
|poke|p2|Archaludon, L50, M|
|poke|p2|Incineroar, L50, M|
|poke|p2|Amoonguss, L50, F|
|poke|p2|Kingdra, L50, M|
|teampreview|4
|showteam|p1|Kingambit||BlackGlasses|Defiant|Protect,KowtowCleave,SuckerPunch,SwordsDance|||F|||50|,,,,,Fire]Basculegion||ChoiceScarf|Adaptability|WaveCrash,LastRespects,TeraBlast,FlipTurn|||M|||50|,,,,,Fighting]Rillaboom||AssaultVest|GrassySurge|WoodHammer,GrassyGlide,Uturn,FakeOut|||F|||50|,,,,,Ghost]Sneasler||FocusSash|Unburden|Protect,DireClaw,CloseCombat,FakeOut|||M|||50|,,,,,Stellar]Ninetales-Alola||NeverMeltIce|SnowWarning|Protect,Blizzard,FreezeDry,Encore|||M|||50|,,,,,Ghost]Magmar||Eviolite|VitalSpirit|Protect,HeatWave,Taunt,FollowMe|||F|||50|,,,,,Ghost
|showteam|p2|Politoed||Leftovers|Drizzle|WeatherBall,Encore,PerishSong,Protect|||M|||50|,,,,,Grass]Gothitelle||SitrusBerry|ShadowTag|FakeOut,Psychic,TrickRoom,Protect|||M|||50|,,,,,Water]Archaludon||PowerHerb|Sturdy|ElectroShot,DragonPulse,FlashCannon,Protect|||M|||50|,,,,,Electric]Incineroar||SafetyGoggles|Intimidate|FakeOut,PartingShot,KnockOff,Protect|||M|||50|,,,,,Ghost]Amoonguss||EjectButton|Regenerator|PollenPuff,Spore,RagePowder,Protect|||F|||50|,,,,,Fairy]Kingdra||LifeOrb|SwiftSwim|MuddyWater,WeatherBall,DracoMeteor,Protect|||M|||50|,,,,,Stellar
|c|☆ShadowOfAMan|g
|inactive|Battle timer is ON: inactive players will automatically lose when time's up. (requested by ShadowOfAMan)
|inactive|ShadowOfAMan has 60 seconds left.
|c|☆BUFF MIRA|bueno pues quien gane gana. mucha suerte
|inactive|ShadowOfAMan has 30 seconds left.
|c|☆ShadowOfAMan|Buena suerte
|inactive|ShadowOfAMan has 20 seconds left.
|
|t:|1756218858
|teamsize|p1|4
|teamsize|p2|4
|start
|switch|p1a: Kingambit|Kingambit, L50, F|100/100
|switch|p1b: Basculegion|Basculegion, L50, M|100/100
|switch|p2a: Gothitelle|Gothitelle, L50, M|100/100
|switch|p2b: Kingdra|Kingdra, L50, M|100/100
|turn|1
|inactive|BUFF MIRA has 30 seconds left.
|inactive|ShadowOfAMan has 30 seconds left.
|inactive|BUFF MIRA has 20 seconds left.
|inactive|ShadowOfAMan has 20 seconds left.
|inactive|BUFF MIRA has 15 seconds left.
|inactive|ShadowOfAMan has 15 seconds left.
|inactive|BUFF MIRA has 10 seconds left.
|
|t:|1756218907
|switch|p1b: Rillaboom|Rillaboom, L50, F|100/100
|-fieldstart|move: Grassy Terrain|[from] ability: Grassy Surge|[of] p1b: Rillaboom
|-terastallize|p2b: Kingdra|Stellar
|move|p1a: Kingambit|Protect|p1a: Kingambit
|-singleturn|p1a: Kingambit|Protect
|move|p2a: Gothitelle|Fake Out|p1a: Kingambit
|-activate|p1a: Kingambit|move: Protect
|move|p2b: Kingdra|Draco Meteor|p1b: Rillaboom
|-damage|p1b: Rillaboom|21/100
|-unboost|p2b: Kingdra|spa|2
|-damage|p2b: Kingdra|91/100|[from] item: Life Orb
|
|-heal|p2b: Kingdra|97/100|[from] Grassy Terrain
|-heal|p1b: Rillaboom|27/100|[from] Grassy Terrain
|upkeep
|turn|2
|inactive|ShadowOfAMan has 30 seconds left.
|
|t:|1756218942
|switch|p2a: Politoed|Politoed, L50, M|100/100
|-weather|RainDance|[from] ability: Drizzle|[of] p2a: Politoed
|move|p1b: Rillaboom|Fake Out|p2b: Kingdra
|-damage|p2b: Kingdra|81/100
|cant|p2b: Kingdra|flinch
|move|p1a: Kingambit|Kowtow Cleave|p2a: Politoed
|-damage|p2a: Politoed|41/100
|
|-weather|RainDance|[upkeep]
|-heal|p2b: Kingdra|87/100|[from] Grassy Terrain
|-heal|p1b: Rillaboom|33/100|[from] Grassy Terrain
|-heal|p2a: Politoed|47/100|[from] Grassy Terrain
|-heal|p2a: Politoed|53/100|[from] item: Leftovers
|upkeep
|turn|3
|inactive|ShadowOfAMan has 30 seconds left.
|inactive|ShadowOfAMan has 20 seconds left.
|inactive|ShadowOfAMan has 15 seconds left.
|inactive|ShadowOfAMan has 10 seconds left.
|inactive|ShadowOfAMan has 5 seconds left.
|
|t:|1756218994
|move|p2a: Politoed|Protect|p2a: Politoed
|-singleturn|p2a: Politoed|Protect
|move|p1b: Rillaboom|Grassy Glide|p2a: Politoed
|-activate|p2a: Politoed|move: Protect
|move|p2b: Kingdra|Weather Ball|p1a: Kingambit
|-damage|p1a: Kingambit|36/100
|-damage|p2b: Kingdra|77/100|[from] item: Life Orb
|move|p1a: Kingambit|Swords Dance|p1a: Kingambit
|-boost|p1a: Kingambit|atk|2
|
|-weather|RainDance|[upkeep]
|-heal|p2b: Kingdra|83/100|[from] Grassy Terrain
|-heal|p1b: Rillaboom|39/100|[from] Grassy Terrain
|-heal|p2a: Politoed|59/100|[from] Grassy Terrain
|-heal|p2a: Politoed|65/100|[from] item: Leftovers
|-heal|p1a: Kingambit|42/100|[from] Grassy Terrain
|upkeep
|turn|4
|inactive|ShadowOfAMan has 30 seconds left.
|inactive|ShadowOfAMan has 20 seconds left.
|inactive|ShadowOfAMan has 15 seconds left.
|inactive|ShadowOfAMan has 10 seconds left.
|inactive|ShadowOfAMan has 5 seconds left.
|
|t:|1756219046
|switch|p2a: Archaludon|Archaludon, L50, M|100/100
|move|p2b: Kingdra|Protect|p2b: Kingdra
|-singleturn|p2b: Kingdra|Protect
|move|p1b: Rillaboom|Grassy Glide|p2b: Kingdra
|-activate|p2b: Kingdra|move: Protect
|move|p1a: Kingambit|Sucker Punch||[still]
|-fail|p1a: Kingambit
|
|-weather|RainDance|[upkeep]
|-heal|p2b: Kingdra|89/100|[from] Grassy Terrain
|-heal|p1b: Rillaboom|44/100|[from] Grassy Terrain
|-heal|p1a: Kingambit|48/100|[from] Grassy Terrain
|upkeep
|turn|5
|inactive|ShadowOfAMan has 30 seconds left.
|inactive|BUFF MIRA has 30 seconds left.
|inactive|ShadowOfAMan has 20 seconds left.
|inactive|ShadowOfAMan has 15 seconds left.
|inactive|ShadowOfAMan has 10 seconds left.
|
|t:|1756219091
|move|p1a: Kingambit|Sucker Punch|p2a: Archaludon
|-damage|p2a: Archaludon|15/100
|move|p2b: Kingdra|Weather Ball|p1a: Kingambit
|-damage|p1a: Kingambit|4/100
|-damage|p2b: Kingdra|79/100|[from] item: Life Orb
|move|p2a: Archaludon|Dragon Pulse|p1b: Rillaboom
|-damage|p1b: Rillaboom|13/100
|move|p1b: Rillaboom|U-turn|p2a: Archaludon
|-resisted|p2a: Archaludon
|-damage|p2a: Archaludon|5/100
|
|t:|1756219104
|switch|p1b: Basculegion|Basculegion, L50, M|100/100|[from] U-turn
|
|-weather|RainDance|[upkeep]
|-heal|p2b: Kingdra|85/100|[from] Grassy Terrain
|-heal|p2a: Archaludon|11/100|[from] Grassy Terrain
|-heal|p1a: Kingambit|10/100|[from] Grassy Terrain
|-fieldend|move: Grassy Terrain
|upkeep
|turn|6
|inactive|BUFF MIRA has 30 seconds left.
|inactive|ShadowOfAMan has 30 seconds left.
|inactive|ShadowOfAMan has 20 seconds left.
|inactive|ShadowOfAMan has 15 seconds left.
|inactive|ShadowOfAMan has 10 seconds left.
|inactive|ShadowOfAMan has 5 seconds left.
|
|t:|1756219154
|move|p2a: Archaludon|Protect|p2a: Archaludon
|-singleturn|p2a: Archaludon|Protect
|move|p1a: Kingambit|Sucker Punch|p2b: Kingdra
|-damage|p2b: Kingdra|0 fnt
|faint|p2b: Kingdra
|move|p1b: Basculegion|Flip Turn|p2a: Archaludon
|-activate|p2a: Archaludon|move: Protect
|
|-weather|none
|upkeep
|
|t:|1756219163
|switch|p2b: Gothitelle|Gothitelle, L50, M|100/100
|turn|7
|inactive|ShadowOfAMan has 30 seconds left.
|inactive|ShadowOfAMan has 20 seconds left.
|
|t:|1756219198
|switch|p2a: Politoed|Politoed, L50, M|65/100
|-weather|RainDance|[from] ability: Drizzle|[of] p2a: Politoed
|move|p1a: Kingambit|Protect|p1a: Kingambit
|-singleturn|p1a: Kingambit|Protect
|move|p2b: Gothitelle|Fake Out|p1a: Kingambit
|-activate|p1a: Kingambit|move: Protect
|move|p1b: Basculegion|Flip Turn|p2a: Politoed
|-resisted|p2a: Politoed
|-damage|p2a: Politoed|30/100
|
|t:|1756219209
|switch|p1b: Rillaboom|Rillaboom, L50, F|13/100|[from] Flip Turn
|-fieldstart|move: Grassy Terrain|[from] ability: Grassy Surge|[of] p1b: Rillaboom
|
|-weather|RainDance|[upkeep]
|-heal|p1b: Rillaboom|18/100|[from] Grassy Terrain
|-heal|p2a: Politoed|37/100|[from] Grassy Terrain
|-heal|p2a: Politoed|43/100|[from] item: Leftovers
|-heal|p1a: Kingambit|16/100|[from] Grassy Terrain
|upkeep
|turn|8
|inactive|ShadowOfAMan has 30 seconds left.
|inactive|ShadowOfAMan has 20 seconds left.
|inactive|ShadowOfAMan has 15 seconds left.
|inactive|ShadowOfAMan has 10 seconds left.
|
|t:|1756219255
|move|p1b: Rillaboom|Grassy Glide|p2a: Politoed
|-supereffective|p2a: Politoed
|-damage|p2a: Politoed|0 fnt
|faint|p2a: Politoed
|move|p1a: Kingambit|Kowtow Cleave|p2b: Gothitelle
|-supereffective|p2b: Gothitelle
|-damage|p2b: Gothitelle|0 fnt
|faint|p2b: Gothitelle
|
|-weather|RainDance|[upkeep]
|-heal|p1b: Rillaboom|24/100|[from] Grassy Terrain
|-heal|p1a: Kingambit|22/100|[from] Grassy Terrain
|upkeep
|
|t:|1756219267
|switch|p2b: Archaludon|Archaludon, L50, M|11/100
|turn|9
|c|☆ShadowOfAMan|GGs
|c|☆ShadowOfAMan|Jugué mal esta
|c|☆BUFF MIRA|ggs
|c|☆ShadowOfAMan|No sé ni como gané la otra
|c|☆BUFF MIRA|es q el equipo es complicado
|inactive|ShadowOfAMan has 30 seconds left.
|c|☆ShadowOfAMan|Para ser complicado además en un mal mu tampoco lo he hecho tan mal
|inactive|ShadowOfAMan has 20 seconds left.
|c|☆BUFF MIRA|pero si lo consigues jugar bien es muy toca cojones
|c|☆ShadowOfAMan|Pero vamos
|inactive|ShadowOfAMan has 15 seconds left.
|c|☆ShadowOfAMan|Como siempre perdiendo
|-message|ShadowOfAMan forfeited.
|
|win|BUFF MIRA
|inactive|BUFF MIRA has 30 seconds to confirm battle start!
|inactive|ShadowOfAMan has 30 seconds to confirm battle start!
|c|☆ShadowOfAMan|¿Quieres jugar el game 3?
|c|☆BUFF MIRA|valee
||BUFF MIRA is ready for game 3.
|inactive|ShadowOfAMan has 20 seconds to confirm battle start!
||ShadowOfAMan is ready for game 3.
|uhtml|next|Next: Game 3 of 3
