|j|☆Nessa333
|j|☆doingVGCthings
|html|Nessa333doingVGCthings    
|uhtml|bestof|Game 2 of a best-of-3
|t:|1756668047
|gametype|doubles
|player|p1|Nessa333|1|1017
|player|p2|doingVGCthings|swimmer-gen4dp|1053
|gen|9
|tier|[Gen 9] VGC 2025 Reg H (Bo3)
|rated|
|rule|Species Clause: Limit one of each Pokémon
|rule|Item Clause: Limit 1 of each item
|clearpoke
|poke|p1|Talonflame, L50, F|
|poke|p1|Garchomp, L50, M|
|poke|p1|Primarina, L50, M|
|poke|p1|Sneasler, L50, F|
|poke|p1|Indeedee, L50, M|
|poke|p1|Gholdengo, L50|
|poke|p2|Volcarona, L50, F|
|poke|p2|Electabuzz, L50, F|
|poke|p2|Kingambit, L50, M|
|poke|p2|Sneasler, L50, M|
|poke|p2|Rillaboom, L50, F|
|poke|p2|Dragonite, L50, M|
|teampreview|4
|showteam|p1|Talonflame||CovertCloak|GaleWings|BraveBird,Tailwind,WillOWisp,FlareBlitz|||F|||50|,,,,,Ghost]Garchomp||LifeOrb|RoughSkin|Protect,Earthquake,StompingTantrum,ScaleShot|||M|||50|,,,,,Ground]Primarina||ThroatSpray|LiquidVoice|Protect,Haze,HyperVoice,Moonblast|||M|||50|,,,,,Poison]Sneasler||PsychicSeed|Unburden|FakeOut,CloseCombat,DireClaw,AcidSpray|||F|||50|,,,,,Dark]Indeedee||FocusSash|PsychicSurge|ExpandingForce,TrickRoom,Imprison,Protect|||M|||50|,,,,,Psychic]Gholdengo||ChoiceSpecs|GoodasGold|MakeItRain,ShadowBall,PowerGem,SteelBeam||||||50|,,,,,Steel
|showteam|p2|Volcarona||CovertCloak|FlameBody|Protect,HeatWave,TeraBlast,QuiverDance|||F|||50|,,,,,Fairy]Electabuzz||Eviolite|VitalSpirit|Protect,Thunderbolt,Taunt,FollowMe|||F|||50|,,,,,Ghost]Kingambit||SafetyGoggles|Defiant|Protect,KowtowCleave,SuckerPunch,SwordsDance|||M|||50|,,,,,Dark]Sneasler||FocusSash|Unburden|Protect,DireClaw,CloseCombat,Coaching|||M|||50|,,,,,Stellar]Rillaboom||AssaultVest|GrassySurge|WoodHammer,GrassyGlide,HighHorsepower,FakeOut|||F|||50|,,,,,Fire]Dragonite||LoadedDice|InnerFocus|Protect,ScaleShot,ExtremeSpeed,Haze|||M|||50|,,,,,Normal
|inactive|Battle timer is ON: inactive players will automatically lose when time's up. (requested by doingVGCthings)
|
|t:|1756668063
|teamsize|p1|4
|teamsize|p2|4
|start
|switch|p1a: Talonflame|Talonflame, L50, F, shiny|100/100
|switch|p1b: Garchomp|Garchomp, L50, M, shiny|100/100
|switch|p2a: Volcarona|Volcarona, L50, F|100/100
|switch|p2b: Electabuzz|Electabuzz, L50, F|100/100
|turn|1
|inactive|Nessa333 has 30 seconds left.
|
|t:|1756668090
|move|p2b: Electabuzz|Follow Me|p2b: Electabuzz
|-singleturn|p2b: Electabuzz|move: Follow Me
|move|p1a: Talonflame|Tailwind|p1a: Talonflame
|-sidestart|p1: Nessa333|move: Tailwind
|move|p1b: Garchomp|Stomping Tantrum|p2b: Electabuzz
|-supereffective|p2b: Electabuzz
|-damage|p2b: Electabuzz|12/100
|-damage|p1b: Garchomp|91/100|[from] item: Life Orb
|move|p2a: Volcarona|Quiver Dance|p2a: Volcarona
|-boost|p2a: Volcarona|spa|1
|-boost|p2a: Volcarona|spd|1
|-boost|p2a: Volcarona|spe|1
|
|upkeep
|turn|2
|inactive|Nessa333 has 30 seconds left.
|inactive|doingVGCthings has 30 seconds left.
|
|t:|1756668123
|-terastallize|p2a: Volcarona|Fairy
|move|p1a: Talonflame|Flare Blitz|p2a: Volcarona
|-damage|p2a: Volcarona|48/100
|-damage|p1a: Talonflame|82/100|[from] Recoil
|move|p1b: Garchomp|Earthquake|p2a: Volcarona|[spread] p2a,p2b
|-immune|p1a: Talonflame
|-supereffective|p2b: Electabuzz
|-damage|p2a: Volcarona|0 fnt
|-damage|p2b: Electabuzz|0 fnt
|faint|p2a: Volcarona
|faint|p2b: Electabuzz
|-damage|p1b: Garchomp|81/100|[from] item: Life Orb
|
|upkeep
|
|t:|1756668135
|switch|p2b: Dragonite|Dragonite, L50, M|100/100
|switch|p2a: Rillaboom|Rillaboom, L50, F|100/100
|-fieldstart|move: Grassy Terrain|[from] ability: Grassy Surge|[of] p2a: Rillaboom
|turn|3
|inactive|Nessa333 has 30 seconds left.
|
|t:|1756668160
|move|p1a: Talonflame|Flare Blitz|p2a: Rillaboom
|-supereffective|p2a: Rillaboom
|-damage|p2a: Rillaboom|22/100
|-status|p2a: Rillaboom|brn
|-damage|p1a: Talonflame|47/100|[from] Recoil
|move|p1b: Garchomp|Scale Shot|p2b: Dragonite
|-supereffective|p2b: Dragonite
|-damage|p2b: Dragonite|60/100
|-supereffective|p2b: Dragonite
|-damage|p2b: Dragonite|22/100
|-supereffective|p2b: Dragonite
|-damage|p2b: Dragonite|0 fnt
|faint|p2b: Dragonite
|-hitcount|p2: Dragonite|3
|-unboost|p1b: Garchomp|def|1
|-boost|p1b: Garchomp|spe|1
|-damage|p1b: Garchomp|71/100|[from] item: Life Orb
|move|p2a: Rillaboom|Wood Hammer|p1b: Garchomp
|-crit|p1b: Garchomp
|-damage|p1b: Garchomp|0 fnt
|-damage|p2a: Rillaboom|10/100 brn|[from] ability: Rough Skin|[of] p1b: Garchomp
|faint|p1b: Garchomp
|-damage|p2a: Rillaboom|0 fnt|[from] Recoil
|faint|p2a: Rillaboom
|
|win|Nessa333
||doingVGCthings is ready for game 3.
|inactive|Nessa333 has 30 seconds to confirm battle start!
|inactive|Nessa333 has 20 seconds to confirm battle start!
||Nessa333 is ready for game 3.
|uhtml|next|Next: Game 3 of 3
|l|☆doingVGCthings
|player|p2|
|l|☆Nessa333
|player|p1|
|j|☆Nessa333
|player|p1|Nessa333|1|
