|j|☆m00nless
|j|☆scottedstone
|html|m00nlessscottedstone    
|uhtml|bestof|Game 1 of a best-of-3
|t:|1756270672
|gametype|doubles
|player|p1|m00nless|clair|1035
|player|p2|scottedstone|266|1107
|gen|9
|tier|[Gen 9] VGC 2025 Reg H (Bo3)
|rated|
|rule|Species Clause: Limit one of each Pokémon
|rule|Item Clause: Limit 1 of each item
|clearpoke
|poke|p1|Archaludon, L50, M|
|poke|p1|Bronzong, L50|
|poke|p1|Ursaluna, L50, F|
|poke|p1|Politoed, L50, F|
|poke|p1|Incineroar, L50, F|
|poke|p1|Basculegion, L50, M|
|poke|p2|Pelipper, L50, F|
|poke|p2|Basculegion, L50, M|
|poke|p2|Archaludon, L50, F|
|poke|p2|Amoonguss, L50, F|
|poke|p2|Gholdengo, L50|
|poke|p2|Incineroar, L50, F|
|teampreview|4
|showteam|p1|Archaludon||PowerHerb|Sturdy|ElectroShot,DragonPulse,FlashCannon,Protect|||M|||50|,,,,,Electric]Bronzong||SafetyGoggles|Levitate|TrickRoom,GyroBall,IronDefense,BodyPress||||||50|,,,,,Dark]Ursaluna||FlameOrb|Guts|HeadlongRush,Facade,Earthquake,Protect|||F|||50|,,,,,Ghost]Politoed||Leftovers|Drizzle|WeatherBall,Haze,Encore,Protect|||F|||50|,,,,,Grass]Incineroar||AssaultVest|Intimidate|Uturn,FakeOut,KnockOff,FlareBlitz|||F|||50|,,,,,Grass]Basculegion||LifeOrb|SwiftSwim|WaveCrash,LastRespects,AquaJet,Protect|||M|||50|,,,,,Ghost
|showteam|p2|Pelipper||FocusSash|Drizzle|WeatherBall,Hurricane,Tailwind,Protect|||F|||50|,,,,,Stellar]Basculegion||LifeOrb|SwiftSwim|WaveCrash,LastRespects,AquaJet,Protect|||M|||50|,,,,,Water]Archaludon||AssaultVest|Stamina|DracoMeteor,ElectroShot,FlashCannon,BodyPress|||F|||50|,,,,,Grass]Amoonguss||SitrusBerry|Regenerator|PollenPuff,RagePowder,Spore,Protect|||F|||50|,,,,,Psychic]Gholdengo||Leftovers|GoodasGold|NastyPlot,MakeItRain,ShadowBall,Protect||||||50|,,,,,Dragon]Incineroar||SafetyGoggles|Intimidate|KnockOff,FakeOut,PartingShot,Taunt|||F|||50|,,,,,Water
|inactive|Battle timer is ON: inactive players will automatically lose when time's up. (requested by scottedstone)
|inactive|scottedstone has 60 seconds left.
|
|t:|1756270727
|teamsize|p1|4
|teamsize|p2|4
|start
|switch|p1a: BIG BELL|Bronzong, L50, shiny|100/100
|switch|p1b: COUGHING BABY|Politoed, L50, F|100/100
|switch|p2a: Archaludon|Archaludon, L50, F|100/100
|switch|p2b: Incineroar|Incineroar, L50, F|100/100
|-weather|RainDance|[from] ability: Drizzle|[of] p1b: COUGHING BABY
|-ability|p2b: Incineroar|Intimidate|boost
|-unboost|p1a: BIG BELL|atk|1
|-unboost|p1b: COUGHING BABY|atk|1
|turn|1
|
|t:|1756270750
|-terastallize|p1b: COUGHING BABY|Grass
|move|p2b: Incineroar|Fake Out|p1a: BIG BELL
|-resisted|p1a: BIG BELL
|-damage|p1a: BIG BELL|96/100
|move|p2a: Archaludon|Electro Shot||[still]
|-prepare|p2a: Archaludon|Electro Shot
|-boost|p2a: Archaludon|spa|1
|-anim|p2a: Archaludon|Electro Shot|p1b: COUGHING BABY
|-resisted|p1b: COUGHING BABY
|-damage|p1b: COUGHING BABY|74/100
|move|p1b: COUGHING BABY|Encore|p2b: Incineroar
|-start|p2b: Incineroar|Encore
|cant|p1a: BIG BELL|flinch
|
|-weather|RainDance|[upkeep]
|-heal|p1b: COUGHING BABY|80/100|[from] item: Leftovers
|upkeep
|turn|2
|inactive|scottedstone has 30 seconds left.
|inactive|scottedstone has 20 seconds left.
|inactive|scottedstone has 15 seconds left.
|inactive|scottedstone has 10 seconds left.
|
|t:|1756270797
|switch|p2b: Pelipper|Pelipper, L50, F|100/100
|move|p2a: Archaludon|Draco Meteor|p1b: COUGHING BABY
|-damage|p1b: COUGHING BABY|0 fnt
|-unboost|p2a: Archaludon|spa|2
|faint|p1b: COUGHING BABY
|move|p1a: BIG BELL|Trick Room|p1a: BIG BELL
|-fieldstart|move: Trick Room|[of] p1a: BIG BELL
|
|-weather|RainDance|[upkeep]
|upkeep
|
|t:|1756270805
|switch|p1b: THE AGENDA|Incineroar, L50, F|100/100
|-ability|p1b: THE AGENDA|Intimidate|boost
|-unboost|p2a: Archaludon|atk|1
|-unboost|p2b: Pelipper|atk|1
|turn|3
|
|t:|1756270822
|switch|p2a: Incineroar|Incineroar, L50, F|100/100
|-ability|p2a: Incineroar|Intimidate|boost
|-unboost|p1a: BIG BELL|atk|1
|-unboost|p1b: THE AGENDA|atk|1
|move|p2b: Pelipper|Protect|p2b: Pelipper
|-singleturn|p2b: Pelipper|Protect
|move|p1b: THE AGENDA|Fake Out|p2b: Pelipper
|-activate|p2b: Pelipper|move: Protect
|move|p1a: BIG BELL|Trick Room|p1a: BIG BELL
|-fieldend|move: Trick Room
|
|-weather|RainDance|[upkeep]
|upkeep
|turn|4
|-message|m00nless forfeited.
|
|win|scottedstone
|l|☆m00nless
|player|p1|
|raw|m00nless's rating: 1035 → 1023(-12 for losing)
|raw|scottedstone's rating: 1107 → 1127(+20 for winning)
