|j|☆palle synchro
|j|☆Isolde14
|html|palle synchroIsolde14    
|uhtml|bestof|Game 3 of a best-of-3
|t:|1754256933
|gametype|doubles
|player|p1|palle synchro|volkner|1301
|player|p2|Isolde14|aromalady|1249
|gen|9
|tier|[Gen 9] VGC 2025 Reg H (Bo3)
|rated|
|rule|Species Clause: Limit one of each Pokémon
|rule|Item Clause: Limit 1 of each item
|clearpoke
|poke|p1|Whimsicott, L50, M|
|poke|p1|Dragonite, L50, F|
|poke|p1|Indeedee, L50, M|
|poke|p1|Sneasler, L50, M|
|poke|p1|Ursaluna-Bloodmoon, L50, M|
|poke|p1|Archaludon, L50, F|
|poke|p2|Porygon2, L50|
|poke|p2|Rillaboom, L50, M|
|poke|p2|Dragapult, L50, F|
|poke|p2|Primarina, L50, M|
|poke|p2|Volcarona, L50, M|
|poke|p2|Ursaluna-Bloodmoon, L50, M|
|teampreview|4
|showteam|p1|Whimsicott||CovertCloak|Prankster|Moonblast,Taunt,Tailwind,Encore|||M|||50|,,,,,Water]Dragonite||LoadedDice|InnerFocus|ScaleShot,StompingTantrum,Haze,Protect|||F|||50|,,,,,Steel]Indeedee||FocusSash|PsychicSurge|ExpandingForce,TeraBlast,Imprison,TrickRoom|||M|||50|,,,,,Psychic]Sneasler||PsychicSeed|Unburden|CloseCombat,DireClaw,ThroatChop,Protect|||M|||50|,,,,,Dark]Ursaluna-Bloodmoon||LifeOrb|MindsEye|HyperVoice,BloodMoon,EarthPower,Protect|||M|||50|,,,,,Normal]Archaludon||PowerHerb|Stalwart|ElectroShot,DragonPulse,Thunderbolt,Protect|||F|||50|,,,,,Electric
|showteam|p2|Porygon2||Eviolite|Download|TrickRoom,IceBeam,Thunderbolt,Recover||||||50|,,,,,Ghost]Rillaboom||AssaultVest|GrassySurge|FakeOut,GrassyGlide,WoodHammer,HighHorsepower|||M|||50|,,,,,Fire]Dragapult||ChoiceBand|ClearBody|TeraBlast,PhantomForce,DragonDarts,Uturn|||F|||50|,,,,,Dragon]Primarina||ThroatSpray|LiquidVoice|HyperVoice,DazzlingGleam,Moonblast,Protect|||M|||50|,,,,,Fire]Volcarona||SitrusBerry|FlameBody|RagePowder,FieryDance,StruggleBug,Protect|||M|||50|,,,,,Grass]Ursaluna-Bloodmoon||LifeOrb|MindsEye|HyperVoice,BloodMoon,EarthPower,Protect|||M|||50|,,,,,Normal
|inactive|Battle timer is ON: inactive players will automatically lose when time's up. (requested by Isolde14)
|j| Xam3rVGC
|inactive|palle synchro has 60 seconds left.
|inactive|palle synchro has 30 seconds left.
|inactive|palle synchro has 20 seconds left.
|inactive|palle synchro has 15 seconds left.
|inactive|palle synchro has 10 seconds left.
|
|t:|1754257017
|teamsize|p1|4
|teamsize|p2|4
|start
|switch|p1a: Whimsicott|Whimsicott, L50, M|100/100
|switch|p1b: Archaludon|Archaludon, L50, F|100/100
|switch|p2a: Ursaluna|Ursaluna-Bloodmoon, L50, M|100/100
|switch|p2b: Rillaboom|Rillaboom, L50, M|100/100
|-fieldstart|move: Grassy Terrain|[from] ability: Grassy Surge|[of] p2b: Rillaboom
|turn|1
|inactive|palle synchro has 30 seconds left.
|
|t:|1754257045
|move|p2b: Rillaboom|Fake Out|p1b: Archaludon
|-resisted|p1b: Archaludon
|-crit|p1b: Archaludon
|-damage|p1b: Archaludon|90/100
|move|p1a: Whimsicott|Tailwind|p1a: Whimsicott
|-sidestart|p1: palle synchro|move: Tailwind
|cant|p1b: Archaludon|flinch
|move|p2a: Ursaluna|Blood Moon|p1a: Whimsicott
|-damage|p1a: Whimsicott|0 fnt
|faint|p1a: Whimsicott
|-damage|p2a: Ursaluna|91/100|[from] item: Life Orb
|
|-heal|p1b: Archaludon|96/100|[from] Grassy Terrain
|-heal|p2a: Ursaluna|97/100|[from] Grassy Terrain
|upkeep
|
|t:|1754257051
|switch|p1a: Sneasler|Sneasler, L50, M|100/100
|turn|2
|
|t:|1754257066
|-terastallize|p2b: Rillaboom|Fire
|move|p2a: Ursaluna|Protect|p2a: Ursaluna
|-singleturn|p2a: Ursaluna|Protect
|move|p1a: Sneasler|Dire Claw|p2a: Ursaluna
|-activate|p2a: Ursaluna|move: Protect
|move|p1b: Archaludon|Electro Shot||[still]
|-prepare|p1b: Archaludon|Electro Shot
|-boost|p1b: Archaludon|spa|1
|-enditem|p1b: Archaludon|Power Herb
|-anim|p1b: Archaludon|Electro Shot|p2b: Rillaboom
|-damage|p2b: Rillaboom|45/100
|move|p2b: Rillaboom|High Horsepower|p1a: Sneasler
|-supereffective|p1a: Sneasler
|-damage|p1a: Sneasler|0 fnt
|faint|p1a: Sneasler
|
|-heal|p1b: Archaludon|100/100|[from] Grassy Terrain
|-heal|p2b: Rillaboom|51/100|[from] Grassy Terrain
|-heal|p2a: Ursaluna|100/100|[from] Grassy Terrain
|upkeep
|
|t:|1754257078
|switch|p1a: Dragonite|Dragonite, L50, F|100/100
|turn|3
|
|t:|1754257088
|switch|p2a: Primarina|Primarina, L50, M|100/100
|move|p1b: Archaludon|Dragon Pulse|p2a: Primarina
|-immune|p2a: Primarina
|move|p1a: Dragonite|Scale Shot|p2a: Primarina
|-immune|p2a: Primarina
|move|p2b: Rillaboom|High Horsepower|p1b: Archaludon
|-supereffective|p1b: Archaludon
|-damage|p1b: Archaludon|38/100
|
|-heal|p1b: Archaludon|44/100|[from] Grassy Terrain
|-heal|p2b: Rillaboom|57/100|[from] Grassy Terrain
|upkeep
|turn|4
|-message|palle synchro forfeited.
|
|win|Isolde14
|raw|palle synchro's rating: 1301 → 1278(-23 for losing)
|raw|Isolde14's rating: 1249 → 1278(+29 for winning)
