|j|☆That1Morpecko
|j|☆Cubeaoz
|html|That1MorpeckoCubeaoz    
|uhtml|bestof|Game 2 of a best-of-3
|t:|1782414237
|gametype|doubles
|player|p1|That1Morpecko|hiker-gen4|1049
|player|p2|Cubeaoz|1|1071
|gen|9
|tier|[Gen 9 Champions] VGC 2026 Reg M-B (Bo3)
|rated|
|rule|Species Clause: Limit one of each Pokémon
|rule|Item Clause: Limit 1 of each item
|clearpoke
|poke|p1|Froslass, L50, F|
|poke|p1|Scovillain, L50, F, shiny|
|poke|p1|Basculegion, L50, M|
|poke|p1|Kingambit, L50, M|
|poke|p1|Sneasler, L50, F|
|poke|p1|Lycanroc-Dusk, L50, F|
|poke|p2|Charizard, L50, M, shiny|
|poke|p2|Floette-Eternal, L50, F|
|poke|p2|Sinistcha-Masterpiece, L50|
|poke|p2|Venusaur, L50, M|
|poke|p2|Incineroar, L50, F|
|poke|p2|Garchomp, L50, M|
|teampreview|4
|showteam|p1|Froslass||Froslassite|CursedBody|Blizzard,ShadowBall,AuroraVeil,Protect|Modest||F|||50|]Scovillain||Scovillainite|Moody|GigaDrain,Overheat,RagePowder,Protect|Bold||F|||50|]Basculegion||SitrusBerry|Adaptability|WaveCrash,LastRespects,AquaJet,Protect|Adamant||M|||50|]Kingambit||BlackGlasses|Defiant|KowtowCleave,SuckerPunch,SwordsDance,Protect|Adamant||M|||50|]Sneasler||WhiteHerb|Unburden|CloseCombat,GunkShot,Protect,FakeOut|Adamant||F|||50|]Lycanroc-Dusk||FocusSash|ToughClaws|CloseCombat,Accelerock,RockSlide,Protect|Adamant||F|||50|
|showteam|p2|Charizard||CharizarditeY|Blaze|HeatWave,SolarBeam,WeatherBall,Protect|Timid||M|||50|]Floette-Eternal||Floettite|FlowerVeil|DazzlingGleam,DrainingKiss,Protect,CalmMind|Modest||F|||50|]Sinistcha-Masterpiece||KasibBerry|Hospitality|MatchaGotcha,Protect,TrickRoom,RagePowder|Bold|||||50|]Venusaur||FocusSash|Chlorophyll|SleepPowder,EarthPower,Protect,SludgeBomb|Modest||M|||50|]Incineroar||SitrusBerry|Intimidate|FakeOut,FlareBlitz,ThroatChop,PartingShot|Impish||F|||50|]Garchomp||ChoiceScarf|RoughSkin|RockSlide,StompingTantrum,Earthquake,DragonClaw|Adamant||M|||50|
|inactive|Battle timer is ON: inactive players will automatically lose when time's up. (requested by That1Morpecko)
|inactive|Cubeaoz has 60 seconds left.
|
|t:|1782414285
|teamsize|p1|4
|teamsize|p2|4
|start
|switch|p1a: Froslass|Froslass, L50, F|100/100
|switch|p1b: Lycanroc|Lycanroc-Dusk, L50, F|100/100
|switch|p2a: Charizard|Charizard, L50, M, shiny|100/100
|switch|p2b: Venusaur|Venusaur, L50, M|100/100
|turn|1
|inactive|That1Morpecko has 30 seconds left.
|inactive|Cubeaoz has 30 seconds left.
|inactive|That1Morpecko has 20 seconds left.
|
|t:|1782414321
|detailschange|p1a: Froslass|Froslass-Mega, L50, F
|-mega|p1a: Froslass|Froslass|Froslassite
|-weather|Snowscape|[from] ability: Snow Warning|[of] p1a: Froslass
|move|p1b: Lycanroc|Protect|p1b: Lycanroc
|-singleturn|p1b: Lycanroc|Protect
|move|p2a: Charizard|Protect|p2a: Charizard
|-singleturn|p2a: Charizard|Protect
|move|p1a: Froslass|Blizzard|p2a: Charizard|[spread] p2b
|-activate|p2a: Charizard|move: Protect
|-supereffective|p2b: Venusaur|1
|-enditem|p2b: Venusaur|Focus Sash
|-damage|p2b: Venusaur|1/100
|move|p2b: Venusaur|Sleep Powder|p1b: Lycanroc
|-activate|p1b: Lycanroc|move: Protect
|
|-weather|Snowscape|[upkeep]
|upkeep
|turn|2
|inactive|Cubeaoz has 30 seconds left.
|
|t:|1782414353
|switch|p1a: Sneasler|Sneasler, L50, F|100/100
|detailschange|p2a: Charizard|Charizard-Mega-Y, L50, M, shiny
|-mega|p2a: Charizard|Charizard|Charizardite Y
|-weather|SunnyDay|[from] ability: Drought|[of] p2a: Charizard
|move|p2a: Charizard|Protect||[still]
|-fail|p2a: Charizard
|move|p1b: Lycanroc|Accelerock|p2b: Venusaur
|-damage|p2b: Venusaur|0 fnt
|faint|p2b: Venusaur
|
|-weather|SunnyDay|[upkeep]
|upkeep
|
|t:|1782414357
|switch|p2b: Garchomp|Garchomp, L50, M|100/100
|turn|3
|
|t:|1782414369
|switch|p2b: Sinistcha|Sinistcha-Masterpiece, L50|100/100
|move|p2a: Charizard|Protect|p2a: Charizard
|-singleturn|p2a: Charizard|Protect
|move|p1a: Sneasler|Fake Out|p2b: Sinistcha
|-immune|p2b: Sinistcha
|move|p1b: Lycanroc|Rock Slide|p2b: Sinistcha|[spread] p2b
|-activate|p2a: Charizard|move: Protect
|-damage|p2b: Sinistcha|74/100
|
|-weather|SunnyDay|[upkeep]
|upkeep
|turn|4
|
|t:|1782414383
|switch|p2a: Garchomp|Garchomp, L50, M|100/100
|move|p1b: Lycanroc|Rock Slide|p2b: Sinistcha|[spread] p2a,p2b
|-resisted|p2a: Garchomp|1
|-damage|p2a: Garchomp|86/100
|-damage|p2b: Sinistcha|47/100
|move|p1a: Sneasler|Gunk Shot|p2b: Sinistcha
|-damage|p2b: Sinistcha|0 fnt
|faint|p2b: Sinistcha
|
|-weather|SunnyDay|[upkeep]
|upkeep
|
|t:|1782414392
|switch|p2b: Charizard|Charizard-Mega-Y, L50, M, shiny|100/100
|turn|5
|-message|Cubeaoz forfeited.
|
|win|That1Morpecko
|raw|That1Morpecko's rating: 1049 → 1084(+35 for winning)
|raw|Cubeaoz's rating: 1071 → 1049(-22 for losing)
|l|☆Cubeaoz
|player|p2|
