|j|☆spellbreakvgc
|j|☆rafe_model_k
|html|spellbreakvgcrafe_model_k    
|uhtml|bestof|Game 1 of a best-of-3
|t:|1756208727
|gametype|doubles
|player|p1|spellbreakvgc|lance|1163
|player|p2|rafe_model_k|2|1118
|gen|9
|tier|[Gen 9] VGC 2025 Reg H (Bo3)
|rated|
|rule|Species Clause: Limit one of each Pokémon
|rule|Item Clause: Limit 1 of each item
|clearpoke
|poke|p1|Whimsicott, L50, M|
|poke|p1|Typhlosion-Hisui, L50, F|
|poke|p1|Dragapult, L50, F|
|poke|p1|Electabuzz, L50, M|
|poke|p1|Torkoal, L50, M|
|poke|p1|Lilligant-Hisui, L50, F|
|poke|p2|Pelipper, L50, F|
|poke|p2|Maushold-Four, L50|
|poke|p2|Dragonite, L50, M|
|poke|p2|Archaludon, L50, F|
|poke|p2|Grimmsnarl, L50, M|
|poke|p2|Gholdengo, L50|
|teampreview|4
|showteam|p1|Whimsicott||CovertCloak|Prankster|Tailwind,SunnyDay,Encore,Moonblast|||M|||50|,,,,,Ghost]Typhlosion-Hisui||ChoiceSpecs|Blaze|Eruption,HeatWave,ShadowBall,Overheat|||F|||50|,,,,,Fire]Dragapult||ChoiceBand|ClearBody|DragonDarts,Outrage,SuckerPunch,Uturn|||F|||50|,,,,,Dragon]Electabuzz||Eviolite|VitalSpirit|VoltSwitch,FollowMe,Feint,Protect|||M|||50|,,,,,Ghost]Torkoal||LifeOrb|Drought|Eruption,HeatWave,WeatherBall,EarthPower|||M|||50|,,,,,Fire]Lilligant-Hisui||FocusSash|Chlorophyll|CloseCombat,SleepPowder,AfterYou,LeafBlade|||F|||50|,,,,,Ghost
|showteam|p2|Pelipper||FocusSash|Drizzle|Protect,MuddyWater,Hurricane,Tailwind|||F|||50|,,,,,Ground]Maushold-Four||SafetyGoggles|FriendGuard|Protect,SuperFang,FollowMe,BeatUp||||||50|,,,,,Ghost]Dragonite||LoadedDice|InnerFocus|Protect,ExtremeSpeed,ScaleShot,Haze|||M|||50|,,,,,Steel]Archaludon||AssaultVest|Stamina|DragonPulse,ElectroShot,BodyPress,Snarl|||F|||50|,,,,,Bug]Grimmsnarl||LightClay|Prankster|FoulPlay,LightScreen,Reflect,ThunderWave|||M|||50|,,,,,Ghost]Gholdengo||LifeOrb|GoodasGold|Protect,MakeItRain,ShadowBall,NastyPlot||||||50|,,,,,Water
|j| 0hgan
|inactive|Battle timer is ON: inactive players will automatically lose when time's up. (requested by spellbreakvgc)
|l| 0hgan
|inactive|spellbreakvgc has 60 seconds left.
|inactive|rafe_model_k has 60 seconds left.
|inactive|spellbreakvgc has 30 seconds left.
|
|t:|1756208802
|teamsize|p1|4
|teamsize|p2|4
|start
|switch|p1a: Whimsicott|Whimsicott, L50, M|100/100
|switch|p1b: Typhlosion|Typhlosion-Hisui, L50, F|100/100
|switch|p2a: Pelipper|Pelipper, L50, F|100/100
|switch|p2b: Archaludon|Archaludon, L50, F|100/100
|-weather|RainDance|[from] ability: Drizzle|[of] p2a: Pelipper
|turn|1
|inactive|rafe_model_k has 30 seconds left.
|inactive|rafe_model_k has 20 seconds left.
|
|t:|1756208838
|-terastallize|p1b: Typhlosion|Fire
|move|p1a: Whimsicott|Sunny Day|p1a: Whimsicott
|-weather|SunnyDay
|move|p1b: Typhlosion|Eruption|p2b: Archaludon|[spread] p2a,p2b
|-resisted|p2a: Pelipper
|-enditem|p2a: Pelipper|Focus Sash
|-damage|p2a: Pelipper|1/100
|-damage|p2b: Archaludon|0 fnt
|faint|p2b: Archaludon
|move|p2a: Pelipper|Tailwind|p2a: Pelipper
|-sidestart|p2: rafe_model_k|move: Tailwind
|
|-weather|SunnyDay|[upkeep]
|upkeep
|
|t:|1756208850
|switch|p2b: Grimmsnarl|Grimmsnarl, L50, M|100/100
|turn|2
|
|t:|1756208874
|move|p1a: Whimsicott|Tailwind|p1a: Whimsicott
|-sidestart|p1: spellbreakvgc|move: Tailwind
|move|p2b: Grimmsnarl|Thunder Wave|p1b: Typhlosion
|-status|p1b: Typhlosion|par
|move|p2a: Pelipper|Muddy Water|p1a: Whimsicott|[spread] p1a,p1b
|-resisted|p1a: Whimsicott
|-supereffective|p1b: Typhlosion
|-damage|p1a: Whimsicott|88/100
|-damage|p1b: Typhlosion|60/100 par
|-unboost|p1b: Typhlosion|accuracy|1
|move|p1b: Typhlosion|Eruption|p2a: Pelipper|[spread] p2a
|-miss|p1b: Typhlosion|p2b: Grimmsnarl
|-resisted|p2a: Pelipper
|-damage|p2a: Pelipper|0 fnt
|faint|p2a: Pelipper
|
|-weather|SunnyDay|[upkeep]
|upkeep
|
|t:|1756208889
|switch|p2a: Gholdengo|Gholdengo, L50|100/100
|turn|3
|
|t:|1756208912
|-terastallize|p2a: Gholdengo|Water
|move|p2b: Grimmsnarl|Light Screen|p2b: Grimmsnarl
|-sidestart|p2: rafe_model_k|move: Light Screen
|move|p1a: Whimsicott|Moonblast|p2b: Grimmsnarl
|-supereffective|p2b: Grimmsnarl
|-damage|p2b: Grimmsnarl|54/100
|-unboost|p2b: Grimmsnarl|spa|1
|move|p2a: Gholdengo|Nasty Plot|p2a: Gholdengo
|-boost|p2a: Gholdengo|spa|2
|move|p1b: Typhlosion|Eruption|p2a: Gholdengo|[spread] p2a,p2b
|-resisted|p2a: Gholdengo
|-crit|p2a: Gholdengo
|-damage|p2a: Gholdengo|7/100
|-damage|p2b: Grimmsnarl|0 fnt
|faint|p2b: Grimmsnarl
|
|-weather|SunnyDay|[upkeep]
|upkeep
|turn|4
|c|☆rafe_model_k|bruh
|inactive|spellbreakvgc has 30 seconds left.
|inactive|spellbreakvgc has 20 seconds left.
|inactive|spellbreakvgc has 15 seconds left.
|inactive|spellbreakvgc has 10 seconds left.
|inactive|spellbreakvgc has 5 seconds left.
|
|t:|1756208963
|move|p1a: Whimsicott|Moonblast|p2a: Gholdengo
|-damage|p2a: Gholdengo|0 fnt
|faint|p2a: Gholdengo
|
|win|spellbreakvgc
||rafe_model_k is ready for game 2.
||spellbreakvgc is ready for game 2.
|uhtml|next|Next: Game 2 of 3
