|j|☆Ferran Tiburon
|j|☆cantchat_sorry
|html|Ferran Tiburoncantchat_sorry    
|uhtml|bestof|Game 2 of a best-of-3
|t:|1783088037
|gametype|doubles
|player|p1|Ferran Tiburon|101|1229
|player|p2|cantchat_sorry|clair|1170
|gen|9
|tier|[Gen 9 Champions] VGC 2026 Reg M-B (Bo3)
|rated|
|rule|Species Clause: Limit one of each Pokémon
|rule|Item Clause: Limit 1 of each item
|clearpoke
|poke|p1|Charizard, L50, M|
|poke|p1|Kingambit, L50, F|
|poke|p1|Sylveon, L50, M|
|poke|p1|Garchomp, L50, M|
|poke|p1|Aerodactyl, L50, F|
|poke|p1|Farigiraf, L50, F|
|poke|p2|Charizard, L50, M|
|poke|p2|Tyranitar, L50, F|
|poke|p2|Milotic, L50, M|
|poke|p2|Sneasler, L50, F|
|poke|p2|Incineroar, L50, F|
|poke|p2|Sinistcha, L50|
|teampreview|4
|showteam|p1|Charizard||CharizarditeY|SolarPower|Protect,HeatWave,SolarBeam,WeatherBall|Modest||M|||50|]Kingambit||FocusSash|Defiant|IronHead,SuckerPunch,KowtowCleave,LowKick|Adamant||F|||50|]Sylveon||FairyFeather|Pixilate|Detect,HyperVoice,HyperBeam,QuickAttack|Modest||M|||50|]Garchomp||LifeOrb|RoughSkin|Protect,DragonClaw,Earthquake,StompingTantrum|Jolly||M|||50|]Aerodactyl||Aerodactylite|RockHead|IceFang,RockSlide,Tailwind,DualWingbeat|Jolly||F|||50|]Farigiraf||SitrusBerry|ArmorTail|TrickRoom,Psychic,Thunderbolt,Roar|Bold||F|||50|
|showteam|p2|Charizard||CharizarditeX|Blaze|Protect,DragonDance,DragonClaw,FlareBlitz|Adamant||M|||50|]Tyranitar||Tyranitarite|SandStream|Protect,Crunch,RockSlide,HighHorsepower|Adamant||F|||50|]Milotic||Leftovers|Competitive|Protect,IcyWind,Scald,Recover|Calm||M|||50|]Sneasler||WhiteHerb|Unburden|FakeOut,DireClaw,CloseCombat,Coaching|Adamant||F|||50|]Incineroar||SitrusBerry|Intimidate|FakeOut,PartingShot,ThroatChop,FlareBlitz|Adamant||F|||50|]Sinistcha||CobaBerry|Hospitality|MatchaGotcha,RagePowder,LifeDew,TrickRoom|Bold|||||50|
|inactive|Battle timer is ON: inactive players will automatically lose when time's up. (requested by Ferran Tiburon)
|inactive|Ferran Tiburon has 60 seconds left.
|
|t:|1783088076
|teamsize|p1|4
|teamsize|p2|4
|start
|switch|p1a: Sylveon|Sylveon, L50, M|100/100
|switch|p1b: Kingambit|Kingambit, L50, F|100/100
|switch|p2a: Incineroar|Incineroar, L50, F|100/100
|switch|p2b: Tyranitar|Tyranitar, L50, F|100/100
|-weather|Sandstorm|[from] ability: Sand Stream|[of] p2b: Tyranitar
|-ability|p2a: Incineroar|Intimidate|boost
|-unboost|p1a: Sylveon|atk|1
|-unboost|p1b: Kingambit|atk|1
|-ability|p1b: Kingambit|Defiant|boost
|-boost|p1b: Kingambit|atk|2
|turn|1
|
|t:|1783088093
|move|p2b: Tyranitar|Rock Slide|p1b: Kingambit|[spread] p1b
|-miss|p2b: Tyranitar|p1a: Sylveon
|-resisted|p1b: Kingambit|1
|-damage|p1b: Kingambit|86/100
|move|p1b: Kingambit|Low Kick|p2b: Tyranitar
|-supereffective|p2b: Tyranitar|2
|-damage|p2b: Tyranitar|0 fnt
|faint|p2b: Tyranitar
|move|p1a: Sylveon|Hyper Beam|p2a: Incineroar|[miss]
|-miss|p1a: Sylveon|p2a: Incineroar
|move|p2a: Incineroar|Flare Blitz|p1a: Sylveon
|-damage|p1a: Sylveon|38/100
|-damage|p2a: Incineroar|82/100|[from] Recoil
|
|-weather|Sandstorm|[upkeep]
|-damage|p1a: Sylveon|31/100|[from] Sandstorm
|-damage|p2a: Incineroar|76/100|[from] Sandstorm
|upkeep
|
|t:|1783088108
|switch|p2b: Sinistcha|Sinistcha, L50|100/100
|-heal|p2a: Incineroar|100/100|[from] ability: Hospitality|[of] p2b: Sinistcha
|turn|2
|
|t:|1783088118
|move|p1b: Kingambit|Kowtow Cleave|p2b: Sinistcha
|-supereffective|p2b: Sinistcha|1
|-damage|p2b: Sinistcha|0 fnt
|faint|p2b: Sinistcha
|move|p1a: Sylveon|Hyper Voice|p2a: Incineroar
|-damage|p2a: Incineroar|46/100
|-enditem|p2a: Incineroar|Sitrus Berry|[eat]
|-heal|p2a: Incineroar|71/100|[from] item: Sitrus Berry
|move|p2a: Incineroar|Flare Blitz|p1b: Kingambit
|-supereffective|p1b: Kingambit|1
|-damage|p1b: Kingambit|0 fnt
|faint|p1b: Kingambit
|-damage|p2a: Incineroar|46/100|[from] Recoil
|
|-weather|Sandstorm|[upkeep]
|-damage|p2a: Incineroar|40/100|[from] Sandstorm
|-damage|p1a: Sylveon|25/100|[from] Sandstorm
|upkeep
|
|t:|1783088137
|switch|p1b: Charizard|Charizard, L50, M|100/100
|switch|p2b: Milotic|Milotic, L50, M|100/100
|turn|3
|-message|cantchat_sorry forfeited.
|
|win|Ferran Tiburon
|l|☆cantchat_sorry
|player|p2|
||cantchat_sorry is ready for game 3.
||Ferran Tiburon is ready for game 3.
|uhtml|next|Next: Game 3 of 3
