|j|☆Drubird
|j|☆Smoukingrad
|html|DrubirdSmoukingrad    
|uhtml|bestof|Game 1 of a best-of-3
|t:|1756402215
|gametype|doubles
|player|p1|Drubird|blue|1039
|player|p2|Smoukingrad|kimonogirl|1129
|gen|9
|tier|[Gen 9] VGC 2025 Reg H (Bo3)
|rated|
|rule|Species Clause: Limit one of each Pokémon
|rule|Item Clause: Limit 1 of each item
|clearpoke
|poke|p1|Politoed, L50, F|
|poke|p1|Gothitelle, L50, M|
|poke|p1|Basculegion, L50, M|
|poke|p1|Incineroar, L50, M|
|poke|p1|Archaludon, L50, F|
|poke|p1|Amoonguss, L50, F|
|poke|p2|Indeedee, L50, M|
|poke|p2|Excadrill, L50, M|
|poke|p2|Sneasler, L50, F|
|poke|p2|Tyranitar, L50, M|
|poke|p2|Annihilape, L50, M|
|poke|p2|Maushold, L50|
|teampreview|4
|showteam|p1|Politoed||Leftovers|Drizzle|WeatherBall,Encore,PerishSong,Protect|||F|||50|,,,,,Grass]Gothitelle||CovertCloak|ShadowTag|FakeOut,Psychic,Protect,TrickRoom|||M|||50|,,,,,Dark]Basculegion||LifeOrb|SwiftSwim|LastRespects,WaveCrash,AquaJet,Protect|||M|||50|,,,,,Ghost]Incineroar||SitrusBerry|Intimidate|FakeOut,KnockOff,PartingShot,Protect|||M|||50|,,,,,Fire]Archaludon||PowerHerb|Sturdy|Protect,ElectroShot,DragonPulse,FlashCannon|||F|||50|,,,,,Electric]Amoonguss||EjectButton|Regenerator|Protect,RagePowder,Spore,PollenPuff|||F|||50|,,,,,Grass
|showteam|p2|Indeedee||ChoiceScarf|PsychicSurge|ExpandingForce,TeraBlast,Trick,DazzlingGleam|||M|||50|,,,,,Psychic]Excadrill||FocusSash|SandRush|Earthquake,HighHorsepower,Protect,IronHead|||M|||50|,,,,,Ground]Sneasler||PsychicSeed|Unburden|DireClaw,CloseCombat,ThroatChop,Protect|||F|||50|,,,,,Dark]Tyranitar||AssaultVest|SandStream|RockSlide,TeraBlast,KnockOff,LowKick|||M|||50|,,,,,Flying]Annihilape||SitrusBerry|Defiant|Protect,RageFist,DrainPunch,BulkUp|||M|||50|,,,,,Dragon]Maushold||SafetyGoggles|FriendGuard|Protect,Taunt,FollowMe,BeatUp||||||50|,,,,,Ghost
|
|t:|1756402275
|teamsize|p1|4
|teamsize|p2|4
|start
|switch|p1a: Incineroar|Incineroar, L50, M|100/100
|switch|p1b: Gothitelle|Gothitelle, L50, M|100/100
|switch|p2a: Annihilape|Annihilape, L50, M|100/100
|switch|p2b: Maushold|Maushold, L50|100/100
|-ability|p1a: Incineroar|Intimidate|boost
|-unboost|p2a: Annihilape|atk|1
|-ability|p2a: Annihilape|Defiant|boost
|-boost|p2a: Annihilape|atk|2
|-unboost|p2b: Maushold|atk|1
|turn|1
|
|t:|1756402300
|-terastallize|p2a: Annihilape|Dragon
|-terastallize|p1b: Gothitelle|Dark
|move|p1a: Incineroar|Protect|p1a: Incineroar
|-singleturn|p1a: Incineroar|Protect
|move|p2b: Maushold|Taunt|p1b: Gothitelle
|-start|p1b: Gothitelle|move: Taunt
|move|p2a: Annihilape|Bulk Up|p2a: Annihilape
|-boost|p2a: Annihilape|atk|1
|-boost|p2a: Annihilape|def|1
|cant|p1b: Gothitelle|move: Taunt|Trick Room
|
|upkeep
|turn|2
|
|t:|1756402327
|move|p2b: Maushold|Beat Up|p2a: Annihilape
|-damage|p2a: Annihilape|99/100
|-damage|p2a: Annihilape|99/100
|-damage|p2a: Annihilape|98/100
|-damage|p2a: Annihilape|97/100
|-hitcount|p2a: Annihilape|4
|move|p2a: Annihilape|Bulk Up|p2a: Annihilape
|-boost|p2a: Annihilape|atk|1
|-boost|p2a: Annihilape|def|1
|move|p1b: Gothitelle|Psychic|p2a: Annihilape
|-damage|p2a: Annihilape|75/100
|move|p1a: Incineroar|Parting Shot|p2b: Maushold
|-unboost|p2b: Maushold|atk|1
|-unboost|p2b: Maushold|spa|1
|
|t:|1756402336
|switch|p1a: Amoonguss|Amoonguss, L50, F|100/100|[from] Parting Shot
|
|upkeep
|turn|3
|
|t:|1756402357
|switch|p1a: Politoed|Politoed, L50, F|100/100
|-weather|RainDance|[from] ability: Drizzle|[of] p1a: Politoed
|move|p2b: Maushold|Taunt|p1a: Politoed
|-start|p1a: Politoed|move: Taunt
|move|p2a: Annihilape|Drain Punch|p1b: Gothitelle
|-supereffective|p1b: Gothitelle
|-damage|p1b: Gothitelle|0 fnt
|-heal|p2a: Annihilape|100/100|[from] drain|[of] p1b: Gothitelle
|faint|p1b: Gothitelle
|
|-weather|RainDance|[upkeep]
|upkeep
|
|t:|1756402365
|switch|p1b: Amoonguss|Amoonguss, L50, F|100/100
|turn|4
|-message|Drubird forfeited.
|
|win|Smoukingrad
|l|☆Drubird
|player|p1|
|raw|Drubird's rating: 1039 → 1027(-12 for losing)
|raw|Smoukingrad's rating: 1129 → 1148(+19 for winning)
