|j|☆jmcm54
|j|☆turbo drif ♥
|html|jmcm54turbo drif ♥    
|uhtml|bestof|Game 1 of a best-of-3
|t:|1783442887
|gametype|doubles
|player|p1|jmcm54|gentleman-gen4|1000
|player|p2|turbo drif ♥|pokemonbreederf-gen4|1110
|gen|9
|tier|[Gen 9 Champions] VGC 2026 Reg M-B (Bo3)
|rated|
|rule|Species Clause: Limit one of each Pokémon
|rule|Item Clause: Limit 1 of each item
|clearpoke
|poke|p1|Banette, L50, F|
|poke|p1|Slowking-Galar, L50, F|
|poke|p1|Tinkaton, L50, F|
|poke|p1|Rotom-Wash, L50|
|poke|p1|Mawile, L50, F|
|poke|p1|Clefable, L50, F|
|poke|p2|Ampharos, L50, M|
|poke|p2|Gliscor, L50, M|
|poke|p2|Gourgeist-Super, L50, M|
|poke|p2|Salazzle, L50, F|
|poke|p2|Torkoal, L50, F|
|poke|p2|Primarina, L50, M|
|teampreview|4
|showteam|p1|Banette||Banettite|Insomnia|ShadowClaw,ShadowSneak,Protect,SkillSwap|Brave||F|||50|]Slowking-Galar||FocusSash|OwnTempo|HealPulse,Swagger,ScaryFace,TrickRoom|Sassy||F|||50|]Tinkaton||LifeOrb|MoldBreaker|FakeOut,GigatonHammer,Protect,DrainingKiss|Adamant||F|||50|]Rotom-Wash||SitrusBerry|Levitate|Electroweb,HydroPump,Thunderbolt,WillOWisp|Modest|||||50|]Mawile||Mawilite|Intimidate|Swagger,PlayRough,FoulPlay,DrainingKiss|Relaxed||F|||50|]Clefable||Leftovers|MagicGuard|HealPulse,HealingWish,AfterYou,FollowMe|Timid||F|||50|
|showteam|p2|Ampharos||Ampharosite|Static|ParabolicCharge,DragonPulse,Agility,Protect|Timid||M|||50|]Gliscor||SoftSand|HyperCutter|Tailwind,HighHorsepower,DualWingbeat,Protect|Jolly||M|||50|]Gourgeist-Super||Leftovers|Frisk|TrickRoom,PhantomForce,PowerWhip,PainSplit|Relaxed||M|||50|]Salazzle||FocusSash|Oblivious|FakeOut,SludgeWave,Overheat,Protect|Timid||F|||50|]Torkoal||Charcoal|Drought|Eruption,EarthPower,WeatherBall,Protect|Modest||F|||50|]Primarina||SitrusBerry|LiquidVoice|IcyWind,HyperVoice,Moonblast,Protect|Calm||M|||50|
|c|☆turbo drif ♥|gl hf
|
|t:|1783442928
|teamsize|p1|4
|teamsize|p2|4
|start
|switch|p1a: Banette|Banette, L50, F|100/100
|switch|p1b: Slowking|Slowking-Galar, L50, F|100/100
|switch|p2a: Gourgeist|Gourgeist-Super, L50, M|100/100
|switch|p2b: Salazzle|Salazzle, L50, F|100/100
|-item|p1a: Banette|Banettite|[from] ability: Frisk|[of] p2a: Gourgeist
|-item|p1b: Slowking|Focus Sash|[from] ability: Frisk|[of] p2a: Gourgeist
|turn|1
|
|t:|1783442955
|switch|p2b: Torkoal|Torkoal, L50, F|100/100
|-weather|SunnyDay|[from] ability: Drought|[of] p2b: Torkoal
|detailschange|p1a: Banette|Banette-Mega, L50, F
|-mega|p1a: Banette|Banette|Banettite
|move|p1a: Banette|Skill Swap|p1b: Slowking
|-activate|p1a: Banette|Skill Swap|||[of] p1b: Slowking
|move|p1b: Slowking|Swagger|p1a: Banette
|-boost|p1a: Banette|atk|2
|-immune|p1a: Banette|confusion|[from] ability: Own Tempo
|move|p2a: Gourgeist|Trick Room|p2a: Gourgeist
|-fieldstart|move: Trick Room|[of] p2a: Gourgeist
|
|-weather|SunnyDay|[upkeep]
|upkeep
|turn|2
|c|☆turbo drif ♥|gdam
|
|t:|1783442994
|move|p1b: Slowking|Scary Face|p1a: Banette
|-unboost|p1a: Banette|spe|2
|move|p2b: Torkoal|Eruption|p1b: Slowking|[spread] p1a,p1b
|-damage|p1a: Banette|0 fnt
|-damage|p1b: Slowking|49/100
|faint|p1a: Banette
|move|p2a: Gourgeist|Phantom Force||[still]
|-prepare|p2a: Gourgeist|Phantom Force
|
|-weather|SunnyDay|[upkeep]
|upkeep
|
|t:|1783443016
|switch|p1a: Tinkaton|Tinkaton, L50, F|100/100
|-ability|p1a: Tinkaton|Mold Breaker
|turn|3
|
|t:|1783443033
|move|p2b: Torkoal|Protect|p2b: Torkoal
|-singleturn|p2b: Torkoal|Protect
|move|p1a: Tinkaton|Fake Out|p2b: Torkoal
|-activate|p2b: Torkoal|move: Protect
|move|p1b: Slowking|Scary Face|p1a: Tinkaton
|-unboost|p1a: Tinkaton|spe|2
|move|p2a: Gourgeist|Phantom Force|p1a: Tinkaton|[from] lockedmove
|-damage|p1a: Tinkaton|63/100
|
|-weather|SunnyDay|[upkeep]
|upkeep
|turn|4
|
|t:|1783443070
|move|p1b: Slowking|Scary Face|p1a: Tinkaton
|-unboost|p1a: Tinkaton|spe|2
|move|p1a: Tinkaton|Gigaton Hammer|p2b: Torkoal
|-resisted|p2b: Torkoal|1
|-damage|p2b: Torkoal|65/100
|-damage|p1a: Tinkaton|53/100|[from] item: Life Orb
|move|p2b: Torkoal|Eruption|p1b: Slowking|[spread] p1a,p1b
|-supereffective|p1a: Tinkaton|1
|-damage|p1a: Tinkaton|0 fnt
|-damage|p1b: Slowking|12/100
|faint|p1a: Tinkaton
|move|p2a: Gourgeist|Phantom Force||[still]
|-prepare|p2a: Gourgeist|Phantom Force
|
|-weather|SunnyDay|[upkeep]
|upkeep
|inactive|Battle timer is ON: inactive players will automatically lose when time's up. (requested by turbo drif ♥)
|inactive|jmcm54 has 60 seconds left.
|inactive|jmcm54 has 30 seconds left.
|inactive|jmcm54 has 20 seconds left.
|inactive|jmcm54 has 15 seconds left.
|inactive|jmcm54 has 10 seconds left.
|inactive|jmcm54 has 5 seconds left.
|
|t:|1783443228
|switch|p1a: Clefable|Clefable, L50, F|100/100
|turn|5
|inactive|jmcm54 has 30 seconds left.
|inactive|jmcm54 has 20 seconds left.
|inactive|jmcm54 has 15 seconds left.
|inactive|jmcm54 has 10 seconds left.
|inactive|jmcm54 has 5 seconds left.
|
|t:|1783443283
|move|p1b: Slowking|Heal Pulse|p2a: Gourgeist|[miss]
|-miss|p1b: Slowking|p2a: Gourgeist
|move|p2b: Torkoal|Eruption|p1b: Slowking|[spread] p1a,p1b
|-damage|p1a: Clefable|40/100
|-damage|p1b: Slowking|0 fnt
|faint|p1b: Slowking
|move|p2a: Gourgeist|Phantom Force|p1a: Clefable|[from] lockedmove
|-damage|p1a: Clefable|3/100
|move|p1a: Clefable|Heal Pulse|p2a: Gourgeist
|-fail|p2a: Gourgeist|heal
|
|-weather|none
|-heal|p1a: Clefable|9/100|[from] item: Leftovers
|-fieldend|move: Trick Room
|upkeep
|turn|6
|inactive|jmcm54 has 30 seconds left.
|c|☆turbo drif ♥|that setup is pretty cool
|c|☆turbo drif ♥|imma steal it thank
|inactive|jmcm54 has 20 seconds left.
|inactive|jmcm54 has 15 seconds left.
|c|☆turbo drif ♥|hadnt though of that
|inactive|jmcm54 has 10 seconds left.
|inactive|jmcm54 has 5 seconds left.
|
|t:|1783443338
|move|p1a: Clefable|Heal Pulse|p2b: Torkoal
|-heal|p2b: Torkoal|100/100
|move|p2a: Gourgeist|Power Whip|p1a: Clefable
|-damage|p1a: Clefable|0 fnt
|faint|p1a: Clefable
|
|win|turbo drif ♥
||turbo drif ♥ is ready for game 2.
|inactive|jmcm54 has 30 seconds to confirm battle start!
|inactive|jmcm54 has 20 seconds to confirm battle start!
|inactive|jmcm54 has 10 seconds to confirm battle start!
