|j|☆FlashStatic
|j|☆fancy_0221
|html|FlashStaticfancy_0221    
|uhtml|bestof|Game 3 of a best-of-3
|t:|1784839576
|gametype|doubles
|player|p1|FlashStatic|palmer|
|player|p2|fancy_0221|caitlin|
|gen|9
|tier|[Gen 9 Champions] VGC 2026 Reg M-B (Bo3)
|rule|Species Clause: Limit one of each Pokémon
|rule|Item Clause: Limit 1 of each item
|clearpoke
|poke|p1|Greninja, L50, F, shiny|
|poke|p1|Grimmsnarl, L50, M|
|poke|p1|Metagross, L50, shiny|
|poke|p1|Talonflame, L50, M|
|poke|p1|Maushold, L50|
|poke|p1|Roserade, L50, M, shiny|
|poke|p2|Staraptor, L50, M|
|poke|p2|Typhlosion, L50, M|
|poke|p2|Sinistcha, L50|
|poke|p2|Raichu, L50, M|
|poke|p2|Excadrill, L50, M|
|poke|p2|Snorlax, L50, M|
|teampreview|4
|showteam|p1|Greninja||Greninjite|Protean|DarkPulse,Extrasensory,HydroPump,Surf|Timid||F|||50|]Grimmsnarl||Leftovers|Prankster|Reflect,FakeOut,FoulPlay,Swagger|Careful||M|||50|]Metagross||Metagrossite|ClearBody|BodyPress,PsychicFangs,BulletPunch,Protect|Jolly|||||50|]Talonflame||WhiteHerb|GaleWings|Tailwind,DualWingbeat,FlareBlitz,Acrobatics|Jolly||M|||50|]Maushold||KingsRock|Technician|PopulationBomb,FollowMe,HelpingHand,SuperFang|Jolly|||||50|]Roserade||FocusSash|PoisonPoint|SleepPowder,WeatherBall,EnergyBall,RainDance|Timid||M|||50|
|showteam|p2|Staraptor||Staraptite|Intimidate|BraveBird,CloseCombat,Uturn,Protect|Jolly||M|||50|]Typhlosion||ChoiceScarf|FlashFire|Eruption,Overheat,ShadowBall,Extrasensory|Modest||M|||50|]Sinistcha||SitrusBerry|Hospitality|MatchaGotcha,StrengthSap,Protect,RagePowder|Calm|||||50|]Raichu||FocusSash|LightningRod|FakeOut,Thunderbolt,Nuzzle,Charm|Timid||M|||50|]Excadrill||LifeOrb|MoldBreaker|HighHorsepower,IronHead,RockSlide,RapidSpin|Jolly||M|||50|]Snorlax||Leftovers|ThickFat|BodySlam,Rest,Curse,SleepTalk|Careful||M|||50|
|inactive|Battle timer is ON: inactive players will automatically lose when time's up. (requested by FlashStatic)
|
|t:|1784839605
|teamsize|p1|4
|teamsize|p2|4
|start
|switch|p1a: Talonflame|Talonflame, L50, M|100/100
|switch|p1b: Maushold|Maushold, L50|100/100
|switch|p2a: Sinistcha|Sinistcha, L50|100/100
|switch|p2b: Raichu|Raichu, L50, M|100/100
|turn|1
|
|t:|1784839625
|switch|p2a: Typhlosion|Typhlosion, L50, M|100/100
|move|p2b: Raichu|Fake Out|p1b: Maushold
|-damage|p1b: Maushold|86/100
|cant|p1b: Maushold|flinch
|move|p1a: Talonflame|Tailwind|p1a: Talonflame
|-sidestart|p1: FlashStatic|move: Tailwind
|
|upkeep
|turn|2
|
|t:|1784839649
|switch|p2a: Sinistcha|Sinistcha, L50|100/100
|move|p1a: Talonflame|Dual Wingbeat|p2a: Sinistcha
|-supereffective|p2a: Sinistcha|1
|-damage|p2a: Sinistcha|68/100
|-supereffective|p2a: Sinistcha|1
|-damage|p2a: Sinistcha|38/100
|-enditem|p2a: Sinistcha|Sitrus Berry|[eat]
|-heal|p2a: Sinistcha|62/100|[from] item: Sitrus Berry
|-hitcount|p2a: Sinistcha|2
|move|p1b: Maushold|Population Bomb|p2b: Raichu
|-damage|p2b: Raichu|75/100
|-hitcount|p2b: Raichu|1
|move|p2b: Raichu|Thunderbolt|p1a: Talonflame
|-supereffective|p1a: Talonflame|1
|-damage|p1a: Talonflame|0 fnt
|faint|p1a: Talonflame
|
|upkeep
|
|t:|1784839665
|switch|p1a: Greninja|Greninja, L50, F, shiny|100/100
|turn|3
|
|t:|1784839677
|move|p2a: Sinistcha|Rage Powder|p2a: Sinistcha
|-singleturn|p2a: Sinistcha|move: Rage Powder
|move|p1a: Greninja|Dark Pulse|p2a: Sinistcha
|-start|p1a: Greninja|typechange|Dark|[from] ability: Protean
|-supereffective|p2a: Sinistcha|1
|-damage|p2a: Sinistcha|0 fnt
|faint|p2a: Sinistcha
|move|p1b: Maushold|Population Bomb|p2b: Raichu
|-damage|p2b: Raichu|50/100g
|-damage|p2b: Raichu|27/100
|-damage|p2b: Raichu|4/100
|-damage|p2b: Raichu|0 fnt
|faint|p2b: Raichu
|-hitcount|p2: Raichu|4
|
|upkeep
|
|t:|1784839691
|switch|p2b: Staraptor|Staraptor, L50, M|100/100
|switch|p2a: Typhlosion|Typhlosion, L50, M|100/100
|-ability|p2b: Staraptor|Intimidate|boost
|-unboost|p1a: Greninja|atk|1
|-unboost|p1b: Maushold|atk|1
|turn|4
|
|t:|1784839708
|detailschange|p1a: Greninja|Greninja-Mega, L50, F, shiny
|-mega|p1a: Greninja|Greninja|Greninjite
|detailschange|p2b: Staraptor|Staraptor-Mega, L50, M
|-mega|p2b: Staraptor|Staraptor|Staraptite
|move|p1a: Greninja|Extrasensory|p2b: Staraptor
|-start|p1a: Greninja|typechange|Psychic|[from] ability: Protean
|-supereffective|p2b: Staraptor|1
|-damage|p2b: Staraptor|0 fnt
|faint|p2b: Staraptor
|move|p1b: Maushold|Population Bomb|p2a: Typhlosion
|-damage|p2a: Typhlosion|89/100
|-damage|p2a: Typhlosion|78/100
|-damage|p2a: Typhlosion|66/100
|-damage|p2a: Typhlosion|54/100
|-damage|p2a: Typhlosion|43/100
|-crit|p2a: Typhlosion
|-damage|p2a: Typhlosion|17/100
|-damage|p2a: Typhlosion|5/100
|-damage|p2a: Typhlosion|0 fnt
|faint|p2a: Typhlosion
|-hitcount|p2: Typhlosion|8
|
|win|FlashStatic
|c|☆fancy_0221|Well shit
|c|☆FlashStatic|gg
|c|☆fancy_0221|gg
