|j|☆homerj71
|j|☆Yaceuro
|html|homerj71Yaceuro    
|uhtml|bestof|Game 1 of a best-of-3
|t:|1784045641
|gametype|doubles
|player|p1|homerj71|101|1160
|player|p2|Yaceuro|n|1138
|gen|9
|tier|[Gen 9 Champions] VGC 2026 Reg M-B (Bo3)
|rated|
|rule|Species Clause: Limit one of each Pokémon
|rule|Item Clause: Limit 1 of each item
|clearpoke
|poke|p1|Sneasler, L50, F|
|poke|p1|Sinistcha, L50|
|poke|p1|Incineroar, L50, F|
|poke|p1|Kingambit, L50, M|
|poke|p1|Delphox, L50, F|
|poke|p1|Floette-Eternal, L50, F|
|poke|p2|Mawile, L50, F, shiny|
|poke|p2|Swampert, L50, M|
|poke|p2|Pelipper, L50, M|
|poke|p2|Archaludon, L50, M, shiny|
|poke|p2|Basculegion, L50, M|
|poke|p2|Dragonite, L50, M|
|teampreview|4
|showteam|p1|Sneasler||FocusSash|PoisonTouch|QuickGuard,FakeOut,DireClaw,CloseCombat|Jolly||F|||50|]Sinistcha||OccaBerry|Hospitality|Protect,RagePowder,MatchaGotcha,TrickRoom|Relaxed|||||50|]Incineroar||SitrusBerry|Intimidate|FakeOut,FlareBlitz,ThroatChop,PartingShot|Careful||F|||50|]Kingambit||BlackGlasses|Defiant|KowtowCleave,SwordsDance,SuckerPunch,Protect|Adamant||M|||50|]Delphox||Delphoxite|Blaze|Protect,NastyPlot,HeatWave,Psyshock|Timid||F|||50|]Floette-Eternal||Floettite|FlowerVeil|Moonblast,CalmMind,Protect,DazzlingGleam|Bold||F|||50|
|showteam|p2|Mawile||Mawilite|HyperCutter|PlayRough,BrickBreak,SuckerPunch,Protect|Adamant||F|||50|]Swampert||Swampertite|Torrent|HighHorsepower,IcePunch,WaveCrash,Protect|Adamant||M|||50|]Pelipper||FocusSash|Drizzle|WeatherBall,Hurricane,Tailwind,Protect|Modest||M|||50|]Archaludon||Leftovers|Stamina|FlashCannon,DragonPulse,ElectroShot,Protect|Modest||M|||50|]Basculegion||ChoiceScarf|Adaptability|FlipTurn,WaveCrash,AquaJet,LastRespects|Jolly||M|||50|]Dragonite||LifeOrb|InnerFocus|DracoMeteor,Hurricane,Thunder,Protect|Timid||M|||50|
|inactive|Battle timer is ON: inactive players will automatically lose when time's up. (requested by homerj71)
|inactive|Yaceuro also wants the timer to be on.
|inactive|Yaceuro has 60 seconds left.
|
|t:|1784045676
|teamsize|p1|4
|teamsize|p2|4
|start
|switch|p1a: Kingambit|Kingambit, L50, M|100/100
|switch|p1b: Incineroar|Incineroar, L50, F|100/100
|switch|p2a: Mawile|Mawile, L50, F, shiny|100/100
|switch|p2b: Basculegion|Basculegion, L50, M|100/100
|-ability|p1b: Incineroar|Intimidate|boost
|-fail|p2a: Mawile|unboost|Attack|[from] ability: Hyper Cutter|[of] p2a: Mawile
|-unboost|p2b: Basculegion|atk|1
|turn|1
|
|t:|1784045692
|switch|p2b: Pelipper|Pelipper, L50, M|100/100
|-weather|RainDance|[from] ability: Drizzle|[of] p2b: Pelipper
|move|p2a: Mawile|Protect|p2a: Mawile
|-singleturn|p2a: Mawile|Protect
|move|p1b: Incineroar|Fake Out|p2a: Mawile
|-activate|p2a: Mawile|move: Protect
|move|p1a: Kingambit|Swords Dance|p1a: Kingambit
|-boost|p1a: Kingambit|atk|2
|
|-weather|RainDance|[upkeep]
|upkeep
|turn|2
|inactive|homerj71 has 30 seconds left.
|
|t:|1784045723
|detailschange|p2a: Mawile|Mawile-Mega, L50, F, shiny
|-mega|p2a: Mawile|Mawile|Mawilite
|move|p1a: Kingambit|Sucker Punch|p2a: Mawile
|-resisted|p2a: Mawile|1
|-damage|p2a: Mawile|54/100
|move|p2b: Pelipper|Tailwind|p2b: Pelipper
|-sidestart|p2: Yaceuro|move: Tailwind
|move|p2a: Mawile|Brick Break|p1a: Kingambit
|-supereffective|p1a: Kingambit|2
|-crit|p1a: Kingambit
|-damage|p1a: Kingambit|0 fnt
|faint|p1a: Kingambit
|move|p1b: Incineroar|Flare Blitz|p2a: Mawile
|-supereffective|p2a: Mawile|1
|-damage|p2a: Mawile|14/100
|-damage|p1b: Incineroar|90/100|[from] Recoil
|
|-weather|RainDance|[upkeep]
|upkeep
|-message|homerj71 forfeited.
|
|win|Yaceuro
