|j|☆TONKMAN
|j|☆themismatcher
|html|TONKMANthemismatcher    
|uhtml|bestof|Game 3 of a best-of-3
|t:|1757832025
|gametype|doubles
|player|p1|TONKMAN|ltsurge|1230
|player|p2|themismatcher|benga|1297
|gen|9
|tier|[Gen 9] VGC 2025 Reg H (Bo3)
|rated|
|rule|Species Clause: Limit one of each Pokémon
|rule|Item Clause: Limit 1 of each item
|clearpoke
|poke|p1|Vivillon, L50, F|
|poke|p1|Garchomp, L50, F|
|poke|p1|Primarina, L50, F|
|poke|p1|Porygon2, L50|
|poke|p1|Incineroar, L50, M|
|poke|p1|Gholdengo, L50|
|poke|p2|Pelipper, L50, M|
|poke|p2|Basculegion, L50, M|
|poke|p2|Amoonguss, L50, F|
|poke|p2|Archaludon, L50, F|
|poke|p2|Greninja-*, L50, M|
|poke|p2|Annihilape, L50, F|
|teampreview|4
|showteam|p1|Vivillon||FocusSash|CompoundEyes|Hurricane,SleepPowder,RagePowder,Protect|||F|||50|,,,,,Ghost]Garchomp||LifeOrb|RoughSkin|DragonClaw,Earthquake,StompingTantrum,Protect|||F|||50|,,,,,Steel]Primarina||SitrusBerry|LiquidVoice|HyperVoice,Moonblast,Haze,Protect|||F|||50|,,,,,Poison]Porygon2||Eviolite|Download|TeraBlast,IceBeam,TrickRoom,Recover||||||50|,,,,,Ground]Incineroar||SafetyGoggles|Intimidate|FakeOut,FlareBlitz,KnockOff,PartingShot|||M|||50|,,,,,Ghost]Gholdengo||Leftovers|GoodasGold|MakeItRain,ShadowBall,NastyPlot,Protect||||||50|,,,,,Flying
|showteam|p2|Pelipper||FocusSash|Drizzle|WeatherBall,Hurricane,Tailwind,WideGuard|||M|||50|,,,,,Stellar]Basculegion||ChoiceBand|SwiftSwim|WaveCrash,FlipTurn,LastRespects,AquaJet|||M|||50|,,,,,Grass]Amoonguss||SitrusBerry|Regenerator|Spore,RagePowder,PollenPuff,ClearSmog|||F|||50|,,,,,Dark]Archaludon||AssaultVest|Stamina|DragonPulse,FlashCannon,ElectroShot,BodyPress|||F|||50|,,,,,Bug]Greninja||LoadedDice|Torrent|WaterShuriken,DarkPulse,Taunt,RainDance|||M|||50|,,,,,Ghost]Annihilape||ChoiceScarf|Defiant|CloseCombat,RageFist,Uturn,FinalGambit|||F|||50|,,,,,Grass
|inactive|Battle timer is ON: inactive players will automatically lose when time's up. (requested by TONKMAN)
|
|t:|1757832072
|teamsize|p1|4
|teamsize|p2|4
|start
|switch|p1a: Primarina|Primarina, L50, F|100/100
|switch|p1b: Incineroar|Incineroar, L50, M|100/100
|switch|p2a: Greninja|Greninja, L50, M|100/100
|switch|p2b: Annihilape|Annihilape, L50, F|100/100
|-ability|p1b: Incineroar|Intimidate|boost
|-unboost|p2a: Greninja|atk|1
|-unboost|p2b: Annihilape|atk|1
|-ability|p2b: Annihilape|Defiant|boost
|-boost|p2b: Annihilape|atk|2
|turn|1
|
|t:|1757832096
|-terastallize|p2a: Greninja|Ghost
|move|p1b: Incineroar|Fake Out|p2a: Greninja
|-immune|p2a: Greninja
|move|p2a: Greninja|Water Shuriken|p2b: Annihilape
|-damage|p2b: Annihilape|96/100
|-damage|p2b: Annihilape|90/100
|-damage|p2b: Annihilape|85/100
|-damage|p2b: Annihilape|79/100
|-hitcount|p2b: Annihilape|4
|move|p2b: Annihilape|Rage Fist|p1a: Primarina
|-damage|p1a: Primarina|0 fnt
|faint|p1a: Primarina
|
|upkeep
|
|t:|1757832113
|switch|p1a: Gholdengo|Gholdengo, L50|100/100
|turn|2
|
|t:|1757832122
|move|p1a: Gholdengo|Protect|p1a: Gholdengo
|-singleturn|p1a: Gholdengo|Protect
|move|p2a: Greninja|Water Shuriken|p1b: Incineroar
|-supereffective|p1b: Incineroar
|-damage|p1b: Incineroar|91/100
|-supereffective|p1b: Incineroar
|-damage|p1b: Incineroar|81/100
|-supereffective|p1b: Incineroar
|-damage|p1b: Incineroar|71/100
|-supereffective|p1b: Incineroar
|-damage|p1b: Incineroar|59/100
|-supereffective|p1b: Incineroar
|-damage|p1b: Incineroar|49/100
|-hitcount|p1b: Incineroar|5
|move|p2b: Annihilape|Rage Fist|p1a: Gholdengo
|-activate|p1a: Gholdengo|move: Protect
|move|p1b: Incineroar|Knock Off|p2b: Annihilape
|-damage|p2b: Annihilape|38/100
|-enditem|p2b: Annihilape|Choice Scarf|[from] move: Knock Off|[of] p1b: Incineroar
|
|upkeep
|turn|3
|
|t:|1757832147
|switch|p1b: Porygon2|Porygon2, L50|100/100
|-ability|p1b: Porygon2|Download|boost
|-boost|p1b: Porygon2|atk|1
|-terastallize|p1a: Gholdengo|Flying
|move|p2a: Greninja|Rain Dance|p2a: Greninja
|-weather|RainDance
|move|p2b: Annihilape|Rage Fist|p1a: Gholdengo
|-damage|p1a: Gholdengo|0 fnt
|faint|p1a: Gholdengo
|
|-weather|RainDance|[upkeep]
|upkeep
|
|t:|1757832156
|switch|p1a: Incineroar|Incineroar, L50, M|49/100
|-ability|p1a: Incineroar|Intimidate|boost
|-unboost|p2a: Greninja|atk|1
|-unboost|p2b: Annihilape|atk|1
|-ability|p2b: Annihilape|Defiant|boost
|-boost|p2b: Annihilape|atk|2
|turn|4
|-message|TONKMAN forfeited.
|raw|TONKMAN's rating: 1230 → 1210(-20 for losing)
|raw|themismatcher's rating: 1297 → 1317(+20 for winning)
|
|win|themismatcher
|l|☆TONKMAN
|player|p1|
