|j|☆Nhatpia
|j|☆daaronftw
|html|Nhatpiadaaronftw    
|uhtml|bestof|Game 1 of a best-of-3
|t:|1783474228
|gametype|doubles
|player|p1|Nhatpia|swimmerf|1342
|player|p2|daaronftw|169|1335
|gen|9
|tier|[Gen 9 Champions] VGC 2026 Reg M-B (Bo3)
|rated|
|rule|Species Clause: Limit one of each Pokémon
|rule|Item Clause: Limit 1 of each item
|clearpoke
|poke|p1|Charizard, L50, M, shiny|
|poke|p1|Aerodactyl, L50, M, shiny|
|poke|p1|Garchomp, L50, M, shiny|
|poke|p1|Sylveon, L50, F, shiny|
|poke|p1|Kingambit, L50, M|
|poke|p1|Farigiraf, L50, F, shiny|
|poke|p2|Sylveon, L50, M|
|poke|p2|Charizard, L50, F, shiny|
|poke|p2|Aerodactyl, L50, M|
|poke|p2|Garchomp, L50, M|
|poke|p2|Kingambit, L50, F|
|poke|p2|Sneasler, L50, F|
|teampreview|4
|showteam|p1|Charizard||CharizarditeY|Blaze|Protect,HeatWave,WeatherBall,SolarBeam|Modest||M|||50|]Aerodactyl||Aerodactylite|RockHead|RockSlide,DualWingbeat,Tailwind,IceFang|Jolly||M|||50|]Garchomp||LifeOrb|RoughSkin|StompingTantrum,Protect,Earthquake,DragonClaw|Jolly||M|||50|]Sylveon||FairyFeather|Pixilate|HyperVoice,QuickAttack,HyperBeam,Detect|Modest||F|||50|]Kingambit||FocusSash|Defiant|SuckerPunch,KowtowCleave,LowKick,IronHead|Adamant||M|||50|]Farigiraf||SitrusBerry|ArmorTail|TwinBeam,TrickRoom,Thunderbolt,HelpingHand|Bold||F|||50|
|showteam|p2|Sylveon||FairyFeather|Pixilate|HyperVoice,Detect,HyperBeam,QuickAttack|Modest||M|||50|]Charizard||CharizarditeY|Blaze|Protect,SolarBeam,HeatWave,WeatherBall|Modest||F|||50|]Aerodactyl||Aerodactylite|Pressure|IceFang,Protect,RockSlide,Tailwind|Jolly||M|||50|]Garchomp||LifeOrb|RoughSkin|Earthquake,Protect,RockSlide,DragonClaw|Jolly||M|||50|]Kingambit||BlackGlasses|Defiant|IronHead,SuckerPunch,KowtowCleave,Protect|Brave||F|||50|]Sneasler||FocusSash|PoisonTouch|PoisonJab,FakeOut,Coaching,CloseCombat|Adamant||F|||50|
|inactive|Battle timer is ON: inactive players will automatically lose when time's up. (requested by Nhatpia)
|inactive|Nhatpia has 60 seconds left.
|
|t:|1783474290
|teamsize|p1|4
|teamsize|p2|4
|start
|switch|p1a: Aerodactyl|Aerodactyl, L50, M, shiny|100/100
|switch|p1b: Kingambit|Kingambit, L50, M|100/100
|switch|p2a: Sylveon|Sylveon, L50, M|100/100
|switch|p2b: Charizard|Charizard, L50, F, shiny|100/100
|turn|1
|
|t:|1783474307
|switch|p2b: Kingambit|Kingambit, L50, F|100/100
|detailschange|p1a: Aerodactyl|Aerodactyl-Mega, L50, M, shiny
|-mega|p1a: Aerodactyl|Aerodactyl|Aerodactylite
|move|p2a: Sylveon|Detect|p2a: Sylveon
|-singleturn|p2a: Sylveon|Protect
|move|p1a: Aerodactyl|Rock Slide|p2b: Kingambit|[spread] p2b
|-activate|p2a: Sylveon|move: Protect
|-resisted|p2b: Kingambit|1
|-damage|p2b: Kingambit|89/100
|move|p1b: Kingambit|Iron Head|p2a: Sylveon
|-activate|p2a: Sylveon|move: Protect
|
|upkeep
|turn|2
|inactive|daaronftw has 30 seconds left.
|
|t:|1783474340
|switch|p2b: Charizard|Charizard, L50, F, shiny|100/100
|move|p1a: Aerodactyl|Dual Wingbeat|p2a: Sylveon
|-damage|p2a: Sylveon|69/100
|-damage|p2a: Sylveon|39/100
|-hitcount|p2a: Sylveon|2
|move|p1b: Kingambit|Low Kick|p2b: Charizard
|-resisted|p2b: Charizard|1
|-damage|p2b: Charizard|85/100
|move|p2a: Sylveon|Hyper Voice|p1b: Kingambit|[spread] p1a,p1b
|-damage|p1a: Aerodactyl|36/100
|-damage|p1b: Kingambit|44/100
|
|upkeep
|turn|3
|inactive|daaronftw has 30 seconds left.
|inactive|daaronftw has 20 seconds left.
|
|t:|1783474377
|switch|p2b: Kingambit|Kingambit, L50, F|89/100
|move|p2a: Sylveon|Detect|p2a: Sylveon
|-singleturn|p2a: Sylveon|Protect
|move|p1a: Aerodactyl|Rock Slide|p2b: Kingambit|[spread] p2b
|-activate|p2a: Sylveon|move: Protect
|-resisted|p2b: Kingambit|1
|-damage|p2b: Kingambit|80/100
|move|p1b: Kingambit|Iron Head|p2a: Sylveon
|-activate|p2a: Sylveon|move: Protect
|
|upkeep
|turn|4
|
|t:|1783474395
|move|p2b: Kingambit|Sucker Punch|p1a: Aerodactyl
|-damage|p1a: Aerodactyl|0 fnt
|faint|p1a: Aerodactyl
|move|p1b: Kingambit|Low Kick|p2b: Kingambit
|-supereffective|p2b: Kingambit|2
|-damage|p2b: Kingambit|0 fnt
|faint|p2b: Kingambit
|move|p2a: Sylveon|Hyper Voice|p1b: Kingambit
|-damage|p1b: Kingambit|0 fnt
|faint|p1b: Kingambit
|
|upkeep
|
|t:|1783474409
|switch|p1a: Garchomp|Garchomp, L50, M, shiny|100/100
|switch|p1b: Farigiraf|Farigiraf, L50, F, shiny|100/100
|switch|p2b: Garchomp|Garchomp, L50, M|100/100
|turn|5
|-message|Nhatpia forfeited.
|
|win|daaronftw
|l|☆Nhatpia
|player|p1|
||daaronftw is ready for game 2.
||Nhatpia is ready for game 2.
|uhtml|next|Next: Game 2 of 3
|l|☆daaronftw
|player|p2|
|j|☆Nhatpia
|player|p1|Nhatpia|swimmerf|
