|j|☆Tractie
|j|☆zampe96
|html|Tractiezampe96    
|uhtml|bestof|Game 1 of a best-of-3
|t:|1757181825
|gametype|doubles
|player|p1|Tractie|102|1222
|player|p2|zampe96|102|1194
|gen|9
|tier|[Gen 9] VGC 2025 Reg H (Bo3)
|rated|
|rule|Species Clause: Limit one of each Pokémon
|rule|Item Clause: Limit 1 of each item
|clearpoke
|poke|p1|Dondozo, L50, F|
|poke|p1|Tatsugiri, L50, M|
|poke|p1|Gothitelle, L50, F|
|poke|p1|Typhlosion-Hisui, L50, F|
|poke|p1|Rillaboom, L50, F|
|poke|p1|Annihilape, L50, F|
|poke|p2|Dragapult, L50, M|
|poke|p2|Kingambit, L50, F|
|poke|p2|Gholdengo, L50|
|poke|p2|Pelipper, L50, M|
|poke|p2|Ursaluna-Bloodmoon, L50, M|
|poke|p2|Archaludon, L50, M|
|teampreview|4
|showteam|p1|Dondozo||Leftovers|Unaware|WaveCrash,OrderUp,Yawn,Protect|||F|||50|,,,,,Grass]Tatsugiri||FocusSash|Commander|DracoMeteor,MuddyWater,Taunt,Protect|||M|||50|,,,,,Ghost]Gothitelle||SitrusBerry|ShadowTag|FakeOut,Psychic,HelpingHand,Protect|||F|||50|,,,,,Water]Typhlosion-Hisui||ChoiceScarf|Blaze|Eruption,HeatWave,ShadowBall,SleepTalk|||F|||50|,,,,,Fire]Rillaboom||AssaultVest|GrassySurge|FakeOut,GrassyGlide,WoodHammer,HighHorsepower|||F|||50|,,,,,Fire]Annihilape||SafetyGoggles|Defiant|CloseCombat,FinalGambit,RageFist,Taunt|||F|||50|,,,,,Stellar
|showteam|p2|Dragapult||ChoiceBand|ClearBody|Outrage,Uturn,DragonDarts,PhantomForce|||M|||50|,,,,,Dragon]Kingambit||BlackGlasses|Defiant|Protect,SwordsDance,IronHead,KowtowCleave|||F|||50|,,,,,Fairy]Gholdengo||MetalCoat|GoodasGold|NastyPlot,Protect,MakeItRain,ShadowBall||||||50|,,,,,Steel]Pelipper||CovertCloak|Drizzle|WideGuard,Tailwind,Hurricane,WeatherBall|||M|||50|,,,,,Water]Ursaluna-Bloodmoon||LifeOrb|MindsEye|BloodMoon,HyperVoice,EarthPower,VacuumWave|||M|||50|,,,,,Normal]Archaludon||Leftovers|Stamina|BodyPress,Protect,DragonPulse,ElectroShot|||M|||50|,,,,,Grass
|inactive|Battle timer is ON: inactive players will automatically lose when time's up. (requested by Tractie)
|inactive|Tractie has 60 seconds left.
|inactive|zampe96 has 60 seconds left.
|
|t:|1757181883
|teamsize|p1|4
|teamsize|p2|4
|start
|switch|p1a: Typhlosion|Typhlosion-Hisui, L50, F|100/100
|switch|p1b: Dondozo|Dondozo, L50, F|100/100
|switch|p2a: Dragapult|Dragapult, L50, M|100/100
|switch|p2b: Archaludon|Archaludon, L50, M|100/100
|turn|1
|inactive|Tractie has 30 seconds left.
|inactive|zampe96 has 30 seconds left.
|inactive|zampe96 has 20 seconds left.
|inactive|zampe96 has 15 seconds left.
|inactive|zampe96 has 10 seconds left.
|
|t:|1757181933
|switch|p2a: Pelipper|Pelipper, L50, M|100/100
|-weather|RainDance|[from] ability: Drizzle|[of] p2a: Pelipper
|move|p1b: Dondozo|Protect|p1b: Dondozo
|-singleturn|p1b: Dondozo|Protect
|move|p1a: Typhlosion|Eruption|p2a: Pelipper|[spread] p2a,p2b
|-resisted|p2a: Pelipper
|-damage|p2a: Pelipper|80/100
|-damage|p2b: Archaludon|64/100
|-ability|p2b: Archaludon|Stamina|boost
|-boost|p2b: Archaludon|def|1
|move|p2b: Archaludon|Electro Shot||[still]
|-prepare|p2b: Archaludon|Electro Shot
|-boost|p2b: Archaludon|spa|1
|-anim|p2b: Archaludon|Electro Shot|p1b: Dondozo
|-activate|p1b: Dondozo|move: Protect
|
|-weather|RainDance|[upkeep]
|-heal|p2b: Archaludon|70/100|[from] item: Leftovers
|upkeep
|turn|2
|inactive|Tractie has 30 seconds left.
|inactive|zampe96 has 30 seconds left.
|inactive|zampe96 has 20 seconds left.
|
|t:|1757181972
|switch|p1a: Tatsugiri|Tatsugiri, L50, M|100/100
|-activate|p1a: Tatsugiri|ability: Commander|[of] p1b: Dondozo
|-boost|p1b: Dondozo|atk|2
|-boost|p1b: Dondozo|spa|2
|-boost|p1b: Dondozo|spe|2
|-boost|p1b: Dondozo|def|2
|-boost|p1b: Dondozo|spd|2
|move|p1b: Dondozo|Wave Crash|p2a: Pelipper
|-resisted|p2a: Pelipper
|-damage|p2a: Pelipper|23/100
|-damage|p1b: Dondozo|86/100|[from] Recoil
|move|p2b: Archaludon|Electro Shot||[still]
|-prepare|p2b: Archaludon|Electro Shot
|-boost|p2b: Archaludon|spa|1
|-anim|p2b: Archaludon|Electro Shot|p1b: Dondozo
|-supereffective|p1b: Dondozo
|-crit|p1b: Dondozo
|-damage|p1b: Dondozo|0 fnt
|faint|p1b: Dondozo
|move|p2a: Pelipper|Hurricane|p1a: Tatsugiri
|-damage|p1a: Tatsugiri|52/100
|-start|p1a: Tatsugiri|confusion
|
|-weather|RainDance|[upkeep]
|-heal|p2b: Archaludon|76/100|[from] item: Leftovers
|upkeep
|inactive|Tractie has 30 seconds left.
|
|t:|1757182000
|switch|p1b: Annihilape|Annihilape, L50, F|100/100
|turn|3
|inactive|zampe96 has 30 seconds left.
|inactive|Tractie has 30 seconds left.
|inactive|zampe96 has 20 seconds left.
|
|t:|1757182041
|-terastallize|p2b: Archaludon|Grass
|move|p1b: Annihilape|Rage Fist|p2b: Archaludon
|-damage|p2b: Archaludon|66/100
|-ability|p2b: Archaludon|Stamina|boost
|-boost|p2b: Archaludon|def|1
|-activate|p1a: Tatsugiri|confusion
|-damage|p1a: Tatsugiri|44/100|[from] confusion
|move|p2b: Archaludon|Electro Shot||[still]
|-prepare|p2b: Archaludon|Electro Shot
|-boost|p2b: Archaludon|spa|1
|-anim|p2b: Archaludon|Electro Shot|p1b: Annihilape
|-damage|p1b: Annihilape|7/100
|move|p2a: Pelipper|Tailwind|p2a: Pelipper
|-sidestart|p2: zampe96|move: Tailwind
|
|-weather|RainDance|[upkeep]
|-heal|p2b: Archaludon|73/100|[from] item: Leftovers
|upkeep
|turn|4
|-message|Tractie forfeited.
|
|win|zampe96
