|j|☆lerry27
|j|☆Invencible19
|html|lerry27Invencible19    
|uhtml|bestof|Game 2 of a best-of-3
|t:|1782633104
|gametype|doubles
|player|p1|lerry27|brycen|1138
|player|p2|Invencible19|dawn-gen4pt|1166
|gen|9
|tier|[Gen 9 Champions] VGC 2026 Reg M-B (Bo3)
|rated|
|rule|Species Clause: Limit one of each Pokémon
|rule|Item Clause: Limit 1 of each item
|clearpoke
|poke|p1|Gengar, L50, M, shiny|
|poke|p1|Maushold-Four, L50|
|poke|p1|Blastoise, L50, F|
|poke|p1|Sinistcha, L50|
|poke|p1|Politoed, L50, M|
|poke|p1|Incineroar, L50, M, shiny|
|poke|p2|Metagross, L50, shiny|
|poke|p2|Garchomp, L50, M|
|poke|p2|Ninetales-Alola, L50, M, shiny|
|poke|p2|Grimmsnarl, L50, M, shiny|
|poke|p2|Aerodactyl, L50, F|
|poke|p2|Skeledirge, L50, M|
|teampreview|4
|showteam|p1|Gengar||Gengarite|CursedBody|SludgeBomb,PerishSong,ShadowBall,Protect|Modest||M|||50|]Maushold-Four||ChopleBerry|FriendGuard|FollowMe,HelpingHand,Uturn,Protect|Impish|||||50|]Blastoise||Blastoisinite|Torrent|WaterSpout,DarkPulse,ShellSmash,Protect|Modest||F|||50|]Sinistcha||KasibBerry|Hospitality|LifeDew,MatchaGotcha,RagePowder,Protect|Bold|||||50|]Politoed||SitrusBerry|Drizzle|WeatherBall,IceBeam,PerishSong,Protect|Calm||M|||50|]Incineroar||PasshoBerry|Intimidate|FakeOut,ThroatChop,PartingShot,Protect|Careful||M|||50|
|showteam|p2|Metagross||Metagrossite|ClearBody|IronHead,PsychicFangs,RockTomb,Protect|Jolly|||||50|]Garchomp||ChoiceScarf|RoughSkin|DragonClaw,Earthquake,RockSlide,StompingTantrum|Jolly||M|||50|]Ninetales-Alola||FocusSash|SnowWarning|Blizzard,Moonblast,FreezeDry,AuroraVeil|Timid||M|||50|]Grimmsnarl||IronBall|Prankster|SpiritBreak,FakeOut,Trick,PartingShot|Careful||M|||50|]Aerodactyl||Aerodactylite|Unnerve|RockSlide,DualWingbeat,Tailwind,WideGuard|Jolly||F|||50|]Skeledirge||LifeOrb|Unaware|HeatWave,ShadowBall,WillOWisp,Protect|Modest||M|||50|
|inactive|Battle timer is ON: inactive players will automatically lose when time's up. (requested by Invencible19)
|inactive|lerry27 has 60 seconds left.
|
|t:|1782633143
|teamsize|p1|4
|teamsize|p2|4
|start
|switch|p1a: Maushold|Maushold-Four, L50|100/100
|switch|p1b: Blastoise|Blastoise, L50, F|100/100
|switch|p2a: Skeledirge|Skeledirge, L50, M|100/100
|switch|p2b: Metagross|Metagross, L50, shiny|100/100
|turn|1
|inactive|Invencible19 has 30 seconds left.
|
|t:|1782633173
|detailschange|p2b: Metagross|Metagross-Mega, L50, shiny
|-mega|p2b: Metagross|Metagross|Metagrossite
|detailschange|p1b: Blastoise|Blastoise-Mega, L50, F
|-mega|p1b: Blastoise|Blastoise|Blastoisinite
|move|p2a: Skeledirge|Protect|p2a: Skeledirge
|-singleturn|p2a: Skeledirge|Protect
|move|p1a: Maushold|Follow Me|p1a: Maushold
|-singleturn|p1a: Maushold|move: Follow Me
|move|p2b: Metagross|Psychic Fangs|p1a: Maushold
|-damage|p1a: Maushold|45/100
|move|p1b: Blastoise|Shell Smash|p1b: Blastoise
|-unboost|p1b: Blastoise|def|1
|-unboost|p1b: Blastoise|spd|1
|-boost|p1b: Blastoise|atk|2
|-boost|p1b: Blastoise|spa|2
|-boost|p1b: Blastoise|spe|2
|
|upkeep
|turn|2
|
|t:|1782633193
|move|p1a: Maushold|Follow Me|p1a: Maushold
|-singleturn|p1a: Maushold|move: Follow Me
|move|p1b: Blastoise|Water Spout|p2b: Metagross|[spread] p2a,p2b
|-supereffective|p2a: Skeledirge|1
|-damage|p2a: Skeledirge|0 fnt
|-damage|p2b: Metagross|0 fnt
|faint|p2a: Skeledirge
|faint|p2b: Metagross
|
|upkeep
|
|t:|1782633196
|switch|p2b: Ninetales|Ninetales-Alola, L50, M, shiny|100/100
|switch|p2a: Garchomp|Garchomp, L50, M|100/100
|-weather|Snowscape|[from] ability: Snow Warning|[of] p2b: Ninetales
|turn|3
|
|t:|1782633208
|switch|p1a: Politoed|Politoed, L50, M|100/100
|-weather|RainDance|[from] ability: Drizzle|[of] p1a: Politoed
|move|p1b: Blastoise|Water Spout|p2b: Ninetales|[spread] p2a,p2b
|-damage|p2a: Garchomp|0 fnt
|-enditem|p2b: Ninetales|Focus Sash
|-damage|p2b: Ninetales|1/100
|faint|p2a: Garchomp
|move|p2b: Ninetales|Freeze-Dry|p1b: Blastoise
|-supereffective|p1b: Blastoise|1
|-damage|p1b: Blastoise|37/100
|
|-weather|RainDance|[upkeep]
|upkeep
|turn|4
|
|t:|1782633221
|move|p1b: Blastoise|Dark Pulse|p2b: Ninetales
|-resisted|p2b: Ninetales|1
|-damage|p2b: Ninetales|0 fnt
|faint|p2b: Ninetales
|
|win|lerry27
|raw|lerry27's rating: 1138 → 1165(+27 for winning)
|raw|Invencible19's rating: 1166 → 1139(-27 for losing)
|l|☆Invencible19
|player|p2|
