|j|☆franny6767
|j|☆Timothim Chalombre
|html|franny6767Timothim Chalombre    
|uhtml|bestof|Game 3 of a best-of-3
|t:|1757133440
|gametype|doubles
|player|p1|franny6767|169|1252
|player|p2|Timothim Chalombre|caitlin|1167
|gen|9
|tier|[Gen 9] VGC 2025 Reg H (Bo3)
|rated|
|rule|Species Clause: Limit one of each Pokémon
|rule|Item Clause: Limit 1 of each item
|clearpoke
|poke|p1|Dragonite, L50, F|
|poke|p1|Annihilape, L50, M|
|poke|p1|Garchomp, L50, M|
|poke|p1|Whimsicott, L50, M|
|poke|p1|Incineroar, L50, M|
|poke|p1|Gholdengo, L50|
|poke|p2|Kingambit, L50, F|
|poke|p2|Sinistcha-Masterpiece, L50|
|poke|p2|Sneasler, L50, F|
|poke|p2|Arcanine-Hisui, L50, M|
|poke|p2|Ursaluna-Bloodmoon, L50, M|
|poke|p2|Electabuzz, L50, F|
|teampreview|4
|showteam|p1|Dragonite||LoadedDice|Multiscale|ScaleShot,Protect,Tailwind,Haze|||F|||50|,,,,,Fairy]Annihilape||SafetyGoggles|Defiant|CloseCombat,FinalGambit,RageFist,Coaching|||M|||50|,,,,,Fire]Garchomp||LifeOrb|RoughSkin|Earthquake,DragonClaw,StompingTantrum,Protect|||M|||50|,,,,,Fairy]Whimsicott||FocusSash|Prankster|Moonblast,Taunt,Tailwind,BeatUp|||M|||50|,,,,,Ghost]Incineroar||MirrorHerb|Intimidate|KnockOff,FlareBlitz,FakeOut,PartingShot|||M|||50|,,,,,Ghost]Gholdengo||ChoiceSpecs|GoodasGold|MakeItRain,SteelBeam,ShadowBall,PowerGem||||||50|,,,,,Flying
|showteam|p2|Kingambit||SafetyGoggles|Defiant|KowtowCleave,SuckerPunch,SwordsDance,Protect|||F|||50|,,,,,Ghost]Sinistcha-Masterpiece||SitrusBerry|Hospitality|MatchaGotcha,RagePowder,TrickRoom,Protect||||||50|,,,,,Water]Sneasler||FocusSash|PoisonTouch|FakeOut,CloseCombat,DireClaw,Coaching|||F|||50|,,,,,Ghost]Arcanine-Hisui||ClearAmulet|Intimidate|FlareBlitz,RockSlide,ExtremeSpeed,Protect|||M|||50|,,,,,Water]Ursaluna-Bloodmoon||LifeOrb|MindsEye|BloodMoon,EarthPower,HyperVoice,Protect|||M|||50|,,,,,Normal]Electabuzz||Eviolite|VitalSpirit|Electroweb,FollowMe,Taunt,Protect|||F|||50|,,,,,Ghost
|inactive|Battle timer is ON: inactive players will automatically lose when time's up. (requested by franny6767)
|inactive|franny6767 has 60 seconds left.
|inactive|franny6767 has 30 seconds left.
|inactive|franny6767 has 20 seconds left.
|inactive|franny6767 has 15 seconds left.
|inactive|franny6767 has 10 seconds left.
|
|t:|1757133521
|teamsize|p1|4
|teamsize|p2|4
|start
|switch|p1a: Annihilape|Annihilape, L50, M|100/100
|switch|p1b: Whimsicott|Whimsicott, L50, M|100/100
|switch|p2a: Kingambit|Kingambit, L50, F|100/100
|switch|p2b: Sinistcha|Sinistcha-Masterpiece, L50|100/100
|turn|1
|
|t:|1757133533
|move|p2b: Sinistcha|Rage Powder|p2b: Sinistcha
|-singleturn|p2b: Sinistcha|move: Rage Powder
|move|p1b: Whimsicott|Taunt|p2b: Sinistcha
|-start|p2b: Sinistcha|move: Taunt
|move|p1a: Annihilape|Close Combat|p2a: Kingambit
|-supereffective|p2a: Kingambit
|-damage|p2a: Kingambit|0 fnt
|-unboost|p1a: Annihilape|def|1
|-unboost|p1a: Annihilape|spd|1
|faint|p2a: Kingambit
|
|upkeep
|
|t:|1757133542
|switch|p2a: Ursaluna|Ursaluna-Bloodmoon, L50, M|100/100
|turn|2
|
|t:|1757133554
|move|p2a: Ursaluna|Protect|p2a: Ursaluna
|-singleturn|p2a: Ursaluna|Protect
|move|p1b: Whimsicott|Moonblast|p2a: Ursaluna
|-activate|p2a: Ursaluna|move: Protect
|move|p1a: Annihilape|Close Combat|p2a: Ursaluna
|-activate|p2a: Ursaluna|move: Protect
|move|p2b: Sinistcha|Matcha Gotcha|p1b: Whimsicott|[spread] p1a,p1b
|-resisted|p1b: Whimsicott
|-damage|p1a: Annihilape|63/100
|-damage|p1b: Whimsicott|81/100
|
|upkeep
|turn|3
|
|t:|1757133566
|-terastallize|p2a: Ursaluna|Normal
|move|p1b: Whimsicott|Moonblast|p2a: Ursaluna
|-damage|p2a: Ursaluna|57/100
|move|p1a: Annihilape|Close Combat|p2a: Ursaluna
|-supereffective|p2a: Ursaluna
|-damage|p2a: Ursaluna|0 fnt
|-unboost|p1a: Annihilape|def|1
|-unboost|p1a: Annihilape|spd|1
|faint|p2a: Ursaluna
|move|p2b: Sinistcha|Matcha Gotcha|p1b: Whimsicott|[spread] p1b
|-miss|p2b: Sinistcha|p1a: Annihilape
|-resisted|p1b: Whimsicott
|-damage|p1b: Whimsicott|60/100
|
|upkeep
|-message|Timothim Chalombre forfeited.
|
|win|franny6767
|raw|franny6767's rating: 1252 → 1271(+19 for winning)
|raw|Timothim Chalombre's rating: 1167 → 1148(-19 for losing)
|l|☆Timothim Chalombre
|player|p2|
