|j|☆Museigentest
|j|☆bigboyblue3451
|html|Museigentestbigboyblue3451    
|uhtml|bestof|Game 2 of a best-of-3
|t:|1757202924
|gametype|doubles
|player|p1|Museigentest|265|1303
|player|p2|bigboyblue3451|101|1336
|gen|9
|tier|[Gen 9] VGC 2025 Reg H (Bo3)
|rated|
|rule|Species Clause: Limit one of each Pokémon
|rule|Item Clause: Limit 1 of each item
|clearpoke
|poke|p1|Sneasler, L50, F|
|poke|p1|Indeedee, L50, M|
|poke|p1|Volcarona, L50, F|
|poke|p1|Ursaluna-Bloodmoon, L50, M|
|poke|p1|Annihilape, L50, M|
|poke|p1|Tyranitar, L50, M|
|poke|p2|Archaludon, L50, F|
|poke|p2|Pelipper, L50, M|
|poke|p2|Amoonguss, L50, F|
|poke|p2|Basculegion, L50, M|
|poke|p2|Farigiraf, L50, F|
|poke|p2|Kingambit, L50, F|
|teampreview|4
|showteam|p1|Sneasler||PsychicSeed|Unburden|CloseCombat,DireClaw,ThroatChop,Protect|||F|||50|,,,,,Dark]Indeedee||ChoiceScarf|PsychicSurge|ExpandingForce,TeraBlast,Trick,Protect|||M|||50|,,,,,Psychic]Volcarona||SitrusBerry|FlameBody|Overheat,StruggleBug,RagePowder,Tailwind|||F|||50|,,,,,Dragon]Ursaluna-Bloodmoon||LifeOrb|MindsEye|BloodMoon,HyperVoice,EarthPower,Protect|||M|||50|,,,,,Normal]Annihilape||SafetyGoggles|Defiant|CloseCombat,RageFist,Taunt,FinalGambit|||M|||50|,,,,,Fairy]Tyranitar||AssaultVest|SandStream|RockSlide,KnockOff,TeraBlast,LowKick|||M|||50|,,,,,Flying
|showteam|p2|Archaludon||AssaultVest|Stamina|ElectroShot,FlashCannon,DracoMeteor,BodyPress|||F|||50|,,,,,Grass]Pelipper||FocusSash|Drizzle|MuddyWater,Hurricane,Tailwind,Protect|||M|||50|,,,,,Stellar]Amoonguss||CovertCloak|Regenerator|Spore,PollenPuff,RagePowder,ClearSmog|||F|||50|,,,,,Psychic]Basculegion||ChoiceBand|SwiftSwim|AquaJet,FlipTurn,WaveCrash,LastRespects|||M|||50|,,,,,Water]Farigiraf||SitrusBerry|ArmorTail|TeraBlast,Psychic,TrickRoom,Protect|||F|||50|,,,,,Fighting]Kingambit||SafetyGoggles|Defiant|SuckerPunch,KowtowCleave,SwordsDance,Protect|||F|||50|,,,,,Ghost
|inactive|Battle timer is ON: inactive players will automatically lose when time's up. (requested by bigboyblue3451)
|inactive|Museigentest has 60 seconds left.
|
|t:|1757203014
|teamsize|p1|4
|teamsize|p2|4
|start
|switch|p1a: Volcarona|Volcarona, L50, F|100/100
|switch|p1b: Ursaluna|Ursaluna-Bloodmoon, L50, M|100/100
|switch|p2a: Pelipper|Pelipper, L50, M|100/100
|switch|p2b: Basculegion|Basculegion, L50, M|100/100
|-weather|RainDance|[from] ability: Drizzle|[of] p2a: Pelipper
|turn|1
|inactive|Museigentest has 30 seconds left.
|inactive|Museigentest has 20 seconds left.
|inactive|Museigentest has 15 seconds left.
|inactive|Museigentest has 10 seconds left.
|
|t:|1757203064
|-terastallize|p1b: Ursaluna|Normal
|move|p2b: Basculegion|Flip Turn|p1a: Volcarona
|-supereffective|p1a: Volcarona
|-damage|p1a: Volcarona|0 fnt
|-status|p2b: Basculegion|brn|[from] ability: Flame Body|[of] p1a: Volcarona
|faint|p1a: Volcarona
|
|t:|1757203082
|switch|p2b: Archaludon|Archaludon, L50, F|100/100|[from] Flip Turn
|move|p2a: Pelipper|Muddy Water|p1b: Ursaluna
|-crit|p1b: Ursaluna
|-damage|p1b: Ursaluna|0 fnt
|faint|p1b: Ursaluna
|
|-weather|RainDance|[upkeep]
|upkeep
|
|t:|1757203090
|switch|p1a: Sneasler|Sneasler, L50, F|100/100
|switch|p1b: Indeedee|Indeedee, L50, M|100/100
|-fieldstart|move: Psychic Terrain|[from] ability: Psychic Surge|[of] p1b: Indeedee
|-enditem|p1a: Sneasler|Psychic Seed
|-boost|p1a: Sneasler|spd|1|[from] item: Psychic Seed
|turn|2
|
|t:|1757203107
|switch|p2b: Basculegion|Basculegion, L50, M|100/100 brn
|move|p1a: Sneasler|Dire Claw|p2b: Basculegion
|-resisted|p2b: Basculegion
|-damage|p2b: Basculegion|74/100 brn
|move|p1b: Indeedee|Expanding Force|p2a: Pelipper|[spread] p2a,p2b
|-enditem|p2a: Pelipper|Focus Sash
|-damage|p2a: Pelipper|1/100
|-damage|p2b: Basculegion|12/100 brn
|move|p2a: Pelipper|Tailwind|p2a: Pelipper
|-sidestart|p2: bigboyblue3451|move: Tailwind
|
|-weather|RainDance|[upkeep]
|-damage|p2b: Basculegion|6/100 brn|[from] brn
|upkeep
|turn|3
|
|t:|1757203132
|move|p1a: Sneasler|Protect|p1a: Sneasler
|-singleturn|p1a: Sneasler|Protect
|move|p2b: Basculegion|Flip Turn|p1b: Indeedee
|-damage|p1b: Indeedee|23/100
|
|t:|1757203139
|switch|p2b: Kingambit|Kingambit, L50, F|100/100|[from] Flip Turn
|move|p2a: Pelipper|Muddy Water|p1a: Sneasler|[spread] p1b
|-activate|p1a: Sneasler|move: Protect
|-damage|p1b: Indeedee|0 fnt
|faint|p1b: Indeedee
|
|-weather|RainDance|[upkeep]
|upkeep
|turn|4
|
|t:|1757203154
|-terastallize|p2b: Kingambit|Ghost
|move|p1a: Sneasler|Close Combat|p2b: Kingambit
|-immune|p2b: Kingambit
|move|p2a: Pelipper|Hurricane|p1a: Sneasler
|-supereffective|p1a: Sneasler
|-damage|p1a: Sneasler|14/100
|-start|p1a: Sneasler|confusion
|move|p2b: Kingambit|Swords Dance|p2b: Kingambit
|-boost|p2b: Kingambit|atk|2
|
|-weather|RainDance|[upkeep]
|upkeep
|turn|5
|-message|Museigentest forfeited.
|
|win|bigboyblue3451
||Museigentest is ready for game 3.
||bigboyblue3451 is ready for game 3.
|uhtml|next|Next: Game 3 of 3
|l|☆bigboyblue3451
|player|p2|
|l|☆Museigentest
|player|p1|
|j|☆bigboyblue3451
|player|p2|bigboyblue3451|101|
