|j|☆Pati_Patout
|j|☆visma
|html|Pati_Patoutvisma    
|uhtml|bestof|Game 1 of a best-of-3
|t:|1756759131
|gametype|doubles
|player|p1|Pati_Patout|unknown|1075
|player|p2|visma|265|1000
|gen|9
|tier|[Gen 9] VGC 2025 Reg H (Bo3)
|rated|
|rule|Species Clause: Limit one of each Pokémon
|rule|Item Clause: Limit 1 of each item
|clearpoke
|poke|p1|Dragapult, L50, F|
|poke|p1|Whimsicott, L50, M|
|poke|p1|Delphox, L50, F|
|poke|p1|Indeedee, L50, M|
|poke|p1|Sneasler, L50, F|
|poke|p1|Maushold-Four, L50|
|poke|p2|Incineroar, L50, M|
|poke|p2|Rillaboom, L50, F|
|poke|p2|Basculegion, L50, M|
|poke|p2|Volcarona, L50, F|
|poke|p2|Tyranitar, L50, F|
|poke|p2|Dragonite, L50, M|
|teampreview|4
|showteam|p1|Dragapult||ChoiceBand|ClearBody|DragonDarts,PhantomForce,BreakingSwipe,Uturn|||F|||50|,,,,,Dragon]Whimsicott||CovertCloak|Prankster|Moonblast,Tailwind,SunnyDay,HelpingHand|||M|||50|,,,,,Water]Delphox||LifeOrb|Blaze|ExpandingForce,HeatWave,TeraBlast,Protect|||F|||50|,,,,,Fighting]Indeedee||FocusSash|PsychicSurge|ExpandingForce,DazzlingGleam,TrickRoom,Imprison|||M|||50|,,,,,Fairy]Sneasler||PsychicSeed|Unburden|DireClaw,CloseCombat,ThroatChop,Protect|||F|||50|,,,,,Dark]Maushold-Four||WideLens|Technician|PopulationBomb,Taunt,FollowMe,Protect||||||50|,,,,,Ghost
|showteam|p2|Incineroar||SafetyGoggles|Intimidate|FakeOut,KnockOff,PartingShot,FlareBlitz|||M|||50|,,,,,Ghost]Rillaboom||MiracleSeed|GrassySurge|FakeOut,GrassyGlide,WoodHammer,HighHorsepower|||F|||50|,,,,,Fire]Basculegion||ChoiceScarf|Adaptability|WaveCrash,FlipTurn,AquaJet,LastRespects|||M|||50|,,,,,Grass]Volcarona||Leftovers|FlameBody|HeatWave,QuiverDance,TeraBlast,Protect|||F|||50|,,,,,Fairy]Tyranitar||AssaultVest|SandStream|KnockOff,TeraBlast,LowKick,RockSlide|||F|||50|,,,,,Flying]Dragonite||LoadedDice|Multiscale|Protect,Tailwind,ScaleShot,Haze|||M|||50|,,,,,Fairy
|
|t:|1756759249
|teamsize|p1|4
|teamsize|p2|4
|start
|switch|p1a: Delphox|Delphox, L50, F|100/100
|switch|p1b: Whimsicott|Whimsicott, L50, M|100/100
|switch|p2a: Incineroar|Incineroar, L50, M|100/100
|switch|p2b: Dragonite|Dragonite, L50, M|100/100
|-ability|p2a: Incineroar|Intimidate|boost
|-unboost|p1a: Delphox|atk|1
|-unboost|p1b: Whimsicott|atk|1
|turn|1
|
|t:|1756759314
|switch|p1b: Indeedee|Indeedee, L50, M|100/100
|-fieldstart|move: Psychic Terrain|[from] ability: Psychic Surge|[of] p1b: Indeedee
|switch|p2a: Basculegion|Basculegion, L50, M|100/100
|-terastallize|p1a: Delphox|Fighting
|-terastallize|p2b: Dragonite|Fairy
|move|p1a: Delphox|Tera Blast|p2a: Basculegion|[anim] Tera Blast Fighting
|-immune|p2a: Basculegion
|move|p2b: Dragonite|Scale Shot|p1a: Delphox
|-damage|p1a: Delphox|79/100
|-damage|p1a: Delphox|60/100
|-damage|p1a: Delphox|41/100
|-crit|p1a: Delphox
|-damage|p1a: Delphox|9/100
|-damage|p1a: Delphox|0 fnt
|faint|p1a: Delphox
|-hitcount|p1: Delphox|5
|-unboost|p2b: Dragonite|def|1
|-boost|p2b: Dragonite|spe|1
|
|upkeep
|
|t:|1756759330
|switch|p1a: Whimsicott|Whimsicott, L50, M|100/100
|turn|2
|inactive|Battle timer is ON: inactive players will automatically lose when time's up. (requested by Pati_Patout)
|
|t:|1756759388
|move|p1a: Whimsicott|Tailwind|p1a: Whimsicott
|-sidestart|p1: Pati_Patout|move: Tailwind
|move|p1b: Indeedee|Expanding Force|p2b: Dragonite|[spread] p2a,p2b
|-damage|p2a: Basculegion|35/100
|-damage|p2b: Dragonite|68/100
|move|p2b: Dragonite|Scale Shot|p1b: Indeedee
|-damage|p1b: Indeedee|70/100
|-damage|p1b: Indeedee|41/100
|-damage|p1b: Indeedee|10/100
|-crit|p1b: Indeedee
|-damage|p1b: Indeedee|0 fnt
|faint|p1b: Indeedee
|-hitcount|p1: Indeedee|4
|-unboost|p2b: Dragonite|def|1
|-boost|p2b: Dragonite|spe|1
|move|p2a: Basculegion|Flip Turn|p1a: Whimsicott
|-resisted|p1a: Whimsicott
|-damage|p1a: Whimsicott|75/100
|
|t:|1756759413
|switch|p2a: Volcarona|Volcarona, L50, F|100/100|[from] Flip Turn
|
|upkeep
|
|t:|1756759416
|switch|p1b: Dragapult|Dragapult, L50, F|100/100
|turn|3
|inactive|visma has 30 seconds left.
|inactive|visma has 20 seconds left.
|inactive|visma has 15 seconds left.
|inactive|visma has 10 seconds left.
|
|t:|1756759463
|move|p1b: Dragapult|Phantom Force||[still]
|-prepare|p1b: Dragapult|Phantom Force
|move|p1a: Whimsicott|Moonblast|p2b: Dragonite
|-damage|p2b: Dragonite|39/100
|-unboost|p2b: Dragonite|spa|1
|move|p2b: Dragonite|Scale Shot|p1b: Dragapult|[miss]
|-miss|p2b: Dragonite|p1b: Dragapult
|move|p2a: Volcarona|Heat Wave|p1a: Whimsicott|[spread] p1a
|-miss|p2a: Volcarona|p1b: Dragapult
|-supereffective|p1a: Whimsicott
|-damage|p1a: Whimsicott|0 fnt
|faint|p1a: Whimsicott
|
|upkeep
|turn|4
|
|t:|1756759482
|switch|p2a: Incineroar|Incineroar, L50, M|100/100
|-ability|p2a: Incineroar|Intimidate|boost
|-fail|p1b: Dragapult|unboost|[from] ability: Clear Body|[of] p1b: Dragapult
|move|p1b: Dragapult|Phantom Force|p2a: Incineroar|[from] lockedmove
|-resisted|p2a: Incineroar
|-damage|p2a: Incineroar|69/100
|move|p2b: Dragonite|Scale Shot|p1b: Dragapult
|-supereffective|p1b: Dragapult
|-damage|p1b: Dragapult|59/100
|-supereffective|p1b: Dragapult
|-damage|p1b: Dragapult|25/100
|-supereffective|p1b: Dragapult
|-damage|p1b: Dragapult|0 fnt
|faint|p1b: Dragapult
|-hitcount|p1: Dragapult|3
|
|win|visma
