|j|‽acebaltasar25
|j|☆lox1sm
|html|acebaltasar25lox1sm    
|uhtml|bestof|Game 1 of a best-of-3
|t:|1782474546
|gametype|doubles
|player|p1|acebaltasar25|169|1127
|player|p2|lox1sm|veteran|1198
|gen|9
|tier|[Gen 9 Champions] VGC 2026 Reg M-B (Bo3)
|rated|
|rule|Species Clause: Limit one of each Pokémon
|rule|Item Clause: Limit 1 of each item
|clearpoke
|poke|p1|Farigiraf, L50, M|
|poke|p1|Staraptor, L50, F|
|poke|p1|Mawile, L50, M|
|poke|p1|Camerupt, L50, M|
|poke|p1|Eelektross, L50, F|
|poke|p1|Vivillon-Fancy, L50, F|
|poke|p2|Charizard, L50, F|
|poke|p2|Metagross, L50|
|poke|p2|Aerodactyl, L50, F|
|poke|p2|Garchomp, L50, F|
|poke|p2|Sylveon, L50, F|
|poke|p2|Kingambit, L50, M|
|teampreview|4
|showteam|p1|Farigiraf||SitrusBerry|ArmorTail|TwinBeam,HelpingHand,TrickRoom,Protect|Modest||M|||50|]Staraptor||ChoiceScarf|Intimidate|FinalGambit,BraveBird,CloseCombat,Uturn|Jolly||F|||50|]Mawile||Mawilite|HyperCutter|PlayRough,IronHead,SuckerPunch,Protect|Adamant||M|||50|]Camerupt||Cameruptite|SolidRock|HeatWave,AncientPower,EarthPower,Protect|Quiet||M|||50|]Eelektross||LifeOrb|Levitate|GrassKnot,Thunderbolt,Flamethrower,Protect|Quiet||F|||50|]Vivillon-Fancy||FocusSash|CompoundEyes|Hurricane,RagePowder,SleepPowder,Protect|Timid||F|||50|
|showteam|p2|Charizard||CharizarditeY|Blaze|HeatWave,WeatherBall,SolarBeam,Protect|Modest||F|||50|]Metagross||Metagrossite|ClearBody|IronHead,PsychicFangs,StompingTantrum,Protect|Jolly|||||50|]Aerodactyl||SitrusBerry|Unnerve|RockSlide,DualWingbeat,IceFang,Tailwind|Jolly||F|||50|]Garchomp||LifeOrb|RoughSkin|DragonClaw,Earthquake,RockSlide,Protect|Jolly||F|||50|]Sylveon||FairyFeather|Pixilate|HyperVoice,HyperBeam,QuickAttack,Protect|Modest||F|||50|]Kingambit||FocusSash|Defiant|KowtowCleave,SuckerPunch,IronHead,LowKick|Adamant||M|||50|
|
|t:|1782474612
|teamsize|p1|4
|teamsize|p2|4
|start
|switch|p1a: Staraptor|Staraptor, L50, F|100/100
|switch|p1b: Farigiraf|Farigiraf, L50, M|100/100
|switch|p2a: Charizard|Charizard, L50, F|100/100
|switch|p2b: Kingambit|Kingambit, L50, M|100/100
|-ability|p1a: Staraptor|Intimidate|boost
|-unboost|p2a: Charizard|atk|1
|-unboost|p2b: Kingambit|atk|1
|-ability|p2b: Kingambit|Defiant|boost
|-boost|p2b: Kingambit|atk|2
|turn|1
|inactive|Battle timer is ON: inactive players will automatically lose when time's up. (requested by acebaltasar25)
|
|t:|1782474671
|move|p2a: Charizard|Protect|p2a: Charizard
|-singleturn|p2a: Charizard|Protect
|move|p1a: Staraptor|Close Combat|p2b: Kingambit
|-supereffective|p2b: Kingambit|2
|-enditem|p2b: Kingambit|Focus Sash
|-damage|p2b: Kingambit|1/100
|-unboost|p1a: Staraptor|def|1
|-unboost|p1a: Staraptor|spd|1
|move|p2b: Kingambit|Kowtow Cleave|p1b: Farigiraf
|-supereffective|p1b: Farigiraf|1
|-damage|p1b: Farigiraf|0 fnt
|faint|p1b: Farigiraf
|
|upkeep
|
|t:|1782474674
|switch|p1b: Eelektross|Eelektross, L50, F|100/100
|turn|2
|-message|acebaltasar25 forfeited.
|
|win|lox1sm
|l|‽acebaltasar25
|player|p1|
||acebaltasar25 is ready for game 2.
||lox1sm is ready for game 2.
|uhtml|next|Next: Game 2 of 3
