|j|☆ga sneasler
|j|☆stainlesssgym
|html|ga sneaslerstainlesssgym    
|uhtml|bestof|Game 2 of a best-of-3
|t:|1756237947
|gametype|doubles
|player|p1|ga sneasler|2|1087
|player|p2|stainlesssgym|colress|1094
|gen|9
|tier|[Gen 9] VGC 2025 Reg H (Bo3)
|rated|
|rule|Species Clause: Limit one of each Pokémon
|rule|Item Clause: Limit 1 of each item
|clearpoke
|poke|p1|Hydreigon, L50, M|
|poke|p1|Ursaluna, L50, M|
|poke|p1|Incineroar, L50, M|
|poke|p1|Amoonguss, L50, M|
|poke|p1|Gholdengo, L50|
|poke|p1|Porygon2, L50|
|poke|p2|Annihilape, L50, M|
|poke|p2|Dragonite, L50, M|
|poke|p2|Gholdengo, L50|
|poke|p2|Electabuzz, L50, M|
|poke|p2|Rillaboom, L50, F|
|poke|p2|Incineroar, L50, F|
|teampreview|4
|showteam|p1|Hydreigon||SafetyGoggles|Levitate|DracoMeteor,Snarl,Tailwind,Protect|||M|||50|,,,,,Ghost]Ursaluna||FlameOrb|Guts|HeadlongRush,Earthquake,Facade,Protect|||M|||50|,,,,,Ghost]Incineroar||SitrusBerry|Intimidate|FlareBlitz,KnockOff,FakeOut,PartingShot|||M|||50|,,,,,Ghost]Amoonguss||CovertCloak|Regenerator|PollenPuff,Spore,RagePowder,Protect|||M|||50|,,,,,Fire]Gholdengo||MetalCoat|GoodasGold|MakeItRain,ShadowBall,NastyPlot,Protect||||||50|,,,,,Water]Porygon2||Eviolite|Download|TeraBlast,IceBeam,Recover,TrickRoom||||||50|,,,,,Fighting
|showteam|p2|Annihilape||FocusSash|Defiant|Taunt,CloseCombat,RageFist,Coaching|||M|||50|,,,,,Stellar]Dragonite||LoadedDice|Multiscale|Protect,ScaleShot,Haze,ExtremeSpeed|||M|||50|,,,,,Fairy]Gholdengo||SitrusBerry|GoodasGold|MakeItRain,ShadowBall,NastyPlot,Protect||||||50|,,,,,Water]Electabuzz||Eviolite|VitalSpirit|Protect,Electroweb,Taunt,FollowMe|||M|||50|,,,,,Dragon]Rillaboom||AssaultVest|GrassySurge|FakeOut,WoodHammer,HighHorsepower,GrassyGlide|||F|||50|,,,,,Fire]Incineroar||MirrorHerb|Intimidate|FakeOut,PartingShot,FlareBlitz,KnockOff|||F|||50|,,,,,Ghost
|inactive|Battle timer is ON: inactive players will automatically lose when time's up. (requested by ga sneasler)
|inactive|stainlesssgym has 60 seconds left.
|
|t:|1756237982
|teamsize|p1|4
|teamsize|p2|4
|start
|switch|p1a: Gholdengo|Gholdengo, L50|100/100
|switch|p1b: Amoonguss|Amoonguss, L50, M|100/100
|switch|p2a: Gholdengo|Gholdengo, L50|100/100
|switch|p2b: Annihilape|Annihilape, L50, M, shiny|100/100
|turn|1
|
|t:|1756238002
|-terastallize|p2a: Gholdengo|Water
|move|p1b: Amoonguss|Rage Powder|p1b: Amoonguss
|-singleturn|p1b: Amoonguss|move: Rage Powder
|move|p2b: Annihilape|Taunt|p1b: Amoonguss
|-start|p1b: Amoonguss|move: Taunt
|move|p2a: Gholdengo|Shadow Ball|p1b: Amoonguss
|-damage|p1b: Amoonguss|70/100
|move|p1a: Gholdengo|Nasty Plot|p1a: Gholdengo
|-boost|p1a: Gholdengo|spa|2
|
|upkeep
|turn|2
|inactive|stainlesssgym has 30 seconds left.
|inactive|stainlesssgym has 20 seconds left.
|inactive|stainlesssgym has 15 seconds left.
|inactive|stainlesssgym has 10 seconds left.
|inactive|stainlesssgym has 5 seconds left.
|
|t:|1756238056
|-terastallize|p1a: Gholdengo|Water
|move|p2b: Annihilape|Rage Fist|p1a: Gholdengo
|-damage|p1a: Gholdengo|77/100
|move|p2a: Gholdengo|Nasty Plot|p2a: Gholdengo
|-boost|p2a: Gholdengo|spa|2
|move|p1a: Gholdengo|Shadow Ball|p2b: Annihilape
|-supereffective|p2b: Annihilape
|-enditem|p2b: Annihilape|Focus Sash
|-damage|p2b: Annihilape|1/100
|move|p1b: Amoonguss|Pollen Puff|p2b: Annihilape
|-resisted|p2b: Annihilape
|-damage|p2b: Annihilape|0 fnt
|faint|p2b: Annihilape
|
|upkeep
|
|t:|1756238074
|switch|p2b: Rillaboom|Rillaboom, L50, F|100/100
|-fieldstart|move: Grassy Terrain|[from] ability: Grassy Surge|[of] p2b: Rillaboom
|turn|3
|inactive|stainlesssgym has 30 seconds left.
|inactive|stainlesssgym has 20 seconds left.
|inactive|stainlesssgym has 15 seconds left.
|
|t:|1756238119
|switch|p1b: Porygon2|Porygon2, L50|100/100
|-ability|p1b: Porygon2|Download|boost
|-boost|p1b: Porygon2|spa|1
|move|p1a: Gholdengo|Protect|p1a: Gholdengo
|-singleturn|p1a: Gholdengo|Protect
|move|p2b: Rillaboom|Fake Out|p1a: Gholdengo
|-activate|p1a: Gholdengo|move: Protect
|move|p2a: Gholdengo|Nasty Plot|p2a: Gholdengo
|-boost|p2a: Gholdengo|spa|2
|
|-heal|p1a: Gholdengo|83/100|[from] Grassy Terrain
|upkeep
|turn|4
|inactive|stainlesssgym has 30 seconds left.
|
|t:|1756238150
|move|p2a: Gholdengo|Make It Rain|p1a: Gholdengo|[spread] p1a,p1b
|-resisted|p1a: Gholdengo
|-crit|p1b: Porygon2
|-damage|p1a: Gholdengo|25/100
|-damage|p1b: Porygon2|0 fnt
|-unboost|p2a: Gholdengo|spa|1
|faint|p1b: Porygon2
|move|p2b: Rillaboom|Wood Hammer|p1a: Gholdengo
|-supereffective|p1a: Gholdengo
|-damage|p1a: Gholdengo|0 fnt
|faint|p1a: Gholdengo
|-damage|p2b: Rillaboom|93/100|[from] Recoil
|
|-heal|p2b: Rillaboom|99/100|[from] Grassy Terrain
|upkeep
|
|t:|1756238159
|switch|p1a: Amoonguss|Amoonguss, L50, M|100/100
|switch|p1b: Ursaluna|Ursaluna, L50, M|100/100
|turn|5
|-message|ga sneasler forfeited.
|
|win|stainlesssgym
||ga sneasler is ready for game 3.
|inactive|stainlesssgym has 30 seconds to confirm battle start!
||stainlesssgym is ready for game 3.
|uhtml|next|Next: Game 3 of 3
