|j|☆bingbongwhoosh
|j|☆starlight74
|html|bingbongwhooshstarlight74    
|uhtml|bestof|Game 2 of a best-of-3
|t:|1784232178
|gametype|doubles
|player|p1|bingbongwhoosh|266|1245
|player|p2|starlight74|anabel-gen7|1441
|gen|9
|tier|[Gen 9 Champions] VGC 2026 Reg M-B (Bo3)
|rated|
|rule|Species Clause: Limit one of each Pokémon
|rule|Item Clause: Limit 1 of each item
|clearpoke
|poke|p1|Charizard, L50, M|
|poke|p1|Venusaur, L50, M|
|poke|p1|Mamoswine, L50, F|
|poke|p1|Garchomp, L50, F|
|poke|p1|Incineroar, L50, M|
|poke|p1|Toxapex, L50, M|
|poke|p2|Metagross, L50, shiny|
|poke|p2|Sneasler, L50, M|
|poke|p2|Incineroar, L50, M|
|poke|p2|Lycanroc-Dusk, L50, F|
|poke|p2|Hydreigon, L50, M|
|poke|p2|Floette-Eternal, L50, F|
|teampreview|4
|showteam|p1|Charizard||CharizarditeY|Blaze|HeatWave,WeatherBall,HelpingHand,Protect|Modest||M|||50|]Venusaur||LifeOrb|Chlorophyll|LeafStorm,SludgeBomb,EarthPower,Protect|Modest||M|||50|]Mamoswine||FocusSash|Oblivious|HighHorsepower,RockTomb,IceShard,Protect|Jolly||F|||50|]Garchomp||ChoiceScarf|RoughSkin|DragonClaw,Earthquake,RockSlide,StompingTantrum|Adamant||F|||50|]Incineroar||SitrusBerry|Intimidate|FlareBlitz,ThroatChop,PartingShot,FakeOut|Impish||M|||50|]Toxapex||Leftovers|Regenerator|Toxic,Infestation,WideGuard,BanefulBunker|Bold||M|||50|
|showteam|p2|Metagross||Metagrossite|ClearBody|PsychicFangs,BulletPunch,Substitute,Protect|Jolly|||||50|]Sneasler||WhiteHerb|Unburden|CloseCombat,DireClaw,FakeOut,Protect|Jolly||M|||50|]Incineroar||SitrusBerry|Intimidate|FlareBlitz,PartingShot,HelpingHand,FakeOut|Impish||M|||50|]Lycanroc-Dusk||FocusSash|ToughClaws|Accelerock,CloseCombat,RockSlide,Protect|Jolly||F|||50|]Hydreigon||ChoiceScarf|Levitate|DarkPulse,DracoMeteor,HeatWave,Snarl|Timid||M|||50|]Floette-Eternal||Floettite|FlowerVeil|DazzlingGleam,DrainingKiss,CalmMind,Protect|Timid||F|||50|
|inactive|Battle timer is ON: inactive players will automatically lose when time's up. (requested by starlight74)
|
|t:|1784232190
|teamsize|p1|4
|teamsize|p2|4
|start
|switch|p1a: Charizard|Charizard, L50, M|100/100
|switch|p1b: Venusaur|Venusaur, L50, M|100/100
|switch|p2a: Lycanroc|Lycanroc-Dusk, L50, F|100/100
|switch|p2b: Metagross|Metagross, L50, shiny|100/100
|turn|1
|
|t:|1784232202
|detailschange|p2b: Metagross|Metagross-Mega, L50, shiny
|-mega|p2b: Metagross|Metagross|Metagrossite
|detailschange|p1a: Charizard|Charizard-Mega-Y, L50, M
|-mega|p1a: Charizard|Charizard|Charizardite Y
|-weather|SunnyDay|[from] ability: Drought|[of] p1a: Charizard
|move|p2a: Lycanroc|Protect|p2a: Lycanroc
|-singleturn|p2a: Lycanroc|Protect
|move|p1a: Charizard|Protect|p1a: Charizard
|-singleturn|p1a: Charizard|Protect
|move|p1b: Venusaur|Earth Power|p2b: Metagross
|-supereffective|p2b: Metagross|1
|-damage|p2b: Metagross|25/100
|-damage|p1b: Venusaur|90/100|[from] item: Life Orb
|move|p2b: Metagross|Psychic Fangs|p1b: Venusaur
|-supereffective|p1b: Venusaur|1
|-crit|p1b: Venusaur
|-damage|p1b: Venusaur|0 fnt
|faint|p1b: Venusaur
|
|-weather|SunnyDay|[upkeep]
|upkeep
|
|t:|1784232206
|switch|p1b: Garchomp|Garchomp, L50, F|100/100
|turn|2
|
|t:|1784232227
|switch|p2b: Hydreigon|Hydreigon, L50, M|100/100
|switch|p1a: Incineroar|Incineroar, L50, M|100/100
|-ability|p1a: Incineroar|Intimidate|boost
|-unboost|p2a: Lycanroc|atk|1
|-unboost|p2b: Hydreigon|atk|1
|move|p1b: Garchomp|Earthquake|p2b: Hydreigon|[spread] p1a,p2a
|-immune|p2b: Hydreigon|[from] ability: Levitate
|-supereffective|p1a: Incineroar|1
|-supereffective|p2a: Lycanroc|1
|-damage|p1a: Incineroar|30/100
|-enditem|p2a: Lycanroc|Focus Sash
|-damage|p2a: Lycanroc|1/100
|-enditem|p1a: Incineroar|Sitrus Berry|[eat]
|-heal|p1a: Incineroar|55/100|[from] item: Sitrus Berry
|move|p2a: Lycanroc|Rock Slide|p1a: Incineroar|[spread] p1a,p1b
|-supereffective|p1a: Incineroar|1
|-resisted|p1b: Garchomp|1
|-damage|p1a: Incineroar|25/100
|-damage|p1b: Garchomp|90/100
|
|-weather|SunnyDay|[upkeep]
|upkeep
|turn|3
|
|t:|1784232249
|switch|p1b: Charizard|Charizard-Mega-Y, L50, M|100/100
|switch|p2a: Incineroar|Incineroar, L50, M|100/100
|-ability|p2a: Incineroar|Intimidate|boost
|-unboost|p1a: Incineroar|atk|1
|-unboost|p1b: Charizard|atk|1
|move|p1a: Incineroar|Fake Out|p2a: Incineroar
|-damage|p2a: Incineroar|95/100
|move|p2b: Hydreigon|Draco Meteor|p1b: Charizard
|-damage|p1b: Charizard|38/100
|-unboost|p2b: Hydreigon|spa|2
|
|-weather|SunnyDay|[upkeep]
|upkeep
|turn|4
|-message|bingbongwhoosh forfeited.
|raw|bingbongwhoosh's rating: 1245 → 1233(-12 for losing)
|raw|starlight74's rating: 1441 → 1451(+10 for winning)
|
|win|starlight74
