|j|☆BeepBoop24
|j|☆momoechis
|html|BeepBoop24momoechis    
|uhtml|bestof|Game 2 of a best-of-3
|t:|1756173927
|gametype|doubles
|player|p1|BeepBoop24|steven|1088
|player|p2|momoechis|iris|1029
|gen|9
|tier|[Gen 9] VGC 2025 Reg H (Bo3)
|rated|
|rule|Species Clause: Limit one of each Pokémon
|rule|Item Clause: Limit 1 of each item
|clearpoke
|poke|p1|Typhlosion-Hisui, L50, M|
|poke|p1|Farigiraf, L50, F|
|poke|p1|Ursaluna-Bloodmoon, L50, M|
|poke|p1|Clefairy, L50, M|
|poke|p1|Whimsicott, L50, F|
|poke|p1|Annihilape, L50, M|
|poke|p2|Charizard, L50, F|
|poke|p2|Torkoal, L50, M|
|poke|p2|Porygon2, L50|
|poke|p2|Incineroar, L50, M|
|poke|p2|Jumpluff, L50, F|
|poke|p2|Ursaluna, L50, F|
|teampreview|4
|showteam|p1|Typhlosion-Hisui||ChoiceSpecs|Blaze|Eruption,ShadowBall,HeatWave,Overheat|||M|||50|,,,,,Fire]Farigiraf||ThroatSpray|ArmorTail|Psychic,HyperVoice,TrickRoom,Protect|||F|||50|,,,,,Dragon]Ursaluna-Bloodmoon||LifeOrb|MindsEye|BloodMoon,EarthPower,HyperVoice,Protect|||M|||50|,,,,,Normal]Clefairy||Eviolite|FriendGuard|FollowMe,AfterYou,HelpingHand,Protect|||M|||50|,,,,,Steel]Whimsicott||CovertCloak|Prankster|Tailwind,Moonblast,SunnyDay,BeatUp|||F|||50|,,,,,Dark]Annihilape||AssaultVest|Defiant|RageFist,DrainPunch,CloseCombat,FinalGambit|||M|||50|,,,,,Fire
|showteam|p2|Charizard||ChoiceSpecs|SolarPower|HeatWave,Overheat,WeatherBall,AirSlash|||F|||50|,,,,,Ghost]Torkoal||EjectPack|Drought|Eruption,Overheat,HelpingHand,Protect|||M|||50|,,,,,Fire]Porygon2||Eviolite|Download|IceBeam,TeraBlast,TrickRoom,Recover||||||50|,,,,,Fighting]Incineroar||SitrusBerry|Intimidate|FlareBlitz,KnockOff,FakeOut,PartingShot|||M|||50|,,,,,Ghost]Jumpluff||CovertCloak|Chlorophyll|SleepPowder,SunnyDay,RagePowder,Tailwind|||F|||50|,,,,,Water]Ursaluna||FlameOrb|Guts|HeadlongRush,Facade,Earthquake,Protect|||F|||50|,,,,,Ghost
|inactive|Battle timer is ON: inactive players will automatically lose when time's up. (requested by BeepBoop24)
|
|t:|1756174007
|teamsize|p1|4
|teamsize|p2|4
|start
|switch|p1a: Typhlosion|Typhlosion-Hisui, L50, M, shiny|100/100
|switch|p1b: Whimsicott|Whimsicott, L50, F|100/100
|switch|p2a: Porygon2|Porygon2, L50|100/100
|switch|p2b: Incineroar|Incineroar, L50, M|100/100
|-ability|p2b: Incineroar|Intimidate|boost
|-unboost|p1a: Typhlosion|atk|1
|-unboost|p1b: Whimsicott|atk|1
|-ability|p2a: Porygon2|Download|boost
|-boost|p2a: Porygon2|atk|1
|turn|1
|inactive|BeepBoop24 has 30 seconds left.
|inactive|momoechis has 30 seconds left.
|inactive|BeepBoop24 has 20 seconds left.
|inactive|BeepBoop24 has 15 seconds left.
|inactive|BeepBoop24 has 10 seconds left.
|inactive|BeepBoop24 has 5 seconds left.
|
|t:|1756174059
|-terastallize|p1a: Typhlosion|Fire
|move|p1b: Whimsicott|Sunny Day|p1b: Whimsicott
|-weather|SunnyDay
|move|p1a: Typhlosion|Eruption|p2a: Porygon2|[spread] p2a,p2b
|-resisted|p2b: Incineroar
|-damage|p2a: Porygon2|0 fnt
|-damage|p2b: Incineroar|19/100
|-enditem|p2b: Incineroar|Sitrus Berry|[eat]
|-heal|p2b: Incineroar|44/100|[from] item: Sitrus Berry
|faint|p2a: Porygon2
|move|p2b: Incineroar|Knock Off|p1a: Typhlosion
|-damage|p1a: Typhlosion|33/100
|-enditem|p1a: Typhlosion|Choice Specs|[from] move: Knock Off|[of] p2b: Incineroar
|
|-weather|SunnyDay|[upkeep]
|upkeep
|
|t:|1756174083
|switch|p2a: Ursaluna|Ursaluna, L50, F|100/100
|turn|2
|
|t:|1756174102
|move|p2a: Ursaluna|Protect|p2a: Ursaluna
|-singleturn|p2a: Ursaluna|Protect
|move|p1a: Typhlosion|Heat Wave|p2a: Ursaluna|[spread] p2b
|-activate|p2a: Ursaluna|move: Protect
|-resisted|p2b: Incineroar
|-damage|p2b: Incineroar|0 fnt
|faint|p2b: Incineroar
|move|p1b: Whimsicott|Moonblast|p2a: Ursaluna
|-activate|p2a: Ursaluna|move: Protect
|
|-weather|SunnyDay|[upkeep]
|-status|p2a: Ursaluna|brn|[from] item: Flame Orb
|upkeep
|
|t:|1756174108
|switch|p2b: Torkoal|Torkoal, L50, M|100/100
|turn|3
|
|t:|1756174133
|-terastallize|p2b: Torkoal|Fire
|move|p1a: Typhlosion|Heat Wave|p2a: Ursaluna|[spread] p2a,p2b
|-resisted|p2b: Torkoal
|-damage|p2a: Ursaluna|0 fnt
|-damage|p2b: Torkoal|24/100
|faint|p2a: Ursaluna
|move|p1b: Whimsicott|Moonblast|p2b: Torkoal
|-resisted|p2b: Torkoal
|-damage|p2b: Torkoal|7/100
|-unboost|p2b: Torkoal|spa|1
|move|p2b: Torkoal|Eruption|p1b: Whimsicott|[spread] p1a,p1b
|-resisted|p1a: Typhlosion
|-supereffective|p1b: Whimsicott
|-damage|p1a: Typhlosion|30/100
|-damage|p1b: Whimsicott|89/100
|
|-weather|SunnyDay|[upkeep]
|upkeep
|turn|4
|-message|momoechis forfeited.
|
|win|BeepBoop24
||momoechis is ready for game 3.
||BeepBoop24 is ready for game 3.
|uhtml|next|Next: Game 3 of 3
|l|☆BeepBoop24
|player|p1|
