|j|☆freudianbreath
|j|☆GitGud243
|html|freudianbreathGitGud243    
|uhtml|bestof|Game 2 of a best-of-3
|t:|1784491903
|gametype|doubles
|player|p1|freudianbreath|265|1127
|player|p2|GitGud243|bruno|1040
|gen|9
|tier|[Gen 9 Champions] VGC 2026 Reg M-B (Bo3)
|rated|
|rule|Species Clause: Limit one of each Pokémon
|rule|Item Clause: Limit 1 of each item
|clearpoke
|poke|p1|Pyroar, L50, F|
|poke|p1|Vileplume, L50, F|
|poke|p1|Torkoal, L50, F|
|poke|p1|Incineroar, L50, F|
|poke|p1|Floette-Eternal, L50, F|
|poke|p1|Farigiraf, L50, F|
|poke|p2|Chesnaught, L50, M|
|poke|p2|Rotom-Wash, L50|
|poke|p2|Incineroar, L50, M|
|poke|p2|Excadrill, L50, M|
|poke|p2|Farigiraf, L50, F|
|poke|p2|Tyranitar, L50, F|
|teampreview|4
|showteam|p1|Pyroar||Pyroarite|Unnerve|Protect,Overheat,HeatWave,SolarBeam|Timid||F|||50|]Vileplume||FocusSash|Chlorophyll|SleepPowder,AfterYou,SludgeBomb,SolarBeam|Timid||F|||50|]Torkoal||Charcoal|Drought|Protect,HelpingHand,Eruption,WeatherBall|Quiet||F|||50|]Incineroar||WhiteHerb|Intimidate|FakeOut,FlareBlitz,DarkestLariat,CloseCombat|Brave||F|||50|]Floette-Eternal||Floettite|FlowerVeil|Protect,CalmMind,Moonblast,DrainingKiss|Modest||F|||50|]Farigiraf||SitrusBerry|ArmorTail|HelpingHand,TrickRoom,Psychic,Thunderbolt|Relaxed||F|||50|
|showteam|p2|Chesnaught||Chesnaughtite|Bulletproof|BodyPress,WoodHammer,SpikyShield,IronDefense|Relaxed||M|||50|]Rotom-Wash||ChoiceScarf|Levitate|HydroPump,Trick,Thunderbolt,VoltSwitch|Modest|||||50|]Incineroar||SitrusBerry|Intimidate|DarkestLariat,FlareBlitz,PartingShot,FakeOut|Adamant||M|||50|]Excadrill||FocusSash|SandRush|Protect,SwordsDance,HighHorsepower,IronHead|Adamant||M|||50|]Farigiraf||LumBerry|ArmorTail|Psychic,Protect,HelpingHand,TrickRoom|Calm||F|||50|]Tyranitar||ChopleBerry|SandStream|RockSlide,Protect,LowKick,KnockOff|Adamant||F|||50|
|inactive|Battle timer is ON: inactive players will automatically lose when time's up. (requested by freudianbreath)
|
|t:|1784491924
|teamsize|p1|4
|teamsize|p2|4
|start
|switch|p1a: Vileplume|Vileplume, L50, F|100/100
|switch|p1b: Torkoal|Torkoal, L50, F|100/100
|switch|p2a: Incineroar|Incineroar, L50, M|100/100
|switch|p2b: Excadrill|Excadrill, L50, M|100/100
|-ability|p2a: Incineroar|Intimidate|boost
|-unboost|p1a: Vileplume|atk|1
|-unboost|p1b: Torkoal|atk|1
|-weather|SunnyDay|[from] ability: Drought|[of] p1b: Torkoal
|turn|1
|inactive|freudianbreath has 30 seconds left.
|inactive|freudianbreath has 20 seconds left.
|inactive|freudianbreath has 15 seconds left.
|inactive|freudianbreath has 10 seconds left.
|inactive|freudianbreath has 5 seconds left.
|
|t:|1784491979
|switch|p1b: Farigiraf|Farigiraf, L50, F|100/100
|move|p2a: Incineroar|Fake Out||[still]
|cant|p1b: Farigiraf|ability: Armor Tail|Fake Out|[of] p2a: Incineroar
|move|p1a: Vileplume|Sleep Powder|p2a: Incineroar
|-status|p2a: Incineroar|slp|[from] move: Sleep Powder
|move|p2b: Excadrill|High Horsepower|p1b: Farigiraf
|-damage|p1b: Farigiraf|60/100
|
|-weather|SunnyDay|[upkeep]
|upkeep
|turn|2
|inactive|freudianbreath has 30 seconds left.
|inactive|freudianbreath has 20 seconds left.
|inactive|freudianbreath has 15 seconds left.
|inactive|GitGud243 has 30 seconds left.
|inactive|freudianbreath has 10 seconds left.
|
|t:|1784492028
|switch|p2a: Tyranitar|Tyranitar, L50, F|100/100
|-weather|Sandstorm|[from] ability: Sand Stream|[of] p2a: Tyranitar
|move|p2b: Excadrill|Swords Dance|p2b: Excadrill
|-boost|p2b: Excadrill|atk|2
|move|p1a: Vileplume|Sleep Powder|p2b: Excadrill|[miss]
|-miss|p1a: Vileplume|p2b: Excadrill
|move|p1b: Farigiraf|Thunderbolt|p2a: Tyranitar
|-damage|p2a: Tyranitar|89/100
|
|-weather|Sandstorm|[upkeep]
|-damage|p1a: Vileplume|94/100|[from] Sandstorm
|-damage|p1b: Farigiraf|54/100|[from] Sandstorm
|upkeep
|turn|3
|inactive|freudianbreath has 30 seconds left.
|inactive|freudianbreath has 20 seconds left.
|inactive|freudianbreath has 15 seconds left.
|inactive|freudianbreath has 10 seconds left.
|inactive|freudianbreath has 5 seconds left.
|
|t:|1784492079
|switch|p1b: Torkoal|Torkoal, L50, F|100/100
|-weather|SunnyDay|[from] ability: Drought|[of] p1b: Torkoal
|move|p1a: Vileplume|Sleep Powder|p2b: Excadrill|[miss]
|-miss|p1a: Vileplume|p2b: Excadrill
|move|p2b: Excadrill|Iron Head|p1a: Vileplume
|-damage|p1a: Vileplume|0 fnt
|faint|p1a: Vileplume
|move|p2a: Tyranitar|Rock Slide|p1b: Torkoal
|-supereffective|p1b: Torkoal|1
|-damage|p1b: Torkoal|45/100
|
|-weather|SunnyDay|[upkeep]
|upkeep
|inactive|freudianbreath has 30 seconds left.
|inactive|freudianbreath has 20 seconds left.
|inactive|freudianbreath has 15 seconds left.
|
|t:|1784492123
|switch|p1a: Pyroar|Pyroar, L50, F|100/100
|-ability|p1a: Pyroar|Unnerve
|turn|4
|inactive|GitGud243 has 30 seconds left.
|
|t:|1784492150
|detailschange|p1a: Pyroar|Pyroar-Mega, L50, F
|-mega|p1a: Pyroar|Pyroar|Pyroarite
|move|p1b: Torkoal|Protect|p1b: Torkoal
|-singleturn|p1b: Torkoal|Protect
|move|p1a: Pyroar|Heat Wave|p2b: Excadrill|[spread] p2a
|-miss|p1a: Pyroar|p2b: Excadrill
|-resisted|p2a: Tyranitar|1
|-damage|p2a: Tyranitar|61/100
|move|p2b: Excadrill|High Horsepower|p1a: Pyroar
|-supereffective|p1a: Pyroar|1
|-damage|p1a: Pyroar|0 fnt
|faint|p1a: Pyroar
|move|p2a: Tyranitar|Rock Slide|p1b: Torkoal
|-activate|p1b: Torkoal|move: Protect
|
|-weather|SunnyDay|[upkeep]
|upkeep
|c|☆freudianbreath|Accuracy Is a lie
|inactive|freudianbreath has 30 seconds left.
|-message|freudianbreath forfeited.
|
|win|GitGud243
