|j|☆Indigochen
|j|☆magmastormvgc
|html|Indigochenmagmastormvgc    
|uhtml|bestof|Game 1 of a best-of-3
|t:|1757785120
|gametype|doubles
|player|p1|Indigochen|fantina|1040
|player|p2|magmastormvgc|turo-ai|1146
|gen|9
|tier|[Gen 9] VGC 2025 Reg H (Bo3)
|rated|
|rule|Species Clause: Limit one of each Pokémon
|rule|Item Clause: Limit 1 of each item
|clearpoke
|poke|p1|Indeedee-F, L50, F|
|poke|p1|Hatterene, L50, F|
|poke|p1|Gallade, L50, M|
|poke|p1|Ursaluna, L50, M|
|poke|p1|Lilligant-Hisui, L50, F|
|poke|p1|Torkoal, L50, M|
|poke|p2|Dragonite, L50, M|
|poke|p2|Gholdengo, L50|
|poke|p2|Ursaluna-Bloodmoon, L50, M|
|poke|p2|Annihilape, L50, M|
|poke|p2|Maushold-Four, L50|
|poke|p2|Rillaboom, L50, M|
|teampreview|4
|showteam|p1|Indeedee-F||PsychicSeed|PsychicSurge|TrickRoom,FollowMe,HelpingHand,DazzlingGleam|||F|||50|,,,,,Fire]Hatterene||LifeOrb|MagicBounce|ExpandingForce,TrickRoom,DazzlingGleam,Protect|||F|||50|,,,,,Psychic]Gallade||ClearAmulet|Sharpness|PsychoCut,TrickRoom,SacredSword,WideGuard|||M|||50|,,,,,Grass]Ursaluna||FlameOrb|Guts|HeadlongRush,Facade,SwordsDance,Protect|||M|||50|,,,,,Ghost]Lilligant-Hisui||FocusSash|Chlorophyll|SolarBlade,SleepPowder,CloseCombat,AfterYou|||F|||50|,,,,,Ghost]Torkoal||ChoiceSpecs|Drought|Eruption,HeatWave,WeatherBall,EarthPower|||M|||50|,,,,,Fire
|showteam|p2|Dragonite||LoadedDice|Multiscale|ScaleShot,Tailwind,Haze,Protect|||M|||50|,,,,,Fairy]Gholdengo||LifeOrb|GoodasGold|MakeItRain,ShadowBall,NastyPlot,Protect||||||50|,,,,,Water]Ursaluna-Bloodmoon||AssaultVest|MindsEye|BloodMoon,EarthPower,HyperVoice,VacuumWave|||M|||50|,,,,,Water]Annihilape||SitrusBerry|Defiant|DrainPunch,RageFist,BulkUp,Protect|||M|||50|,,,,,Fire]Maushold-Four||FocusSash|FriendGuard|SuperFang,BeatUp,FollowMe,Protect||||||50|,,,,,Ghost]Rillaboom||MiracleSeed|GrassySurge|WoodHammer,GrassyGlide,HighHorsepower,FakeOut|||M|||50|,,,,,Fire
|
|t:|1757785212
|teamsize|p1|4
|teamsize|p2|4
|start
|switch|p1a: Bad Ass bìtch|Lilligant-Hisui, L50, F, shiny|100/100
|switch|p1b: So sauer|Torkoal, L50, M, shiny|100/100
|switch|p2a: Gholdengo|Gholdengo, L50|100/100
|switch|p2b: Maushold|Maushold-Four, L50|100/100
|-weather|SunnyDay|[from] ability: Drought|[of] p1b: So sauer
|turn|1
|inactive|Battle timer is ON: inactive players will automatically lose when time's up. (requested by Indigochen)
|
|t:|1757785304
|-terastallize|p2a: Gholdengo|Water
|move|p2b: Maushold|Follow Me|p2b: Maushold
|-singleturn|p2b: Maushold|move: Follow Me
|move|p1a: Bad Ass bìtch|After You||[still]
|-fail|p1a: Bad Ass bìtch
|move|p2a: Gholdengo|Shadow Ball|p1a: Bad Ass bìtch
|-damage|p1a: Bad Ass bìtch|26/100
|-unboost|p1a: Bad Ass bìtch|spd|1
|-damage|p2a: Gholdengo|91/100|[from] item: Life Orb
|move|p1b: So sauer|Eruption|p2a: Gholdengo|[spread] p2a,p2b
|-resisted|p2a: Gholdengo
|-crit|p2b: Maushold
|-damage|p2a: Gholdengo|43/100
|-enditem|p2b: Maushold|Focus Sash
|-damage|p2b: Maushold|1/100
|
|-weather|SunnyDay|[upkeep]
|upkeep
|turn|2
|inactive|Indigochen has 30 seconds left.
|inactive|magmastormvgc has 30 seconds left.
|inactive|Indigochen has 20 seconds left.
|inactive|magmastormvgc has 20 seconds left.
|inactive|magmastormvgc has 15 seconds left.
|inactive|magmastormvgc has 10 seconds left.
|
|t:|1757785352
|move|p2b: Maushold|Follow Me|p2b: Maushold
|-singleturn|p2b: Maushold|move: Follow Me
|move|p1a: Bad Ass bìtch|Solar Blade||[still]
|-prepare|p1a: Bad Ass bìtch|Solar Blade
|-anim|p1a: Bad Ass bìtch|Solar Blade|p2b: Maushold
|-damage|p2b: Maushold|0 fnt
|faint|p2b: Maushold
|move|p2a: Gholdengo|Shadow Ball|p1a: Bad Ass bìtch
|-damage|p1a: Bad Ass bìtch|0 fnt
|faint|p1a: Bad Ass bìtch
|-damage|p2a: Gholdengo|34/100|[from] item: Life Orb
|move|p1b: So sauer|Eruption|p2a: Gholdengo
|-resisted|p2a: Gholdengo
|-crit|p2a: Gholdengo
|-damage|p2a: Gholdengo|0 fnt
|faint|p2a: Gholdengo
|
|-weather|SunnyDay|[upkeep]
|upkeep
|
|t:|1757785370
|switch|p2b: Rillaboom|Rillaboom, L50, M|100/100
|switch|p1a: Lora|Gallade, L50, M, shiny|100/100
|switch|p2a: Dragonite|Dragonite, L50, M|100/100
|-fieldstart|move: Grassy Terrain|[from] ability: Grassy Surge|[of] p2b: Rillaboom
|turn|3
|
|t:|1757785390
|move|p2b: Rillaboom|Fake Out|p1b: So sauer
|-damage|p1b: So sauer|89/100
|move|p2a: Dragonite|Scale Shot|p1b: So sauer
|-crit|p1b: So sauer
|-damage|p1b: So sauer|72/100
|-damage|p1b: So sauer|62/100
|-damage|p1b: So sauer|49/100
|-damage|p1b: So sauer|37/100
|-damage|p1b: So sauer|26/100
|-hitcount|p1b: So sauer|5
|-unboost|p2a: Dragonite|def|1
|-boost|p2a: Dragonite|spe|1
|cant|p1b: So sauer|flinch
|move|p1a: Lora|Trick Room|p1a: Lora
|-fieldstart|move: Trick Room|[of] p1a: Lora
|
|-weather|SunnyDay|[upkeep]
|-heal|p1b: So sauer|33/100|[from] Grassy Terrain
|upkeep
|turn|4
|inactive|Indigochen has 30 seconds left.
|inactive|magmastormvgc has 30 seconds left.
|
|t:|1757785423
|move|p1b: So sauer|Eruption|p2a: Dragonite|[spread] p2a,p2b
|-resisted|p2a: Dragonite
|-supereffective|p2b: Rillaboom
|-damage|p2a: Dragonite|91/100
|-damage|p2b: Rillaboom|13/100
|move|p1a: Lora|Psycho Cut|p2a: Dragonite
|-crit|p2a: Dragonite
|-damage|p2a: Dragonite|0 fnt
|faint|p2a: Dragonite
|move|p2b: Rillaboom|Wood Hammer|p1a: Lora
|-damage|p1a: Lora|0 fnt
|faint|p1a: Lora
|-damage|p2b: Rillaboom|0 fnt|[from] Recoil
|faint|p2b: Rillaboom
|
|win|Indigochen
||Indigochen is ready for game 2.
|inactive|magmastormvgc has 30 seconds to confirm battle start!
