|j|‽IshtarVGC26
|j|☆beastingfeasting7
|html|IshtarVGC26beastingfeasting7    
|uhtml|bestof|Game 1 of a best-of-3
|t:|1757661477
|gametype|doubles
|player|p1|IshtarVGC26|juan|1192
|player|p2|beastingfeasting7|hilbert|1148
|gen|9
|tier|[Gen 9] VGC 2025 Reg H (Bo3)
|rated|
|rule|Species Clause: Limit one of each Pokémon
|rule|Item Clause: Limit 1 of each item
|clearpoke
|poke|p1|Tyranitar, L50, M|
|poke|p1|Excadrill, L50, M|
|poke|p1|Sinistcha-Masterpiece, L50|
|poke|p1|Primarina, L50, F|
|poke|p1|Volcarona, L50, M|
|poke|p1|Braviary, L50, M|
|poke|p2|Sneasler, L50, M|
|poke|p2|Indeedee, L50, M|
|poke|p2|Volcarona, L50, F|
|poke|p2|Ursaluna-Bloodmoon, L50, M|
|poke|p2|Annihilape, L50, F|
|poke|p2|Tyranitar, L50, M|
|teampreview|4
|showteam|p1|Tyranitar||AssaultVest|SandStream|RockSlide,KnockOff,TeraBlast,BrickBreak|||M|||50|,,,,,Flying]Excadrill||FocusSash|SandRush|Protect,DrillRun,Earthquake,IronHead|||M|||50|,,,,,Dragon]Sinistcha-Masterpiece||RockyHelmet|Hospitality|LifeDew,RagePowder,MatchaGotcha,TrickRoom||||||50|,,,,,Water]Primarina||ThroatSpray|LiquidVoice|Protect,HyperVoice,Moonblast,Haze|||F|||50|,,,,,Water]Volcarona||SitrusBerry|FlameBody|Protect,FieryDance,GigaDrain,QuiverDance|||M|||50|,,,,,Dragon]Braviary||SafetyGoggles|Defiant|Protect,BraveBird,CloseCombat,Tailwind|||M|||50|,,,,,Ghost
|showteam|p2|Sneasler||PsychicSeed|Unburden|CloseCombat,DireClaw,ThroatChop,Protect|||M|||50|,,,,,Dark]Indeedee||ChoiceScarf|PsychicSurge|ExpandingForce,TeraBlast,Trick,Protect|||M|||50|,,,,,Psychic]Volcarona||SitrusBerry|FlameBody|Overheat,StruggleBug,RagePowder,Tailwind|||F|||50|,,,,,Grass]Ursaluna-Bloodmoon||LifeOrb|MindsEye|BloodMoon,HyperVoice,EarthPower,Protect|||M|||50|,,,,,Normal]Annihilape||SafetyGoggles|Defiant|CloseCombat,RageFist,Taunt,FinalGambit|||F|||50|,,,,,Fairy]Tyranitar||AssaultVest|SandStream|RockSlide,KnockOff,TeraBlast,LowKick|||M|||50|,,,,,Flying
|inactive|Battle timer is ON: inactive players will automatically lose when time's up. (requested by beastingfeasting7)
|inactive|beastingfeasting7 has 60 seconds left.
|
|t:|1757661524
|teamsize|p1|4
|teamsize|p2|4
|start
|switch|p1a: Sinistcha|Sinistcha-Masterpiece, L50|100/100
|switch|p1b: Excadrill|Excadrill, L50, M, shiny|100/100
|switch|p2a: Sneasler|Sneasler, L50, M|100/100
|switch|p2b: Indeedee|Indeedee, L50, M|100/100
|-fieldstart|move: Psychic Terrain|[from] ability: Psychic Surge|[of] p2b: Indeedee
|-enditem|p2a: Sneasler|Psychic Seed
|-boost|p2a: Sneasler|spd|1|[from] item: Psychic Seed
|turn|1
|inactive|beastingfeasting7 has 30 seconds left.
|inactive|beastingfeasting7 has 20 seconds left.
|inactive|beastingfeasting7 has 15 seconds left.
|inactive|beastingfeasting7 has 10 seconds left.
|inactive|beastingfeasting7 has 5 seconds left.
|
|t:|1757661577
|move|p1a: Sinistcha|Rage Powder|p1a: Sinistcha
|-singleturn|p1a: Sinistcha|move: Rage Powder
|move|p2a: Sneasler|Throat Chop|p1a: Sinistcha
|-supereffective|p1a: Sinistcha
|-damage|p1a: Sinistcha|50/100
|-start|p1a: Sinistcha|Throat Chop|[silent]
|-damage|p2a: Sneasler|84/100|[from] item: Rocky Helmet|[of] p1a: Sinistcha
|move|p2b: Indeedee|Expanding Force|p1a: Sinistcha|[spread] p1a,p1b
|-resisted|p1b: Excadrill
|-damage|p1a: Sinistcha|0 fnt
|-damage|p1b: Excadrill|65/100
|faint|p1a: Sinistcha
|move|p1b: Excadrill|Earthquake|p2b: Indeedee|[spread] p2a,p2b
|-supereffective|p2a: Sneasler
|-damage|p2a: Sneasler|0 fnt
|-damage|p2b: Indeedee|3/100
|faint|p2a: Sneasler
|
|upkeep
|
|t:|1757661596
|switch|p2a: Volcarona|Volcarona, L50, F|100/100
|switch|p1a: Tyranitar|Tyranitar, L50, M|100/100
|-weather|Sandstorm|[from] ability: Sand Stream|[of] p1a: Tyranitar
|turn|2
|inactive|beastingfeasting7 has 30 seconds left.
|inactive|beastingfeasting7 has 20 seconds left.
|inactive|beastingfeasting7 has 15 seconds left.
|inactive|beastingfeasting7 has 10 seconds left.
|
|t:|1757661645
|switch|p2b: Ursaluna|Ursaluna-Bloodmoon, L50, M|100/100
|-terastallize|p1a: Tyranitar|Flying
|move|p1b: Excadrill|Earthquake|p2b: Ursaluna|[spread] p2a,p2b
|-immune|p1a: Tyranitar
|-damage|p2a: Volcarona|50/100
|-damage|p2b: Ursaluna|67/100
|-enditem|p2a: Volcarona|Sitrus Berry|[eat]
|-heal|p2a: Volcarona|75/100|[from] item: Sitrus Berry
|move|p2a: Volcarona|Tailwind|p2a: Volcarona
|-sidestart|p2: beastingfeasting7|move: Tailwind
|move|p1a: Tyranitar|Rock Slide|p2b: Ursaluna|[spread] p2a,p2b
|-supereffective|p2a: Volcarona
|-resisted|p2b: Ursaluna
|-damage|p2a: Volcarona|0 fnt
|-damage|p2b: Ursaluna|53/100
|faint|p2a: Volcarona
|
|-weather|Sandstorm|[upkeep]
|-damage|p1a: Tyranitar|95/100|[from] Sandstorm
|upkeep
|
|t:|1757661662
|switch|p2a: Indeedee|Indeedee, L50, M|3/100
|turn|3
|inactive|beastingfeasting7 has 30 seconds left.
|
|t:|1757661689
|move|p1b: Excadrill|Protect|p1b: Excadrill
|-singleturn|p1b: Excadrill|Protect
|move|p2a: Indeedee|Expanding Force|p1a: Tyranitar|[spread] p1a
|-activate|p1b: Excadrill|move: Protect
|-damage|p1a: Tyranitar|58/100
|move|p2b: Ursaluna|Hyper Voice|p1b: Excadrill|[spread] p1a
|-activate|p1b: Excadrill|move: Protect
|-damage|p1a: Tyranitar|25/100
|-damage|p2b: Ursaluna|44/100|[from] item: Life Orb
|move|p1a: Tyranitar|Knock Off|p2b: Ursaluna
|-damage|p2b: Ursaluna|2/100
|-enditem|p2b: Ursaluna|Life Orb|[from] move: Knock Off|[of] p1a: Tyranitar
|
|-weather|Sandstorm|[upkeep]
|-damage|p2a: Indeedee|0 fnt|[from] Sandstorm
|-damage|p1a: Tyranitar|19/100|[from] Sandstorm
|faint|p2a: Indeedee
|upkeep
|turn|4
|
|t:|1757661712
|-terastallize|p2b: Ursaluna|Normal
|move|p1b: Excadrill|Earthquake|p2b: Ursaluna|[spread] p2b
|-immune|p1a: Tyranitar
|-crit|p2b: Ursaluna
|-damage|p2b: Ursaluna|0 fnt
|faint|p2b: Ursaluna
|
|win|IshtarVGC26
||beastingfeasting7 is ready for game 2.
||IshtarVGC26 is ready for game 2.
|uhtml|next|Next: Game 2 of 3
