|j|☆MrDarki256
|j|☆pokemonalpha.es
|html|MrDarki256pokemonalpha.es    
|uhtml|bestof|Game 2 of a best-of-3
|t:|1783110394
|gametype|doubles
|player|p1|MrDarki256|preschooler|
|player|p2|pokemonalpha.es|lebanne|
|gen|9
|tier|[Gen 9 Champions] VGC 2026 Reg M-B (Bo3)
|rule|Species Clause: Limit one of each Pokémon
|rule|Item Clause: Limit 1 of each item
|clearpoke
|poke|p1|Greninja, L50, F|
|poke|p1|Ceruledge, L50, F|
|poke|p1|Incineroar, L50, F|
|poke|p1|Sinistcha, L50|
|poke|p1|Milotic, L50, F|
|poke|p1|Floette-Eternal, L50, F|
|poke|p2|Sneasler, L50, F|
|poke|p2|Scovillain, L50, F|
|poke|p2|Kingambit, L50, M|
|poke|p2|Toxapex, L50, M|
|poke|p2|Snorlax, L50, M|
|poke|p2|Basculegion, L50, M|
|teampreview|4
|showteam|p1|Greninja||Greninjite|Protean|GunkShot,BrickBreak,DarkPulse,Protect|Naive||F|||50|]Ceruledge||ColburBerry|FlashFire|BitterBlade,ShadowSneak,BulkUp,Protect|Adamant||F|||50|]Incineroar||SitrusBerry|Intimidate|FlareBlitz,ThroatChop,PartingShot,FakeOut|Impish||F|||50|]Sinistcha||KasibBerry|Hospitality|MatchaGotcha,RagePowder,LifeDew,Protect|Bold|||||50|]Milotic||Leftovers|Competitive|MuddyWater,Coil,Hypnosis,Protect|Calm||F|||50|]Floette-Eternal||Floettite|FlowerVeil|DrainingKiss,DazzlingGleam,CalmMind,Protect|Timid||F|||50|
|showteam|p2|Sneasler||WhiteHerb|Unburden|CloseCombat,GunkShot,FakeOut,Protect|Jolly||F|||50|]Scovillain||Scovillainite|Moody|Overheat,RagePowder,LeechSeed,Protect|Calm||F|||50|]Kingambit||ChopleBerry|Defiant|KowtowCleave,SuckerPunch,LowKick,Protect|Adamant||M|||50|]Toxapex||Leftovers|Regenerator|Infestation,WideGuard,Recover,Protect|Bold||M|||50|]Snorlax||SitrusBerry|ThickFat|DoubleEdge,Yawn,Fissure,Protect|Relaxed||M|||50|]Basculegion||ChoiceScarf|Adaptability|WaveCrash,LastRespects,FlipTurn,AquaJet|Jolly||M|||50|
|j| raicune28
|j| Prepucio Santos
|inactive|Battle timer is ON: inactive players will automatically lose when time's up. (requested by pokemonalpha.es)
|j| shishio_ax
|c| Prepucio Santos|quien le dio la mega a Emilio???
|inactive|MrDarki256 has 60 seconds left.
|c| Prepucio Santos|que de la cara y pague por ello
|
|t:|1783110440
|teamsize|p1|4
|teamsize|p2|4
|start
|switch|p1a: Ceruledge|Ceruledge, L50, F|100/100
|switch|p1b: Incineroar|Incineroar, L50, F|100/100
|switch|p2a: Scovillain|Scovillain, L50, F|100/100
|switch|p2b: Basculegion|Basculegion, L50, M|100/100
|-ability|p1b: Incineroar|Intimidate|boost
|-unboost|p2a: Scovillain|atk|1
|-unboost|p2b: Basculegion|atk|1
|turn|1
|c| shishio_ax|Alguien q no valoraba nuestra salud mental
|c| Prepucio Santos|como se nota que es psicologo
|inactive|MrDarki256 has 30 seconds left.
|inactive|pokemonalpha.es has 30 seconds left.
|
|t:|1783110469
|move|p1a: Ceruledge|Protect|p1a: Ceruledge
|-singleturn|p1a: Ceruledge|Protect
|move|p2b: Basculegion|Flip Turn|p1b: Incineroar
|-supereffective|p1b: Incineroar|1
|-damage|p1b: Incineroar|62/100
|
|t:|1783110473
|switch|p2b: Snorlax|Snorlax, L50, M|100/100|[from] Flip Turn
|move|p1b: Incineroar|Parting Shot|p2b: Snorlax
|-unboost|p2b: Snorlax|atk|1
|-unboost|p2b: Snorlax|spa|1
|
|t:|1783110483
|switch|p1b: Floette|Floette-Eternal, L50, F|100/100|[from] Parting Shot
|move|p2a: Scovillain|Leech Seed|p1a: Ceruledge
|-activate|p1a: Ceruledge|move: Protect
|
|-ability|p2a: Scovillain|Moody|boost
|-boost|p2a: Scovillain|spa|2
|-unboost|p2a: Scovillain|spd|1
|upkeep
|turn|2
|
|t:|1783110503
|switch|p1a: Incineroar|Incineroar, L50, F|62/100
|-ability|p1a: Incineroar|Intimidate|boost
|-unboost|p2a: Scovillain|atk|1
|-unboost|p2b: Snorlax|atk|1
|detailschange|p1b: Floette|Floette-Mega, L50, F
|-mega|p1b: Floette|Floette|Floettite
|-ability|p1b: Floette|Fairy Aura
|detailschange|p2a: Scovillain|Scovillain-Mega, L50, F
|-mega|p2a: Scovillain|Scovillain|Scovillainite
|move|p1b: Floette|Calm Mind|p1b: Floette
|-boost|p1b: Floette|spa|1
|-boost|p1b: Floette|spd|1
|move|p2a: Scovillain|Overheat|p1b: Floette
|-damage|p1b: Floette|40/100
|-unboost|p2a: Scovillain|spa|2
|move|p2b: Snorlax|Double-Edge|p1b: Floette
|-damage|p1b: Floette|17/100
|-damage|p2b: Snorlax|95/100|[from] Recoil
|
|upkeep
|turn|3
|inactive|MrDarki256 has 30 seconds left.
|
|t:|1783110534
|switch|p2a: Toxapex|Toxapex, L50, M|100/100
|move|p1a: Incineroar|Fake Out|p2a: Toxapex
|-damage|p2a: Toxapex|92/100
|move|p1b: Floette|Draining Kiss|p2b: Snorlax
|-damage|p2b: Snorlax|62/100
|-heal|p1b: Floette|58/100|[from] drain|[of] p2b: Snorlax
|move|p2b: Snorlax|Double-Edge|p1b: Floette
|-damage|p1b: Floette|35/100
|-damage|p2b: Snorlax|58/100|[from] Recoil
|
|-heal|p2a: Toxapex|98/100|[from] item: Leftovers
|upkeep
|turn|4
|inactive|MrDarki256 has 30 seconds left.
|
|t:|1783110565
|move|p1b: Floette|Protect|p1b: Floette
|-singleturn|p1b: Floette|Protect
|move|p1a: Incineroar|Parting Shot|p2b: Snorlax
|-unboost|p2b: Snorlax|atk|1
|-unboost|p2b: Snorlax|spa|1
|
|t:|1783110570
|switch|p1a: Sinistcha|Sinistcha, L50|100/100|[from] Parting Shot
|-heal|p1b: Floette|60/100|[from] ability: Hospitality|[of] p1a: Sinistcha
|move|p2a: Toxapex|Infestation|p1b: Floette
|-activate|p1b: Floette|move: Protect
|move|p2b: Snorlax|Fissure|p1a: Sinistcha|[miss]
|-miss|p2b: Snorlax|p1a: Sinistcha
|
|-heal|p2a: Toxapex|100/100|[from] item: Leftovers
|upkeep
|turn|5
|
|t:|1783110585
|move|p1a: Sinistcha|Rage Powder|p1a: Sinistcha
|-singleturn|p1a: Sinistcha|move: Rage Powder
|move|p1b: Floette|Calm Mind|p1b: Floette
|-boost|p1b: Floette|spa|1
|-boost|p1b: Floette|spd|1
|move|p2a: Toxapex|Infestation|p1a: Sinistcha
|-damage|p1a: Sinistcha|96/100
|-activate|p1a: Sinistcha|move: Infestation|[of] p2a: Toxapex
|move|p2b: Snorlax|Fissure|p1a: Sinistcha|[miss]
|-miss|p2b: Snorlax|p1a: Sinistcha
|
|-damage|p1a: Sinistcha|84/100|[from] move: Infestation|[partiallytrapped]
|upkeep
|turn|6
|c| Prepucio Santos|snorlax putero
|inactive|MrDarki256 has 30 seconds left.
|
|t:|1783110614
|move|p2a: Toxapex|Wide Guard|p2a: Toxapex
|-singleturn|p2a: Toxapex|Wide Guard
|move|p1a: Sinistcha|Rage Powder|p1a: Sinistcha
|-singleturn|p1a: Sinistcha|move: Rage Powder
|move|p1b: Floette|Calm Mind|p1b: Floette
|-boost|p1b: Floette|spa|1
|-boost|p1b: Floette|spd|1
|move|p2b: Snorlax|Fissure|p1a: Sinistcha|[miss]
|-miss|p2b: Snorlax|p1a: Sinistcha
|
|-damage|p1a: Sinistcha|71/100|[from] move: Infestation|[partiallytrapped]
|upkeep
|turn|7
|inactive|MrDarki256 has 30 seconds left.
|inactive|MrDarki256 has 20 seconds left.
|inactive|MrDarki256 has 15 seconds left.
|
|t:|1783110654
|move|p2a: Toxapex|Wide Guard|p2a: Toxapex
|-singleturn|p2a: Toxapex|Wide Guard
|move|p1a: Sinistcha|Rage Powder|p1a: Sinistcha
|-singleturn|p1a: Sinistcha|move: Rage Powder
|move|p1b: Floette|Draining Kiss|p2b: Snorlax
|-crit|p2b: Snorlax
|-damage|p2b: Snorlax|0 fnt
|-heal|p1b: Floette|100/100|[from] drain|[of] p2b: Snorlax
|faint|p2b: Snorlax
|
|-damage|p1a: Sinistcha|59/100|[from] move: Infestation|[partiallytrapped]
|upkeep
|
|t:|1783110664
|switch|p2b: Scovillain|Scovillain-Mega, L50, F|100/100
|turn|8
|c| Prepucio Santos|besito MUUUUAAAAAA
|
|t:|1783110687
|switch|p1a: Ceruledge|Ceruledge, L50, F|100/100
|move|p1b: Floette|Draining Kiss|p2b: Scovillain
|-resisted|p2b: Scovillain|1
|-damage|p2b: Scovillain|60/100
|-status|p1b: Floette|brn|[from] ability: Spicy Spray|[of] p2b: Scovillain
|move|p2b: Scovillain|Overheat|p1b: Floette
|-damage|p1b: Floette|82/100 brn
|-unboost|p2b: Scovillain|spa|2
|move|p2a: Toxapex|Infestation|p1b: Floette
|-resisted|p1b: Floette|1
|-damage|p1b: Floette|81/100 brn
|-activate|p1b: Floette|move: Infestation|[of] p2a: Toxapex
|
|-damage|p1b: Floette|75/100 brn|[from] brn
|-damage|p1b: Floette|63/100 brn|[from] move: Infestation|[partiallytrapped]
|upkeep
|turn|9
|
|t:|1783110709
|move|p1b: Floette|Draining Kiss|p2b: Scovillain
|-resisted|p2b: Scovillain|1
|-crit|p2b: Scovillain
|-damage|p2b: Scovillain|0 fnt
|-heal|p1b: Floette|100/100 brn|[from] drain|[of] p2b: Scovillain
|faint|p2b: Scovillain
|move|p1a: Ceruledge|Bitter Blade|p2a: Toxapex
|-resisted|p2a: Toxapex|1
|-damage|p2a: Toxapex|81/100
|move|p2a: Toxapex|Infestation|p1a: Ceruledge
|-resisted|p1a: Ceruledge|2
|-damage|p1a: Ceruledge|99/100
|-activate|p1a: Ceruledge|move: Infestation|[of] p2a: Toxapex
|
|-heal|p2a: Toxapex|87/100|[from] item: Leftovers
|-damage|p1b: Floette|94/100 brn|[from] brn
|-damage|p1b: Floette|82/100 brn|[from] move: Infestation|[partiallytrapped]
|-damage|p1a: Ceruledge|87/100|[from] move: Infestation|[partiallytrapped]
|upkeep
|
|t:|1783110713
|switch|p2b: Basculegion|Basculegion, L50, M|100/100
|turn|10
|c|☆MrDarki256|Perdona por los criticos
|c|☆pokemonalpha.es|nite bro te he tirao 4 fisuras no hay que pedir perdones en el campo de batalla
|inactive|MrDarki256 has 30 seconds left.
|
|t:|1783110745
|move|p1b: Floette|Protect|p1b: Floette
|-singleturn|p1b: Floette|Protect
|move|p1a: Ceruledge|Shadow Sneak|p2b: Basculegion
|-supereffective|p2b: Basculegion|1
|-damage|p2b: Basculegion|47/100
|move|p2b: Basculegion|Wave Crash|p1b: Floette
|-activate|p1b: Floette|move: Protect
|move|p2a: Toxapex|Infestation|p1a: Ceruledge
|-resisted|p1a: Ceruledge|2
|-damage|p1a: Ceruledge|86/100
|
|-heal|p2a: Toxapex|92/100|[from] item: Leftovers
|-damage|p1b: Floette|76/100 brn|[from] brn
|-damage|p1b: Floette|64/100 brn|[from] move: Infestation|[partiallytrapped]
|-damage|p1a: Ceruledge|74/100|[from] move: Infestation|[partiallytrapped]
|upkeep
|turn|11
|
|t:|1783110764
|move|p1a: Ceruledge|Shadow Sneak|p2b: Basculegion
|-supereffective|p2b: Basculegion|1
|-damage|p2b: Basculegion|0 fnt
|faint|p2b: Basculegion
|move|p1b: Floette|Calm Mind|p1b: Floette
|-boost|p1b: Floette|spa|1
|-boost|p1b: Floette|spd|1
|move|p2a: Toxapex|Infestation|p1a: Ceruledge
|-resisted|p1a: Ceruledge|2
|-damage|p1a: Ceruledge|74/100
|
|-heal|p2a: Toxapex|98/100|[from] item: Leftovers
|-damage|p1b: Floette|58/100 brn|[from] brn
|-damage|p1b: Floette|46/100 brn|[from] move: Infestation|[partiallytrapped]
|-damage|p1a: Ceruledge|61/100|[from] move: Infestation|[partiallytrapped]
|upkeep
|turn|12
|-message|pokemonalpha.es forfeited.
|
|win|MrDarki256
||pokemonalpha.es is ready for game 3.
||MrDarki256 is ready for game 3.
|uhtml|next|Next: Game 3 of 3
|l| raicune28
|j| raicune28
|l| raicune28
|l| shishio_ax
