|j|☆AnriVGC
|j|☆EllaNoDejoDeCreer
|html|AnriVGCEllaNoDejoDeCreer    
|uhtml|bestof|Game 1 of a best-of-3
|t:|1756232825
|gametype|doubles
|player|p1|AnriVGC|hilda-masters3|1139
|player|p2|EllaNoDejoDeCreer|2|1135
|gen|9
|tier|[Gen 9] VGC 2025 Reg H (Bo3)
|rated|
|rule|Species Clause: Limit one of each Pokémon
|rule|Item Clause: Limit 1 of each item
|clearpoke
|poke|p1|Gholdengo, L50|
|poke|p1|Sneasler, L50, M|
|poke|p1|Rillaboom, L50, F|
|poke|p1|Dragonite, L50, M|
|poke|p1|Ninetales-Alola, L50, F|
|poke|p1|Arcanine-Hisui, L50, M|
|poke|p2|Indeedee-F, L50, F|
|poke|p2|Hatterene, L50, F|
|poke|p2|Torkoal, L50, M|
|poke|p2|Lilligant-Hisui, L50, F|
|poke|p2|Armarouge, L50, M|
|poke|p2|Ursaluna, L50, M|
|teampreview|4
|showteam|p1|Gholdengo||GrassySeed|GoodasGold|NastyPlot,MakeItRain,ShadowBall,Protect||||||50|,,,,,Water]Sneasler||FocusSash|Unburden|CloseCombat,DireClaw,Coaching,FakeOut|||M|||50|,,,,,Ghost]Rillaboom||AssaultVest|GrassySurge|FakeOut,GrassyGlide,DrumBeating,HighHorsepower|||F|||50|,,,,,Fire]Dragonite||LoadedDice|Multiscale|ScaleShot,StompingTantrum,Haze,Protect|||M|||50|,,,,,Steel]Ninetales-Alola||CovertCloak|SnowWarning|IcyWind,Blizzard,Encore,AuroraVeil|||F|||50|,,,,,Ice]Arcanine-Hisui||ClearAmulet|Intimidate|RockSlide,FlareBlitz,ExtremeSpeed,Protect|||M|||50|,,,,,Water
|showteam|p2|Indeedee-F||PsychicSeed|PsychicSurge|Psychic,HelpingHand,FollowMe,TrickRoom|||F|||50|,,,,,Grass]Hatterene||LifeOrb|MagicBounce|ExpandingForce,DazzlingGleam,TrickRoom,Protect|||F|||50|,,,,,Psychic]Torkoal||Charcoal|Drought|Eruption,WeatherBall,EarthPower,Protect|||M|||50|,,,,,Fire]Lilligant-Hisui||FocusSash|Chlorophyll|SolarBlade,CloseCombat,SleepPowder,AfterYou|||F|||50|,,,,,Ghost]Armarouge||PowerHerb|FlashFire|ExpandingForce,ArmorCannon,MeteorBeam,TrickRoom|||M|||50|,,,,,Grass]Ursaluna||FlameOrb|Guts|Facade,HeadlongRush,Substitute,Protect|||M|||50|,,,,,Ghost
|
|t:|1756232864
|teamsize|p1|4
|teamsize|p2|4
|start
|switch|p1a: Rillaboom|Rillaboom, L50, F|100/100
|switch|p1b: Dragonite|Dragonite, L50, M|100/100
|switch|p2a: Indeedee|Indeedee-F, L50, F|100/100
|switch|p2b: Torkoal|Torkoal, L50, M|100/100
|-fieldstart|move: Grassy Terrain|[from] ability: Grassy Surge|[of] p1a: Rillaboom
|-fieldstart|move: Psychic Terrain|[from] ability: Psychic Surge|[of] p2a: Indeedee
|-enditem|p2a: Indeedee|Psychic Seed
|-boost|p2a: Indeedee|spd|1|[from] item: Psychic Seed
|-weather|SunnyDay|[from] ability: Drought|[of] p2b: Torkoal
|turn|1
|
|t:|1756232904
|switch|p1a: Ninetales|Ninetales-Alola, L50, F|100/100
|-weather|Snowscape|[from] ability: Snow Warning|[of] p1a: Ninetales
|move|p2b: Torkoal|Protect|p2b: Torkoal
|-singleturn|p2b: Torkoal|Protect
|move|p1b: Dragonite|Scale Shot|p2a: Indeedee
|-damage|p2a: Indeedee|83/100
|-damage|p2a: Indeedee|69/100
|-damage|p2a: Indeedee|54/100
|-damage|p2a: Indeedee|38/100
|-damage|p2a: Indeedee|21/100
|-hitcount|p2a: Indeedee|5
|-unboost|p1b: Dragonite|def|1
|-boost|p1b: Dragonite|spe|1
|move|p2a: Indeedee|Trick Room|p2a: Indeedee
|-fieldstart|move: Trick Room|[of] p2a: Indeedee
|
|-weather|Snowscape|[upkeep]
|upkeep
|turn|2
|
|t:|1756232938
|switch|p2a: Hatterene|Hatterene, L50, F|100/100
|move|p2b: Torkoal|Eruption|p1b: Dragonite|[spread] p1a,p1b
|-supereffective|p1a: Ninetales
|-resisted|p1b: Dragonite
|-damage|p1a: Ninetales|0 fnt
|-damage|p1b: Dragonite|86/100
|faint|p1a: Ninetales
|move|p1b: Dragonite|Stomping Tantrum|p2b: Torkoal
|-supereffective|p2b: Torkoal
|-damage|p2b: Torkoal|54/100
|
|-weather|Snowscape|[upkeep]
|upkeep
|
|t:|1756232954
|switch|p1a: Rillaboom|Rillaboom, L50, F|100/100
|-fieldstart|move: Grassy Terrain|[from] ability: Grassy Surge|[of] p1a: Rillaboom
|turn|3
|
|t:|1756232984
|switch|p2b: Indeedee|Indeedee-F, L50, F|21/100
|-fieldstart|move: Psychic Terrain|[from] ability: Psychic Surge|[of] p2b: Indeedee
|switch|p1a: Sneasler|Sneasler, L50, M|100/100
|move|p1b: Dragonite|Protect|p1b: Dragonite
|-singleturn|p1b: Dragonite|Protect
|move|p2a: Hatterene|Expanding Force|p1b: Dragonite|[spread] p1a
|-activate|p1b: Dragonite|move: Protect
|-supereffective|p1a: Sneasler
|-enditem|p1a: Sneasler|Focus Sash
|-damage|p1a: Sneasler|1/100
|-damage|p2a: Hatterene|91/100|[from] item: Life Orb
|
|-weather|Snowscape|[upkeep]
|upkeep
|turn|4
|
|t:|1756233019
|switch|p2b: Torkoal|Torkoal, L50, M|54/100
|-weather|SunnyDay|[from] ability: Drought|[of] p2b: Torkoal
|switch|p1b: Rillaboom|Rillaboom, L50, F|100/100
|-fieldstart|move: Grassy Terrain|[from] ability: Grassy Surge|[of] p1b: Rillaboom
|move|p1a: Sneasler|Fake Out|p2a: Hatterene
|-damage|p2a: Hatterene|74/100
|cant|p2a: Hatterene|flinch
|
|-weather|SunnyDay|[upkeep]
|-heal|p2b: Torkoal|60/100|[from] Grassy Terrain
|-heal|p2a: Hatterene|80/100|[from] Grassy Terrain
|-heal|p1a: Sneasler|7/100|[from] Grassy Terrain
|upkeep
|turn|5
|
|t:|1756233061
|switch|p2b: Indeedee|Indeedee-F, L50, F|21/100
|-fieldstart|move: Psychic Terrain|[from] ability: Psychic Surge|[of] p2b: Indeedee
|switch|p1a: Dragonite|Dragonite, L50, M|86/100
|-terastallize|p1b: Rillaboom|Fire
|move|p2a: Hatterene|Dazzling Gleam|p1a: Dragonite|[spread] p1a,p1b
|-supereffective|p1a: Dragonite
|-resisted|p1b: Rillaboom
|-damage|p1a: Dragonite|0 fnt
|-damage|p1b: Rillaboom|81/100
|faint|p1a: Dragonite
|-damage|p2a: Hatterene|70/100|[from] item: Life Orb
|move|p1b: Rillaboom|High Horsepower|p2b: Indeedee
|-damage|p2b: Indeedee|0 fnt
|faint|p2b: Indeedee
|
|-weather|SunnyDay|[upkeep]
|-fieldend|move: Trick Room
|upkeep
|
|t:|1756233080
|switch|p1a: Sneasler|Sneasler, L50, M|7/100
|switch|p2b: Armarouge|Armarouge, L50, M|100/100
|turn|6
|
|t:|1756233109
|-terastallize|p2b: Armarouge|Grass
|move|p2a: Hatterene|Protect|p2a: Hatterene
|-singleturn|p2a: Hatterene|Protect
|move|p1a: Sneasler|Dire Claw|p2b: Armarouge
|-supereffective|p2b: Armarouge
|-damage|p2b: Armarouge|17/100
|-status|p2b: Armarouge|psn
|move|p1b: Rillaboom|Drum Beating|p2a: Hatterene
|-activate|p2a: Hatterene|move: Protect
|move|p2b: Armarouge|Trick Room|p2b: Armarouge
|-fieldstart|move: Trick Room|[of] p2b: Armarouge
|
|-weather|SunnyDay|[upkeep]
|-damage|p2b: Armarouge|5/100 psn|[from] psn
|upkeep
|turn|7
|
|t:|1756233132
|move|p2a: Hatterene|Expanding Force|p1b: Rillaboom|[spread] p1a,p1b
|-supereffective|p1a: Sneasler
|-damage|p1a: Sneasler|0 fnt
|-damage|p1b: Rillaboom|1/100
|faint|p1a: Sneasler
|-damage|p2a: Hatterene|61/100|[from] item: Life Orb
|move|p2b: Armarouge|Expanding Force|p1b: Rillaboom
|-damage|p1b: Rillaboom|0 fnt
|faint|p1b: Rillaboom
|
|win|EllaNoDejoDeCreer
