|j|☆doingVGCthings
|j|☆Letmein191
|html|doingVGCthingsLetmein191    
|uhtml|bestof|Game 1 of a best-of-3
|t:|1756170038
|gametype|doubles
|player|p1|doingVGCthings|swimmer-gen4dp|1170
|player|p2|Letmein191|265|1225
|gen|9
|tier|[Gen 9] VGC 2025 Reg H (Bo3)
|rated|
|rule|Species Clause: Limit one of each Pokémon
|rule|Item Clause: Limit 1 of each item
|clearpoke
|poke|p1|Volcarona, L50, F|
|poke|p1|Electabuzz, L50, M|
|poke|p1|Tyranitar, L50, M|
|poke|p1|Amoonguss, L50, M|
|poke|p1|Annihilape, L50, M|
|poke|p1|Mamoswine, L50, F|
|poke|p2|Electabuzz, L50, F|
|poke|p2|Kingambit, L50, F|
|poke|p2|Volcarona, L50, M|
|poke|p2|Dragonite, L50, M|
|poke|p2|Sneasler, L50, M|
|poke|p2|Rillaboom, L50, F|
|teampreview|4
|showteam|p1|Volcarona||CovertCloak|FlameBody|Protect,HeatWave,GigaDrain,QuiverDance|||F|||50|,,,,,Grass]Electabuzz||Eviolite|VitalSpirit|Protect,Electroweb,Taunt,FollowMe|||M|||50|,,,,,Ghost]Tyranitar||AssaultVest|SandStream|RockSlide,KnockOff,LowKick,TeraBlast|||M|||50|,,,,,Flying]Amoonguss||SitrusBerry|Regenerator|Protect,PollenPuff,Spore,RagePowder|||M|||50|,,,,,Fairy]Annihilape||SafetyGoggles|Defiant|Protect,RageFist,CloseCombat,Coaching|||M|||50|,,,,,Water]Mamoswine||FocusSash|Oblivious|Protect,IcicleCrash,HighHorsepower,IceShard|||F|||50|,,,,,Stellar
|showteam|p2|Electabuzz||Eviolite|VitalSpirit|FollowMe,Thunderbolt,Taunt,Protect|||F|||50|,,,,,Ghost]Kingambit||BlackGlasses|Defiant|KowtowCleave,SuckerPunch,SwordsDance,Protect|||F|||50|,,,,,Dark]Volcarona||Leftovers|FlameBody|HeatWave,GigaDrain,QuiverDance,Protect|||M|||50|,,,,,Fairy]Dragonite||LoadedDice|Multiscale|ScaleShot,ExtremeSpeed,Haze,Protect|||M|||50|,,,,,Fairy]Sneasler||FocusSash|Unburden|DireClaw,CloseCombat,Coaching,FakeOut|||M|||50|,,,,,Stellar]Rillaboom||AssaultVest|GrassySurge|FakeOut,WoodHammer,GrassyGlide,HighHorsepower|||F|||50|,,,,,Fire
|inactive|Battle timer is ON: inactive players will automatically lose when time's up. (requested by doingVGCthings)
|inactive|doingVGCthings has 60 seconds left.
|inactive|Letmein191 has 60 seconds left.
|inactive|Letmein191 has 30 seconds left.
|inactive|Letmein191 has 20 seconds left.
|
|t:|1756170110
|teamsize|p1|4
|teamsize|p2|4
|start
|switch|p1a: Mamoswine|Mamoswine, L50, F|100/100
|switch|p1b: Electabuzz|Electabuzz, L50, M|100/100
|switch|p2a: Volcarona|Volcarona, L50, M|100/100
|switch|p2b: Sneasler|Sneasler, L50, M|100/100
|turn|1
|
|t:|1756170129
|move|p2b: Sneasler|Fake Out|p1a: Mamoswine
|-damage|p1a: Mamoswine|85/100
|move|p1b: Electabuzz|Taunt|p2a: Volcarona
|-start|p2a: Volcarona|move: Taunt
|cant|p2a: Volcarona|move: Taunt|Quiver Dance
|cant|p1a: Mamoswine|flinch
|
|upkeep
|turn|2
|inactive|Letmein191 has 30 seconds left.
|
|t:|1756170162
|switch|p1a: Volcarona|Volcarona, L50, F|100/100
|move|p2b: Sneasler|Dire Claw|p1b: Electabuzz
|-damage|p1b: Electabuzz|65/100
|move|p1b: Electabuzz|Electroweb|p2a: Volcarona|[spread] p2a,p2b
|-damage|p2a: Volcarona|87/100
|-damage|p2b: Sneasler|83/100
|-unboost|p2a: Volcarona|spe|1
|-unboost|p2b: Sneasler|spe|1
|move|p2a: Volcarona|Heat Wave|p1a: Volcarona|[spread] p1a,p1b
|-damage|p1a: Volcarona|66/100
|-damage|p1b: Electabuzz|39/100
|
|-heal|p2a: Volcarona|94/100|[from] item: Leftovers
|upkeep
|turn|3
|
|t:|1756170178
|move|p1b: Electabuzz|Follow Me|p1b: Electabuzz
|-singleturn|p1b: Electabuzz|move: Follow Me
|move|p1a: Volcarona|Quiver Dance|p1a: Volcarona
|-boost|p1a: Volcarona|spa|1
|-boost|p1a: Volcarona|spd|1
|-boost|p1a: Volcarona|spe|1
|move|p2b: Sneasler|Dire Claw|p1b: Electabuzz
|-damage|p1b: Electabuzz|3/100
|move|p2a: Volcarona|Heat Wave|p1b: Electabuzz|[spread] p1a,p1b
|-damage|p1a: Volcarona|43/100
|-damage|p1b: Electabuzz|0 fnt
|faint|p1b: Electabuzz
|
|-heal|p2a: Volcarona|99/100|[from] item: Leftovers
|-end|p2a: Volcarona|move: Taunt
|upkeep
|
|t:|1756170197
|switch|p1b: Amoonguss|Amoonguss, L50, M|100/100
|turn|4
|
|t:|1756170206
|-terastallize|p1b: Amoonguss|Fairy
|move|p1a: Volcarona|Heat Wave|p2a: Volcarona|[spread] p2a,p2b
|-damage|p2a: Volcarona|52/100
|-damage|p2b: Sneasler|2/100
|move|p2b: Sneasler|Dire Claw|p1a: Volcarona
|-damage|p1a: Volcarona|0 fnt
|faint|p1a: Volcarona
|move|p2a: Volcarona|Heat Wave|p1b: Amoonguss
|-damage|p1b: Amoonguss|59/100
|move|p1b: Amoonguss|Pollen Puff|p1: Volcarona|[notarget]
|-fail|p1b: Amoonguss
|
|-heal|p2a: Volcarona|58/100|[from] item: Leftovers
|upkeep
|
|t:|1756170219
|switch|p1a: Mamoswine|Mamoswine, L50, F|85/100
|turn|5
|
|t:|1756170228
|move|p1a: Mamoswine|Icicle Crash|p2a: Volcarona
|-resisted|p2a: Volcarona
|-damage|p2a: Volcarona|32/100
|move|p2b: Sneasler|Dire Claw|p1b: Amoonguss
|-supereffective|p1b: Amoonguss
|-damage|p1b: Amoonguss|0 fnt
|faint|p1b: Amoonguss
|move|p2a: Volcarona|Heat Wave|p1a: Mamoswine
|-supereffective|p1a: Mamoswine
|-damage|p1a: Mamoswine|0 fnt
|faint|p1a: Mamoswine
|
|win|Letmein191
|inactive|doingVGCthings has 30 seconds to confirm battle start!
|inactive|Letmein191 has 30 seconds to confirm battle start!
||doingVGCthings is ready for game 2.
||Letmein191 is ready for game 2.
|uhtml|next|Next: Game 2 of 3
|l|☆Letmein191
|player|p2|
