|j|☆Fuqii
|j|☆Can I pet the dog?
|html|FuqiiCan I pet the dog?    
|uhtml|bestof|Game 3 of a best-of-3
|t:|1783165915
|gametype|doubles
|player|p1|Fuqii|266|1273
|player|p2|Can I pet the dog?|yancy|1357
|gen|9
|tier|[Gen 9 Champions] VGC 2026 Reg M-B (Bo3)
|rated|
|rule|Species Clause: Limit one of each Pokémon
|rule|Item Clause: Limit 1 of each item
|clearpoke
|poke|p1|Blastoise, L50, M|
|poke|p1|Delphox, L50, M|
|poke|p1|Grimmsnarl, L50, M|
|poke|p1|Sinistcha, L50|
|poke|p1|Kingambit, L50, M|
|poke|p1|Sneasler, L50, M|
|poke|p2|Sinistcha, L50|
|poke|p2|Incineroar, L50, M|
|poke|p2|Milotic, L50, M|
|poke|p2|Raichu, L50, F|
|poke|p2|Floette-Eternal, L50, F|
|poke|p2|Ceruledge, L50, F|
|teampreview|4
|showteam|p1|Blastoise||Blastoisinite|RainDish|WaterSpout,DarkPulse,ShellSmash,Protect|Modest||M|||50|]Delphox||Delphoxite|Blaze|HeatWave,Psychic,NastyPlot,Protect|Timid||M|||50|]Grimmsnarl||RoseliBerry|Prankster|PartingShot,SpiritBreak,LightScreen,FakeOut|Careful||M|||50|]Sinistcha||SitrusBerry|Hospitality|MatchaGotcha,RagePowder,TrickRoom,Protect|Relaxed|||||50|]Kingambit||BlackGlasses|Defiant|KowtowCleave,SuckerPunch,SwordsDance,Protect|Adamant||M|||50|]Sneasler||FocusSash|PoisonTouch|DireClaw,CloseCombat,FakeOut,QuickGuard|Jolly||M|||50|
|showteam|p2|Sinistcha||KasibBerry|Hospitality|MatchaGotcha,LifeDew,RagePowder,Protect|Relaxed|||||50|]Incineroar||SitrusBerry|Intimidate|FlareBlitz,ThroatChop,FakeOut,PartingShot|Impish||M|||50|]Milotic||Leftovers|Competitive|MuddyWater,Coil,Hypnosis,Protect|Calm||M|||50|]Raichu||RaichuniteY|LightningRod|ZapCannon,FocusBlast,FakeOut,Protect|Timid||F|||50|]Floette-Eternal||Floettite|FlowerVeil|DazzlingGleam,DrainingKiss,CalmMind,Protect|Timid||F|||50|]Ceruledge||ColburBerry|FlashFire|BitterBlade,ShadowSneak,BulkUp,Protect|Adamant||F|||50|
|inactive|Battle timer is ON: inactive players will automatically lose when time's up. (requested by Can I pet the dog?)
|inactive|Fuqii has 60 seconds left.
|inactive|Can I pet the dog? has 60 seconds left.
|inactive|Can I pet the dog? has 30 seconds left.
|
|t:|1783165977
|teamsize|p1|4
|teamsize|p2|4
|start
|switch|p1a: Blastoise|Blastoise, L50, M|100/100
|switch|p1b: Sneasler|Sneasler, L50, M|100/100
|switch|p2a: Incineroar|Incineroar, L50, M|100/100
|switch|p2b: Floette|Floette-Eternal, L50, F|100/100
|-ability|p2a: Incineroar|Intimidate|boost
|-unboost|p1a: Blastoise|atk|1
|-unboost|p1b: Sneasler|atk|1
|turn|1
|inactive|Fuqii has 30 seconds left.
|inactive|Fuqii has 20 seconds left.
|inactive|Fuqii has 15 seconds left.
|
|t:|1783166021
|detailschange|p2b: Floette|Floette-Mega, L50, F
|-mega|p2b: Floette|Floette|Floettite
|-ability|p2b: Floette|Fairy Aura
|detailschange|p1a: Blastoise|Blastoise-Mega, L50, M
|-mega|p1a: Blastoise|Blastoise|Blastoisinite
|move|p1b: Sneasler|Fake Out|p2a: Incineroar
|-damage|p2a: Incineroar|93/100
|cant|p2a: Incineroar|flinch
|move|p2b: Floette|Calm Mind|p2b: Floette
|-boost|p2b: Floette|spa|1
|-boost|p2b: Floette|spd|1
|move|p1a: Blastoise|Shell Smash|p1a: Blastoise
|-unboost|p1a: Blastoise|def|1
|-unboost|p1a: Blastoise|spd|1
|-boost|p1a: Blastoise|atk|2
|-boost|p1a: Blastoise|spa|2
|-boost|p1a: Blastoise|spe|2
|
|upkeep
|turn|2
|inactive|Fuqii has 30 seconds left.
|inactive|Can I pet the dog? has 30 seconds left.
|
|t:|1783166050
|move|p2b: Floette|Protect|p2b: Floette
|-singleturn|p2b: Floette|Protect
|move|p1a: Blastoise|Water Spout|p2a: Incineroar|[spread] p2a
|-activate|p2b: Floette|move: Protect
|-supereffective|p2a: Incineroar|1
|-damage|p2a: Incineroar|0 fnt
|faint|p2a: Incineroar
|move|p1b: Sneasler|Dire Claw|p2b: Floette
|-activate|p2b: Floette|move: Protect
|
|upkeep
|
|t:|1783166055
|switch|p2a: Sinistcha|Sinistcha, L50|100/100
|turn|3
|inactive|Fuqii has 30 seconds left.
|inactive|Can I pet the dog? has 30 seconds left.
|inactive|Can I pet the dog? has 20 seconds left.
|
|t:|1783166103
|move|p2a: Sinistcha|Rage Powder|p2a: Sinistcha
|-singleturn|p2a: Sinistcha|move: Rage Powder
|move|p1a: Blastoise|Water Spout|p2b: Floette|[spread] p2a,p2b
|-resisted|p2a: Sinistcha|1
|-damage|p2a: Sinistcha|43/100
|-damage|p2b: Floette|28/100
|move|p1b: Sneasler|Dire Claw|p2a: Sinistcha
|-damage|p2a: Sinistcha|19/100
|move|p2b: Floette|Dazzling Gleam|p1a: Blastoise|[spread] p1a,p1b
|-damage|p1a: Blastoise|18/100
|-damage|p1b: Sneasler|21/100
|
|upkeep
|turn|4
|inactive|Can I pet the dog? has 30 seconds left.
|
|t:|1783166129
|switch|p2a: Milotic|Milotic, L50, M|100/100
|move|p2b: Floette|Protect|p2b: Floette
|-singleturn|p2b: Floette|Protect
|move|p1a: Blastoise|Dark Pulse|p2a: Milotic
|-damage|p2a: Milotic|39/100
|move|p1b: Sneasler|Dire Claw|p2b: Floette
|-activate|p2b: Floette|move: Protect
|
|-heal|p2a: Milotic|45/100|[from] item: Leftovers
|upkeep
|turn|5
|
|t:|1783166146
|switch|p2a: Sinistcha|Sinistcha, L50|19/100
|-heal|p2b: Floette|53/100|[from] ability: Hospitality|[of] p2a: Sinistcha
|move|p1a: Blastoise|Dark Pulse|p2a: Sinistcha
|-supereffective|p2a: Sinistcha|1
|-damage|p2a: Sinistcha|0 fnt
|faint|p2a: Sinistcha
|move|p1b: Sneasler|Dire Claw|p2b: Floette
|-supereffective|p2b: Floette|1
|-damage|p2b: Floette|0 fnt
|faint|p2b: Floette
|
|upkeep
|-message|Can I pet the dog? forfeited.
|
|win|Fuqii
