|j|☆jANMxRin
|j|☆bartei
|html|jANMxRinbartei    
|uhtml|bestof|Game 2 of a best-of-3
|t:|1756855936
|gametype|doubles
|player|p1|jANMxRin|acerola-masters|1128
|player|p2|bartei|karen|1210
|gen|9
|tier|[Gen 9] VGC 2025 Reg H (Bo3)
|rated|
|rule|Species Clause: Limit one of each Pokémon
|rule|Item Clause: Limit 1 of each item
|clearpoke
|poke|p1|Corviknight, L50, M|
|poke|p1|Tyranitar, L50, M|
|poke|p1|Garchomp, L50, F|
|poke|p1|Gholdengo, L50|
|poke|p1|Primarina, L50, F|
|poke|p1|Annihilape, L50, M|
|poke|p2|Dragonite, L50, M|
|poke|p2|Volcarona, L50, F|
|poke|p2|Sneasler, L50, M|
|poke|p2|Rillaboom, L50, M|
|poke|p2|Electabuzz, L50, M|
|poke|p2|Kingambit, L50, M|
|teampreview|4
|showteam|p1|Corviknight||Leftovers|MirrorArmor|BraveBird,BulkUp,Roost,Tailwind|||M|||50|,,,,,Dragon]Tyranitar||AssaultVest|SandStream|RockSlide,KnockOff,LowKick,TeraBlast|||M|||50|,,,,,Flying]Garchomp||LifeOrb|RoughSkin|Protect,DragonClaw,StompingTantrum,Earthquake|||F|||50|,,,,,Fairy]Gholdengo||MetalCoat|GoodasGold|MakeItRain,ShadowBall,NastyPlot,Protect||||||50|,,,,,Water]Primarina||SitrusBerry|LiquidVoice|HyperVoice,Moonblast,Haze,Protect|||F|||50|,,,,,Grass]Annihilape||SafetyGoggles|Defiant|CloseCombat,FinalGambit,RageFist,Taunt|||M|||50|,,,,,Water
|showteam|p2|Dragonite||LoadedDice|Multiscale|ScaleShot,ExtremeSpeed,Haze,Protect|||M|||50|,,,,,Fairy]Volcarona||CovertCloak|FlameBody|HeatWave,TeraBlast,QuiverDance,Protect|||F|||50|,,,,,Fairy]Sneasler||FocusSash|Unburden|CloseCombat,DireClaw,Coaching,FakeOut|||M|||50|,,,,,Stellar]Rillaboom||AssaultVest|GrassySurge|WoodHammer,GrassyGlide,HighHorsepower,FakeOut|||M|||50|,,,,,Fire]Electabuzz||Eviolite|VitalSpirit|Thunderbolt,FollowMe,Taunt,Protect|||M|||50|,,,,,Ghost]Kingambit||BlackGlasses|Defiant|KowtowCleave,SuckerPunch,SwordsDance,Protect|||M|||50|,,,,,Dark
|inactive|Battle timer is ON: inactive players will automatically lose when time's up. (requested by bartei)
|inactive|jANMxRin has 60 seconds left.
|
|t:|1756855995
|teamsize|p1|4
|teamsize|p2|4
|start
|switch|p1a: Garchomp|Garchomp, L50, F|100/100
|switch|p1b: Tyranitar|Tyranitar, L50, M|100/100
|switch|p2a: Volcarona|Volcarona, L50, F|100/100
|switch|p2b: Rillaboom|Rillaboom, L50, M|100/100
|-fieldstart|move: Grassy Terrain|[from] ability: Grassy Surge|[of] p2b: Rillaboom
|-weather|Sandstorm|[from] ability: Sand Stream|[of] p1b: Tyranitar
|turn|1
|inactive|jANMxRin has 30 seconds left.
|inactive|bartei has 30 seconds left.
|inactive|jANMxRin has 20 seconds left.
|inactive|bartei has 20 seconds left.
|inactive|bartei has 15 seconds left.
|inactive|bartei has 10 seconds left.
|
|t:|1756856045
|-terastallize|p2a: Volcarona|Fairy
|-terastallize|p1b: Tyranitar|Flying
|move|p2b: Rillaboom|Fake Out|p1a: Garchomp
|-damage|p1a: Garchomp|87/100
|-damage|p2b: Rillaboom|88/100|[from] ability: Rough Skin|[of] p1a: Garchomp
|cant|p1a: Garchomp|flinch
|move|p2a: Volcarona|Quiver Dance|p2a: Volcarona
|-boost|p2a: Volcarona|spa|1
|-boost|p2a: Volcarona|spd|1
|-boost|p2a: Volcarona|spe|1
|move|p1b: Tyranitar|Tera Blast|p2b: Rillaboom|[anim] Tera Blast Flying
|-supereffective|p2b: Rillaboom
|-damage|p2b: Rillaboom|0 fnt
|faint|p2b: Rillaboom
|
|-weather|Sandstorm|[upkeep]
|-damage|p2a: Volcarona|94/100|[from] Sandstorm
|-damage|p1b: Tyranitar|95/100|[from] Sandstorm
|-heal|p2a: Volcarona|100/100|[from] Grassy Terrain
|-heal|p1a: Garchomp|93/100|[from] Grassy Terrain
|upkeep
|
|t:|1756856061
|switch|p2b: Sneasler|Sneasler, L50, M|100/100
|turn|2
|
|t:|1756856069
|move|p2b: Sneasler|Fake Out|p1b: Tyranitar
|-damage|p1b: Tyranitar|84/100
|move|p2a: Volcarona|Tera Blast|p1a: Garchomp|[anim] Tera Blast Fairy
|-supereffective|p1a: Garchomp
|-damage|p1a: Garchomp|0 fnt
|faint|p1a: Garchomp
|cant|p1b: Tyranitar|flinch
|
|-weather|Sandstorm|[upkeep]
|-damage|p2a: Volcarona|94/100|[from] Sandstorm
|-damage|p2b: Sneasler|95/100|[from] Sandstorm
|-damage|p1b: Tyranitar|78/100|[from] Sandstorm
|-heal|p2a: Volcarona|100/100|[from] Grassy Terrain
|-heal|p2b: Sneasler|100/100|[from] Grassy Terrain
|upkeep
|
|t:|1756856080
|switch|p1a: Gholdengo|Gholdengo, L50|100/100
|turn|3
|
|t:|1756856100
|move|p2a: Volcarona|Heat Wave|p1a: Gholdengo|[spread] p1a,p1b
|-supereffective|p1a: Gholdengo
|-damage|p1a: Gholdengo|0 fnt
|-damage|p1b: Tyranitar|45/100
|faint|p1a: Gholdengo
|move|p2b: Sneasler|Dire Claw|p1b: Tyranitar
|-damage|p1b: Tyranitar|11/100
|move|p1b: Tyranitar|Tera Blast|p2b: Sneasler|[anim] Tera Blast Flying
|-supereffective|p2b: Sneasler
|-enditem|p2b: Sneasler|Focus Sash
|-damage|p2b: Sneasler|1/100
|
|-weather|Sandstorm|[upkeep]
|-damage|p2b: Sneasler|0 fnt|[from] Sandstorm
|-damage|p2a: Volcarona|94/100|[from] Sandstorm
|-damage|p1b: Tyranitar|5/100|[from] Sandstorm
|faint|p2b: Sneasler
|-heal|p2a: Volcarona|100/100|[from] Grassy Terrain
|upkeep
|
|t:|1756856108
|switch|p2b: Kingambit|Kingambit, L50, M, shiny|100/100
|switch|p1a: Annihilape|Annihilape, L50, M|100/100
|turn|4
|-message|jANMxRin forfeited.
|
|win|bartei
