|j|☆capacete5
|j|☆kodehue
|html|capacete5kodehue    
|uhtml|bestof|Game 2 of a best-of-3
|t:|1784479775
|gametype|doubles
|player|p1|capacete5|byron|1122
|player|p2|kodehue|170|1080
|gen|9
|tier|[Gen 9 Champions] VGC 2026 Reg M-B (Bo3)
|rated|
|rule|Species Clause: Limit one of each Pokémon
|rule|Item Clause: Limit 1 of each item
|clearpoke
|poke|p1|Charizard, L50, F|
|poke|p1|Garchomp, L50, M|
|poke|p1|Sylveon, L50, M|
|poke|p1|Farigiraf, L50, F|
|poke|p1|Kingambit, L50, F|
|poke|p1|Aerodactyl, L50, F|
|poke|p2|Vivillon, L50, M|
|poke|p2|Lopunny, L50, M|
|poke|p2|Malamar, L50, M|
|poke|p2|Aerodactyl, L50, M|
|poke|p2|Volcarona, L50, F|
|poke|p2|Basculegion-F, L50, F|
|teampreview|4
|showteam|p1|Charizard||CharizarditeY|Blaze|Protect,HeatWave,WeatherBall,SolarBeam|Modest||F|||50|]Garchomp||LifeOrb|RoughSkin|Protect,DragonClaw,StompingTantrum,Earthquake|Adamant||M|||50|]Sylveon||FairyFeather|Pixilate|Detect,QuickAttack,HyperVoice,Yawn|Modest||M|||50|]Farigiraf||SitrusBerry|ArmorTail|TwinBeam,Thunderbolt,Protect,TrickRoom|Bold||F|||50|]Kingambit||FocusSash|Defiant|KowtowCleave,IronHead,SuckerPunch,LowKick|Adamant||F|||50|]Aerodactyl||Aerodactylite|Unnerve|RockSlide,DualWingbeat,IceFang,Tailwind|Jolly||F|||50|
|showteam|p2|Vivillon||FocusSash|CompoundEyes|SleepPowder,Hurricane,Whirlwind,Protect|Timid||M|||50|]Lopunny||Lopunnite|CuteCharm|FakeOut,ThunderPunch,FirePunch,HighJumpKick|Jolly||M|||50|]Malamar||Malamarite|Contrary|Superpower,ThroatChop,PoisonJab,PsychoCut|Serious||M|||50|]Aerodactyl||Aerodactylite|RockHead|Tailwind,Taunt,Earthquake,RockSlide|Jolly||M|||50|]Volcarona||BigRoot|FlameBody|Flamethrower,BugBuzz,Protect,GigaDrain|Modest||F|||50|]Basculegion-F||ExpertBelt|Adaptability|IceBeam,MuddyWater,ShadowBall,Protect|Modest||F|||50|
|inactive|Battle timer is ON: inactive players will automatically lose when time's up. (requested by kodehue)
|inactive|capacete5 also wants the timer to be on.
|inactive|kodehue has 60 seconds left.
|inactive|kodehue has 30 seconds left.
|inactive|kodehue has 20 seconds left.
|
|t:|1784479848
|teamsize|p1|4
|teamsize|p2|4
|start
|switch|p1a: Aerodactyl|Aerodactyl, L50, F|100/100
|switch|p1b: Sylveon|Sylveon, L50, M|100/100
|switch|p2a: Vivillon|Vivillon, L50, M|100/100
|switch|p2b: Aerodactyl|Aerodactyl, L50, M|100/100
|-ability|p1a: Aerodactyl|Unnerve
|turn|1
|
|t:|1784479872
|detailschange|p1a: Aerodactyl|Aerodactyl-Mega, L50, F
|-mega|p1a: Aerodactyl|Aerodactyl|Aerodactylite
|detailschange|p2b: Aerodactyl|Aerodactyl-Mega, L50, M
|-mega|p2b: Aerodactyl|Aerodactyl|Aerodactylite
|move|p1b: Sylveon|Quick Attack|p2a: Vivillon
|-damage|p2a: Vivillon|74/100
|move|p1a: Aerodactyl|Rock Slide|p2b: Aerodactyl|[spread] p2a,p2b
|-supereffective|p2a: Vivillon|2
|-supereffective|p2b: Aerodactyl|1
|-crit|p2b: Aerodactyl
|-damage|p2a: Vivillon|0 fnt
|-damage|p2b: Aerodactyl|0 fnt
|faint|p2a: Vivillon
|faint|p2b: Aerodactyl
|
|upkeep
|inactive|kodehue has 30 seconds left.
|-message|kodehue forfeited.
|
|win|capacete5
