|j|☆Aircross360
|j|☆RazzRazzBerry
|html|Aircross360RazzRazzBerry    
|uhtml|bestof|Game 1 of a best-of-3
|t:|1756235199
|gametype|doubles
|player|p1|Aircross360|101|1094
|player|p2|RazzRazzBerry|wattson|1050
|gen|9
|tier|[Gen 9] VGC 2025 Reg H (Bo3)
|rated|
|rule|Species Clause: Limit one of each Pokémon
|rule|Item Clause: Limit 1 of each item
|clearpoke
|poke|p1|Annihilape, L50, M|
|poke|p1|Gholdengo, L50|
|poke|p1|Dragonite, L50, F|
|poke|p1|Ninetales-Alola, L50, F|
|poke|p1|Magmar, L50, F|
|poke|p1|Ursaluna-Bloodmoon, L50, M|
|poke|p2|Tyranitar, L50, F|
|poke|p2|Houndstone, L50, F|
|poke|p2|Dragonite, L50, M|
|poke|p2|Talonflame, L50, M|
|poke|p2|Porygon2, L50|
|poke|p2|Gholdengo, L50|
|teampreview|4
|showteam|p1|Annihilape||SafetyGoggles|Defiant|DrainPunch,RageFist,BulkUp,Protect|||M|||50|,,,,,Water]Gholdengo||MetalCoat|GoodasGold|MakeItRain,ShadowBall,NastyPlot,Protect||||||50|,,,,,Dragon]Dragonite||LoadedDice|Multiscale|ScaleShot,ExtremeSpeed,IceSpinner,Protect|||F|||50|,,,,,Steel]Ninetales-Alola||LightClay|SnowWarning|Blizzard,Encore,IcyWind,AuroraVeil|||F|||50|,,,,,Ghost]Magmar||Eviolite|FlameBody|Overheat,FollowMe,Protect,ClearSmog|||F|||50|,,,,,Ghost]Ursaluna-Bloodmoon||AssaultVest|MindsEye|BloodMoon,EarthPower,HyperVoice,VacuumWave|||M|||50|,,,,,Water
|showteam|p2|Tyranitar||AssaultVest|SandStream|RockSlide,KnockOff,TeraBlast,LowKick|||F|||50|,,,,,Flying]Houndstone||SpellTag|SandRush|LastRespects,WillOWisp,Howl,Snarl|||F|||50|,,,,,Ghost]Dragonite||LoadedDice|InnerFocus|ScaleShot,TeraBlast,Protect,Haze|||M|||50|,,,,,Flying]Talonflame||SafetyGoggles|GaleWings|BraveBird,Tailwind,Protect,FlareBlitz|||M|||50|,,,,,Ghost]Porygon2||Eviolite|Download|TeraBlast,ShadowBall,Recover,TrickRoom||||||50|,,,,,Fighting]Gholdengo||MetalCoat|GoodasGold|NastyPlot,MakeItRain,FocusBlast,Protect||||||50|,,,,,Water
|
|t:|1756235305
|teamsize|p1|4
|teamsize|p2|4
|start
|switch|p1a: Dragonite|Dragonite, L50, F|100/100
|switch|p1b: Ursaluna|Ursaluna-Bloodmoon, L50, M|100/100
|switch|p2a: CA$H MONEY|Gholdengo, L50|100/100
|switch|p2b: Stravinsky|Talonflame, L50, M|100/100
|turn|1
|
|t:|1756235384
|switch|p2b: Japeth|Porygon2, L50|100/100
|-ability|p2b: Japeth|Download|boost
|-boost|p2b: Japeth|spa|1
|-terastallize|p1b: Ursaluna|Water
|move|p2a: CA$H MONEY|Focus Blast|p1b: Ursaluna
|-damage|p1b: Ursaluna|72/100
|move|p1a: Dragonite|Scale Shot|p2b: Japeth
|-damage|p2b: Japeth|91/100
|-damage|p2b: Japeth|82/100
|-damage|p2b: Japeth|73/100
|-damage|p2b: Japeth|64/100
|-hitcount|p2b: Japeth|4
|-unboost|p1a: Dragonite|def|1
|-boost|p1a: Dragonite|spe|1
|move|p1b: Ursaluna|Hyper Voice|p2a: CA$H MONEY|[spread] p2a,p2b
|-resisted|p2a: CA$H MONEY
|-damage|p2a: CA$H MONEY|80/100
|-damage|p2b: Japeth|39/100
|
|upkeep
|turn|2
|
|t:|1756235450
|move|p2a: CA$H MONEY|Protect|p2a: CA$H MONEY
|-singleturn|p2a: CA$H MONEY|Protect
|move|p1a: Dragonite|Scale Shot|p2b: Japeth
|-damage|p2b: Japeth|30/100
|-damage|p2b: Japeth|20/100
|-damage|p2b: Japeth|12/100
|-damage|p2b: Japeth|3/100
|-hitcount|p2b: Japeth|4
|-unboost|p1a: Dragonite|def|1
|-boost|p1a: Dragonite|spe|1
|move|p1b: Ursaluna|Earth Power|p2a: CA$H MONEY
|-activate|p2a: CA$H MONEY|move: Protect
|move|p2b: Japeth|Tera Blast|p1a: Dragonite
|-damage|p1a: Dragonite|69/100
|
|upkeep
|turn|3
|
|t:|1756235497
|-terastallize|p2a: CA$H MONEY|Water
|move|p1a: Dragonite|Scale Shot|p2a: CA$H MONEY
|-damage|p2a: CA$H MONEY|63/100
|-damage|p2a: CA$H MONEY|46/100
|-damage|p2a: CA$H MONEY|31/100
|-damage|p2a: CA$H MONEY|15/100
|-hitcount|p2a: CA$H MONEY|4
|-unboost|p1a: Dragonite|def|1
|-boost|p1a: Dragonite|spe|1
|move|p2a: CA$H MONEY|Make It Rain|p1a: Dragonite|[spread] p1a,p1b
|-resisted|p1b: Ursaluna
|-damage|p1a: Dragonite|11/100
|-damage|p1b: Ursaluna|56/100
|-unboost|p2a: CA$H MONEY|spa|1
|move|p1b: Ursaluna|Hyper Voice|p2a: CA$H MONEY|[spread] p2a,p2b
|-damage|p2a: CA$H MONEY|0 fnt
|-damage|p2b: Japeth|0 fnt
|faint|p2a: CA$H MONEY
|faint|p2b: Japeth
|
|upkeep
|
|t:|1756235506
|switch|p2a: Gojira|Tyranitar, L50, F|100/100
|switch|p2b: Stravinsky|Talonflame, L50, M|100/100
|-weather|Sandstorm|[from] ability: Sand Stream|[of] p2a: Gojira
|turn|4
|
|t:|1756235565
|move|p2b: Stravinsky|Brave Bird|p1b: Ursaluna
|-damage|p1b: Ursaluna|24/100
|-damage|p2b: Stravinsky|87/100|[from] Recoil
|move|p1a: Dragonite|Scale Shot|p2b: Stravinsky
|-damage|p2b: Stravinsky|67/100
|-damage|p2b: Stravinsky|46/100
|-damage|p2b: Stravinsky|23/100
|-damage|p2b: Stravinsky|0 fnt
|faint|p2b: Stravinsky
|-hitcount|p2: Stravinsky|4
|-unboost|p1a: Dragonite|def|1
|-boost|p1a: Dragonite|spe|1
|move|p1b: Ursaluna|Hyper Voice|p2a: Gojira
|-resisted|p2a: Gojira
|-damage|p2a: Gojira|93/100
|move|p2a: Gojira|Rock Slide|p1b: Ursaluna|[spread] p1a,p1b
|-supereffective|p1a: Dragonite
|-damage|p1a: Dragonite|0 fnt
|-damage|p1b: Ursaluna|4/100
|faint|p1a: Dragonite
|
|-weather|Sandstorm|[upkeep]
|-damage|p1b: Ursaluna|0 fnt|[from] Sandstorm
|faint|p1b: Ursaluna
|upkeep
|
|t:|1756235585
|switch|p1a: Gholdengo|Gholdengo, L50|100/100
|switch|p1b: Ninetales|Ninetales-Alola, L50, F|100/100
|-weather|Snowscape|[from] ability: Snow Warning|[of] p1b: Ninetales
|turn|5
|
|t:|1756235621
|move|p1b: Ninetales|Encore|p2a: Gojira
|-start|p2a: Gojira|Encore
|move|p1a: Gholdengo|Nasty Plot|p1a: Gholdengo
|-boost|p1a: Gholdengo|spa|2
|move|p2a: Gojira|Rock Slide|p1a: Gholdengo|[spread] p1a,p1b
|-resisted|p1a: Gholdengo
|-supereffective|p1b: Ninetales
|-damage|p1a: Gholdengo|88/100
|-damage|p1b: Ninetales|56/100
|
|-weather|Snowscape|[upkeep]
|upkeep
|turn|6
|
|t:|1756235631
|move|p1b: Ninetales|Aurora Veil|p1b: Ninetales
|-sidestart|p1: Aircross360|move: Aurora Veil
|move|p1a: Gholdengo|Make It Rain|p2a: Gojira
|-supereffective|p2a: Gojira
|-damage|p2a: Gojira|0 fnt
|-unboost|p1a: Gholdengo|spa|1
|faint|p2a: Gojira
|
|win|Aircross360
||Aircross360 is ready for game 2.
||RazzRazzBerry is ready for game 2.
|uhtml|next|Next: Game 2 of 3
|l|☆RazzRazzBerry
|player|p2|
