|j|☆YumaYes
|j|☆rats<3
|html|YumaYesrats<3    
|uhtml|bestof|Game 2 of a best-of-3
|t:|1783909728
|gametype|doubles
|player|p1|YumaYes|102|
|player|p2|rats<3|n|
|gen|9
|tier|[Gen 9 Champions] VGC 2026 Reg M-B (Bo3)
|rule|Species Clause: Limit one of each Pokémon
|rule|Item Clause: Limit 1 of each item
|clearpoke
|poke|p1|Mawile, L50, F, shiny|
|poke|p1|Milotic, L50, F|
|poke|p1|Torkoal, L50, M|
|poke|p1|Farigiraf, L50, F|
|poke|p1|Lycanroc-Dusk, L50, F|
|poke|p1|Incineroar, L50, F, shiny|
|poke|p2|Froslass, L50, F, shiny|
|poke|p2|Scovillain, L50, F|
|poke|p2|Lycanroc-Dusk, L50, M|
|poke|p2|Kingambit, L50, M|
|poke|p2|Basculegion, L50, M, shiny|
|poke|p2|Sneasler, L50, M|
|teampreview|4
|showteam|p1|Mawile||Mawilite|Intimidate|Protect,PlayRough,BrickBreak,SuckerPunch|Brave||F|||50|]Milotic||Leftovers|Competitive|MuddyWater,Recover,Coil,Hypnosis|Bold||F|||50|]Torkoal||Charcoal|Drought|Eruption,WeatherBall,SolarBeam,Protect|Quiet||M|||50|]Farigiraf||SitrusBerry|ArmorTail|HyperVoice,NastyPlot,TrickRoom,Psychic|Relaxed||F|||50|]Lycanroc-Dusk||FocusSash|ToughClaws|Accelerock,Protect,RockSlide,CloseCombat|Jolly||F|||50|]Incineroar||ShucaBerry|Intimidate|ThroatChop,FakeOut,FlareBlitz,PartingShot|Relaxed||F|||50|
|showteam|p2|Froslass||Froslassite|CursedBody|Blizzard,ShadowBall,AuroraVeil,Protect|Modest||F|||50|]Scovillain||Scovillainite|Moody|Overheat,GigaDrain,RagePowder,Protect|Modest||F|||50|]Lycanroc-Dusk||FocusSash|ToughClaws|RockSlide,CloseCombat,Accelerock,Protect|Adamant||M|||50|]Kingambit||BlackGlasses|Defiant|KowtowCleave,SuckerPunch,LowKick,Protect|Adamant||M|||50|]Basculegion||SitrusBerry|Adaptability|WaveCrash,LastRespects,AquaJet,Protect|Adamant||M|||50|]Sneasler||WhiteHerb|Unburden|CloseCombat,DireClaw,FakeOut,Protect|Adamant||M|||50|
|
|t:|1783909762
|teamsize|p1|4
|teamsize|p2|4
|start
|switch|p1a: Farigiraf|Farigiraf, L50, F|100/100
|switch|p1b: Mawile|Mawile, L50, F, shiny|100/100
|switch|p2a: rocks|Lycanroc-Dusk, L50, M|100/100
|switch|p2b: meta slop #3|Sneasler, L50, M|100/100
|-ability|p1b: Mawile|Intimidate|boost
|-unboost|p2a: rocks|atk|1
|-unboost|p2b: meta slop #3|atk|1
|-enditem|p2b: meta slop #3|White Herb
|-clearnegativeboost|p2b: meta slop #3|[silent]
|turn|1
|
|t:|1783909793
|detailschange|p1b: Mawile|Mawile-Mega, L50, F, shiny
|-mega|p1b: Mawile|Mawile|Mawilite
|move|p2b: meta slop #3|Fake Out||[still]
|cant|p1a: Farigiraf|ability: Armor Tail|Fake Out|[of] p2b: meta slop #3
|move|p2a: rocks|Close Combat|p1a: Farigiraf
|-damage|p1a: Farigiraf|69/100
|-unboost|p2a: rocks|def|1
|-unboost|p2a: rocks|spd|1
|move|p1b: Mawile|Brick Break|p2a: rocks
|-supereffective|p2a: rocks|1
|-enditem|p2a: rocks|Focus Sash
|-damage|p2a: rocks|1/100
|move|p1a: Farigiraf|Trick Room|p1a: Farigiraf
|-fieldstart|move: Trick Room|[of] p1a: Farigiraf
|
|upkeep
|turn|2
|j| crunkbob
|
|t:|1783909827
|switch|p2a: frick you swampert|Scovillain, L50, F|100/100
|move|p1b: Mawile|Sucker Punch||[still]
|-fail|p1b: Mawile
|move|p1a: Farigiraf|Psychic|p2b: meta slop #3
|-supereffective|p2b: meta slop #3|2
|-crit|p2b: meta slop #3
|-damage|p2b: meta slop #3|0 fnt
|faint|p2b: meta slop #3
|
|-ability|p2a: frick you swampert|Moody|boost
|-boost|p2a: frick you swampert|def|2
|-unboost|p2a: frick you swampert|spa|1
|upkeep
|
|t:|1783909837
|switch|p2b: meta slop #1|Kingambit, L50, M|100/100
|turn|3
|
|t:|1783909849
|detailschange|p2a: frick you swampert|Scovillain-Mega, L50, F
|-mega|p2a: frick you swampert|Scovillain|Scovillainite
|move|p2b: meta slop #1|Sucker Punch||[still]
|cant|p1a: Farigiraf|ability: Armor Tail|Sucker Punch|[of] p2b: meta slop #1
|move|p1b: Mawile|Brick Break|p2b: meta slop #1
|-supereffective|p2b: meta slop #1|2
|-damage|p2b: meta slop #1|0 fnt
|faint|p2b: meta slop #1
|move|p1a: Farigiraf|Nasty Plot|p1a: Farigiraf
|-boost|p1a: Farigiraf|spa|2
|move|p2a: frick you swampert|Overheat|p1b: Mawile
|-supereffective|p1b: Mawile|1
|-damage|p1b: Mawile|0 fnt
|-unboost|p2a: frick you swampert|spa|2
|faint|p1b: Mawile
|
|upkeep
|
|t:|1783909865
|switch|p1b: Torkoal|Torkoal, L50, M|100/100
|switch|p2b: rocks|Lycanroc-Dusk, L50, M|1/100
|-weather|SunnyDay|[from] ability: Drought|[of] p1b: Torkoal
|turn|4
|
|t:|1783909885
|move|p1b: Torkoal|Eruption|p2b: rocks|[spread] p2a,p2b
|-resisted|p2b: rocks|1
|-damage|p2a: frick you swampert|15/100
|-damage|p2b: rocks|0 fnt
|-immune|p1b: Torkoal
|faint|p2b: rocks
|move|p1a: Farigiraf|Psychic|p2a: frick you swampert
|-damage|p2a: frick you swampert|0 fnt
|-status|p1a: Farigiraf|brn|[from] ability: Spicy Spray|[of] p2a: frick you swampert
|faint|p2a: frick you swampert
|
|win|YumaYes
|c|☆rats<3|shibal
|c|☆YumaYes|ggs man!
