|j|☆Yippeeeeeeeevgc
|j|☆Daniw9
|html|YippeeeeeeeevgcDaniw9    
|uhtml|bestof|Game 3 of a best-of-3
|t:|1756901927
|gametype|doubles
|player|p1|Yippeeeeeeeevgc|266|1131
|player|p2|Daniw9|101|1181
|gen|9
|tier|[Gen 9] VGC 2025 Reg H (Bo3)
|rated|
|rule|Species Clause: Limit one of each Pokémon
|rule|Item Clause: Limit 1 of each item
|clearpoke
|poke|p1|Pelipper, L50, F|
|poke|p1|Basculegion, L50, M|
|poke|p1|Sneasler, L50, F|
|poke|p1|Archaludon, L50, M|
|poke|p1|Amoonguss, L50, F|
|poke|p1|Gholdengo, L50|
|poke|p2|Garchomp, L50, M|
|poke|p2|Tyranitar, L50, F|
|poke|p2|Indeedee-F, L50, F|
|poke|p2|Gardevoir, L50, F|
|poke|p2|Sneasler, L50, F|
|poke|p2|Talonflame, L50, F|
|teampreview|4
|showteam|p1|Pelipper||CovertCloak|Drizzle|Protect,Hurricane,WeatherBall,Tailwind|||F|||50|,,,,,Steel]Basculegion||ChoiceBand|SwiftSwim|FlipTurn,WaveCrash,AquaJet,LastRespects|||M|||50|,,,,,Water]Sneasler||FocusSash|PoisonTouch|Protect,CloseCombat,DireClaw,FakeOut|||F|||50|,,,,,Ghost]Archaludon||AssaultVest|Stamina|ElectroShot,FlashCannon,DracoMeteor,BodyPress|||M|||50|,,,,,Bug]Amoonguss||SitrusBerry|Regenerator|Protect,RagePowder,PollenPuff,Spore|||F|||50|,,,,,Fairy]Gholdengo||LifeOrb|GoodasGold|MakeItRain,ShadowBall,NastyPlot,Protect||||||50|,,,,,Water
|showteam|p2|Garchomp||ClearAmulet|SandVeil|Earthquake,StompingTantrum,Protect,DragonClaw|||M|||50|,,,,,Steel]Tyranitar||AssaultVest|SandStream|RockSlide,TeraBlast,KnockOff,LowKick|||F|||50|,,,,,Flying]Indeedee-F||SafetyGoggles|PsychicSurge|DazzlingGleam,TrickRoom,FollowMe,HelpingHand|||F|||50|,,,,,Water]Gardevoir||ChoiceScarf|Telepathy|IcyWind,Moonblast,ExpandingForce,MysticalFire|||F|||50|,,,,,Fire]Sneasler||PsychicSeed|Unburden|CloseCombat,DireClaw,Protect,ThroatChop|||F|||50|,,,,,Dark]Talonflame||CovertCloak|GaleWings|Tailwind,DualWingbeat,FlareBlitz,Taunt|||F|||50|,,,,,Flying
|
|t:|1756901933
|teamsize|p1|4
|teamsize|p2|4
|start
|switch|p1a: Basculegion|Basculegion, L50, M|100/100
|switch|p1b: Pelipper|Pelipper, L50, F|100/100
|switch|p2a: Gardevoir|Gardevoir, L50, F|100/100
|switch|p2b: Garchomp|Garchomp, L50, M|100/100
|-weather|RainDance|[from] ability: Drizzle|[of] p1b: Pelipper
|turn|1
|
|t:|1756901979
|switch|p2b: Tyranitar|Tyranitar, L50, F|100/100
|-weather|Sandstorm|[from] ability: Sand Stream|[of] p2b: Tyranitar
|move|p2a: Gardevoir|Moonblast|p1a: Basculegion
|-damage|p1a: Basculegion|45/100
|move|p1a: Basculegion|Flip Turn|p2b: Tyranitar
|-supereffective|p2b: Tyranitar
|-damage|p2b: Tyranitar|28/100
|
|t:|1756901989
|switch|p1a: Archaludon|Archaludon, L50, M|100/100|[from] Flip Turn
|move|p1b: Pelipper|Tailwind|p1b: Pelipper
|-sidestart|p1: Yippeeeeeeeevgc|move: Tailwind
|
|-weather|Sandstorm|[upkeep]
|-damage|p2a: Gardevoir|94/100|[from] Sandstorm
|-damage|p1b: Pelipper|95/100|[from] Sandstorm
|upkeep
|turn|2
|
|t:|1756902026
|switch|p2b: Garchomp|Garchomp, L50, M|100/100
|move|p1a: Archaludon|Flash Cannon|p2a: Gardevoir
|-supereffective|p2a: Gardevoir
|-damage|p2a: Gardevoir|1/100
|move|p2a: Gardevoir|Moonblast|p1b: Pelipper
|-damage|p1b: Pelipper|14/100
|move|p1b: Pelipper|Weather Ball|p2a: Gardevoir
|-damage|p2a: Gardevoir|0 fnt
|faint|p2a: Gardevoir
|
|-weather|Sandstorm|[upkeep]
|-damage|p1b: Pelipper|8/100|[from] Sandstorm
|upkeep
|
|t:|1756902036
|switch|p2a: Talonflame|Talonflame, L50, F|100/100
|turn|3
|
|t:|1756902059
|switch|p1b: Sneasler|Sneasler, L50, F|100/100
|move|p2a: Talonflame|Tailwind|p2a: Talonflame
|-sidestart|p2: Daniw9|move: Tailwind
|move|p2b: Garchomp|Earthquake|p1b: Sneasler|[spread] p1a,p1b
|-immune|p2a: Talonflame
|-supereffective|p1a: Archaludon
|-supereffective|p1b: Sneasler
|-damage|p1a: Archaludon|19/100
|-enditem|p1b: Sneasler|Focus Sash
|-damage|p1b: Sneasler|1/100
|-ability|p1a: Archaludon|Stamina|boost
|-boost|p1a: Archaludon|def|1
|move|p1a: Archaludon|Draco Meteor|p2b: Garchomp
|-supereffective|p2b: Garchomp
|-damage|p2b: Garchomp|0 fnt
|-unboost|p1a: Archaludon|spa|2
|faint|p2b: Garchomp
|
|-weather|Sandstorm|[upkeep]
|-damage|p1b: Sneasler|0 fnt|[from] Sandstorm
|-damage|p2a: Talonflame|94/100|[from] Sandstorm
|faint|p1b: Sneasler
|upkeep
|
|t:|1756902084
|switch|p1b: Basculegion|Basculegion, L50, M|45/100
|switch|p2b: Tyranitar|Tyranitar, L50, F|28/100
|turn|4
|
|t:|1756902121
|switch|p1a: Pelipper|Pelipper, L50, F|8/100
|-weather|RainDance|[from] ability: Drizzle|[of] p1a: Pelipper
|-terastallize|p2a: Talonflame|Flying
|move|p1b: Basculegion|Flip Turn|p2a: Talonflame
|-damage|p2a: Talonflame|0 fnt
|faint|p2a: Talonflame
|
|t:|1756902131
|switch|p1b: Archaludon|Archaludon, L50, M|19/100|[from] Flip Turn
|move|p2b: Tyranitar|Low Kick|p1a: Pelipper
|-resisted|p1a: Pelipper
|-damage|p1a: Pelipper|0 fnt
|faint|p1a: Pelipper
|
|-weather|RainDance|[upkeep]
|-sideend|p1: Yippeeeeeeeevgc|move: Tailwind
|upkeep
|-message|Daniw9 forfeited.
|
|win|Yippeeeeeeeevgc
|raw|Yippeeeeeeeevgc's rating: 1131 → 1160(+29 for winning)
|raw|Daniw9's rating: 1181 → 1152(-29 for losing)
|l|☆Daniw9
|player|p2|
