|j|☆iFlamercenar
|j|‽Appletan
|html|iFlamercenarAppletan    
|uhtml|bestof|Game 1 of a best-of-3
|t:|1757747897
|gametype|doubles
|player|p1|iFlamercenar|acetrainer-gen4dp|1103
|player|p2|Appletan|whitney|1146
|gen|9
|tier|[Gen 9] VGC 2025 Reg H (Bo3)
|rated|
|rule|Species Clause: Limit one of each Pokémon
|rule|Item Clause: Limit 1 of each item
|clearpoke
|poke|p1|Primeape, L50, F|
|poke|p1|Smeargle, L50, F|
|poke|p1|Rillaboom, L50, F|
|poke|p1|Dragonite, L50, F|
|poke|p1|Incineroar, L50, M|
|poke|p1|Ursaluna-Bloodmoon, L50, M|
|poke|p2|Gholdengo, L50|
|poke|p2|Amoonguss, L50, F|
|poke|p2|Incineroar, L50, M|
|poke|p2|Pelipper, L50, F|
|poke|p2|Palafin, L50, M|
|poke|p2|Dragapult, L50, F|
|teampreview|4
|showteam|p1|Primeape||ClearAmulet|AngerPoint|RageFist,CloseCombat,SleepTalk,Rest|||F|||50|,,,,,Ghost]Smeargle||FocusSash|Moody|FollowMe,SurgingStrikes,Spore,FakeOut|||F|||50|,,,,,Grass]Rillaboom||AssaultVest|GrassySurge|WoodHammer,GrassyGlide,HighHorsepower,FakeOut|||F|||50|,,,,,Fire]Dragonite||LoadedDice|Multiscale|ScaleShot,Tailwind,StompingTantrum,Protect|||F|||50|,,,,,Steel]Incineroar||SitrusBerry|Intimidate|FlareBlitz,KnockOff,FakeOut,PartingShot|||M|||50|,,,,,Water]Ursaluna-Bloodmoon||LifeOrb|MindsEye|BloodMoon,EarthPower,HyperVoice,Protect|||M|||50|,,,,,Water
|showteam|p2|Gholdengo||LifeOrb|GoodasGold|Protect,NastyPlot,ShadowBall,MakeItRain||||||50|,,,,,Steel]Amoonguss||SitrusBerry|Regenerator|Protect,RagePowder,SludgeBomb,Spore|||F|||50|,,,,,Fairy]Incineroar||AssaultVest|Intimidate|FlareBlitz,KnockOff,Uturn,FakeOut|||M|||50|,,,,,Grass]Pelipper||FocusSash|Drizzle|Protect,Tailwind,Hurricane,WeatherBall|||F|||50|,,,,,Ghost]Palafin||SplashPlate|ZerotoHero|Protect,Haze,JetPunch,WaveCrash|||M|||50|,,,,,Water]Dragapult||ChoiceSpecs|ClearBody|DracoMeteor,ShadowBall,TeraBlast,Uturn|||F|||50|,,,,,Fairy
|inactive|Battle timer is ON: inactive players will automatically lose when time's up. (requested by iFlamercenar)
|inactive|Appletan has 60 seconds left.
|l|☆iFlamercenar
|inactive|iFlamercenar disconnected and has a minute to reconnect!
|player|p1|
|j|☆iFlamercenar
|inactive|iFlamercenar reconnected.
|player|p1|iFlamercenar|acetrainer-gen4dp|
|inactive|Appletan has 30 seconds left.
|
|t:|1757748013
|teamsize|p1|4
|teamsize|p2|4
|start
|switch|p1a: Primeape|Primeape, L50, F|100/100
|switch|p1b: Smeargle|Smeargle, L50, F|100/100
|switch|p2a: Palafin|Palafin, L50, M|100/100
|switch|p2b: Dragapult|Dragapult, L50, F|100/100
|turn|1
|inactive|iFlamercenar has 30 seconds left.
|
|t:|1757748041
|-terastallize|p2b: Dragapult|Fairy
|-terastallize|p1a: Primeape|Ghost
|move|p2a: Palafin|Jet Punch|p1b: Smeargle
|-damage|p1b: Smeargle|43/100
|move|p2b: Dragapult|Tera Blast|p1b: Smeargle|[anim] Tera Blast Fairy
|-damage|p1b: Smeargle|0 fnt
|faint|p1b: Smeargle
|move|p1a: Primeape|Rage Fist|p2b: Dragapult
|-damage|p2b: Dragapult|68/100
|
|upkeep
|
|t:|1757748054
|switch|p1b: Rillaboom|Rillaboom, L50, F|100/100
|-fieldstart|move: Grassy Terrain|[from] ability: Grassy Surge|[of] p1b: Rillaboom
|turn|2
|
|t:|1757748075
|switch|p2b: Incineroar|Incineroar, L50, M|100/100
|-ability|p2b: Incineroar|Intimidate|boost
|-fail|p1a: Primeape|unboost|[from] item: Clear Amulet|[of] p1a: Primeape
|-unboost|p1b: Rillaboom|atk|1
|detailschange|p2a: Palafin|Palafin-Hero, L50, M
|switch|p2a: Pelipper|Pelipper, L50, F|100/100
|-weather|RainDance|[from] ability: Drizzle|[of] p2a: Pelipper
|move|p1b: Rillaboom|Grassy Glide|p2a: Pelipper
|-damage|p2a: Pelipper|63/100
|move|p1a: Primeape|Rage Fist|p2b: Incineroar
|-resisted|p2b: Incineroar
|-damage|p2b: Incineroar|88/100
|
|-weather|RainDance|[upkeep]
|-heal|p2b: Incineroar|94/100|[from] Grassy Terrain
|upkeep
|turn|3
|
|t:|1757748094
|switch|p1b: Dragonite|Dragonite, L50, F|100/100
|move|p2b: Incineroar|Fake Out|p1b: Dragonite
|-damage|p1b: Dragonite|93/100
|move|p1a: Primeape|Close Combat|p2b: Incineroar
|-supereffective|p2b: Incineroar
|-damage|p2b: Incineroar|0 fnt
|-unboost|p1a: Primeape|def|1
|-unboost|p1a: Primeape|spd|1
|faint|p2b: Incineroar
|move|p2a: Pelipper|Tailwind|p2a: Pelipper
|-sidestart|p2: Appletan|move: Tailwind
|
|-weather|RainDance|[upkeep]
|upkeep
|
|t:|1757748107
|switch|p2b: Dragapult|Dragapult, L50, F, tera:Fairy|68/100
|turn|4
|
|t:|1757748125
|move|p2b: Dragapult|Tera Blast|p1b: Dragonite|[anim] Tera Blast Fairy
|-supereffective|p1b: Dragonite
|-damage|p1b: Dragonite|0 fnt
|faint|p1b: Dragonite
|move|p2a: Pelipper|Weather Ball|p1a: Primeape
|-damage|p1a: Primeape|0 fnt
|faint|p1a: Primeape
|
|-weather|RainDance|[upkeep]
|-heal|p2b: Dragapult|74/100|[from] Grassy Terrain
|upkeep
|
|t:|1757748132
|switch|p1a: Rillaboom|Rillaboom, L50, F|100/100
|turn|5
|
|t:|1757748136
|move|p2b: Dragapult|Tera Blast|p1a: Rillaboom|[anim] Tera Blast Fairy
|-damage|p1a: Rillaboom|58/100
|move|p2a: Pelipper|Hurricane|p1a: Rillaboom
|-supereffective|p1a: Rillaboom
|-damage|p1a: Rillaboom|0 fnt
|faint|p1a: Rillaboom
|
|win|Appletan
||iFlamercenar is ready for game 2.
||Appletan is ready for game 2.
|uhtml|next|Next: Game 2 of 3
|l|☆iFlamercenar
|player|p1|
