|j|☆quecle
|j|☆tailmyroom
|html|quecletailmyroom    
|uhtml|bestof|Game 1 of a best-of-3
|t:|1756302635
|gametype|doubles
|player|p1|quecle|gambler|1293
|player|p2|tailmyroom|scientist-gen4dp|1213
|gen|9
|tier|[Gen 9] VGC 2025 Reg H (Bo3)
|rated|
|rule|Species Clause: Limit one of each Pokémon
|rule|Item Clause: Limit 1 of each item
|clearpoke
|poke|p1|Primarina, L50, M|
|poke|p1|Incineroar, L50, M|
|poke|p1|Rillaboom, L50, F|
|poke|p1|Farigiraf, L50, M|
|poke|p1|Archaludon, L50, M|
|poke|p1|Maushold, L50|
|poke|p2|Gholdengo, L50|
|poke|p2|Sneasler, L50, M|
|poke|p2|Rillaboom, L50, F|
|poke|p2|Dragonite, L50, F|
|poke|p2|Ninetales-Alola, L50, F|
|poke|p2|Arcanine-Hisui, L50, F|
|teampreview|4
|showteam|p1|Primarina||Leftovers|LiquidVoice|Protect,CalmMind,HyperVoice,Moonblast|||M|||50|,,,,,Grass]Incineroar||SafetyGoggles|Intimidate|KnockOff,FlareBlitz,PartingShot,FakeOut|||M|||50|,,,,,Ghost]Rillaboom||SitrusBerry|GrassySurge|WoodHammer,GrassyGlide,Uturn,FakeOut|||F|||50|,,,,,Fire]Farigiraf||ThroatSpray|ArmorTail|HyperVoice,Psychic,TrickRoom,Protect|||M|||50|,,,,,Water]Archaludon||AssaultVest|Stamina|BodyPress,Snarl,HeavySlam,DracoMeteor|||M|||50|,,,,,Grass]Maushold||WideLens|Technician|PopulationBomb,FollowMe,Protect,Encore||||||50|,,,,,Ghost
|showteam|p2|Gholdengo||GrassySeed|GoodasGold|NastyPlot,MakeItRain,ShadowBall,Protect||||||50|,,,,,Water]Sneasler||WhiteHerb|Unburden|CloseCombat,DireClaw,Coaching,Protect|||M|||50|,,,,,Ghost]Rillaboom||AssaultVest|GrassySurge|FakeOut,GrassyGlide,DrumBeating,HighHorsepower|||F|||50|,,,,,Fire]Dragonite||LoadedDice|Multiscale|ScaleShot,StompingTantrum,Tailwind,Protect|||F|||50|,,,,,Ground]Ninetales-Alola||FocusSash|SnowWarning|Blizzard,IcyWind,Encore,AuroraVeil|||F|||50|,,,,,Ghost]Arcanine-Hisui||ClearAmulet|Intimidate|RockSlide,FlareBlitz,ExtremeSpeed,Protect|||F|||50|,,,,,Water
|j| thewanderer55
|
|t:|1756302719
|teamsize|p1|4
|teamsize|p2|4
|start
|switch|p1a: Primarina|Primarina, L50, M|100/100
|switch|p1b: Incineroar|Incineroar, L50, M|100/100
|switch|p2a: Dragonite|Dragonite, L50, F|100/100
|switch|p2b: Sneasler|Sneasler, L50, M|100/100
|-ability|p1b: Incineroar|Intimidate|boost
|-unboost|p2a: Dragonite|atk|1
|-unboost|p2b: Sneasler|atk|1
|-enditem|p2b: Sneasler|White Herb
|-clearnegativeboost|p2b: Sneasler|[silent]
|turn|1
|
|t:|1756302755
|switch|p1a: Archaludon|Archaludon, L50, M|100/100
|move|p1b: Incineroar|Fake Out|p2a: Dragonite
|-damage|p2a: Dragonite|95/100
|move|p2b: Sneasler|Coaching|p2a: Dragonite
|-boost|p2a: Dragonite|atk|1
|-boost|p2a: Dragonite|def|1
|cant|p2a: Dragonite|flinch
|
|upkeep
|turn|2
|
|t:|1756302806
|switch|p1a: Primarina|Primarina, L50, M|100/100
|-terastallize|p2a: Dragonite|Ground
|-terastallize|p1b: Incineroar|Ghost
|move|p2b: Sneasler|Coaching|p2a: Dragonite
|-boost|p2a: Dragonite|atk|1
|-boost|p2a: Dragonite|def|1
|move|p2a: Dragonite|Stomping Tantrum|p1a: Primarina
|-damage|p1a: Primarina|0 fnt
|faint|p1a: Primarina
|move|p1b: Incineroar|Parting Shot|p2a: Dragonite
|-unboost|p2a: Dragonite|atk|1
|-unboost|p2a: Dragonite|spa|1
|
|t:|1756302833
|switch|p1b: Maushold|Maushold, L50|100/100|[from] Parting Shot
|
|upkeep
|
|t:|1756302835
|switch|p1a: Incineroar|Incineroar, L50, M, tera:Ghost|100/100
|-ability|p1a: Incineroar|Intimidate|boost
|-unboost|p2a: Dragonite|atk|1
|-unboost|p2b: Sneasler|atk|1
|turn|3
|
|t:|1756302847
|switch|p2b: Arcanine|Arcanine-Hisui, L50, F|100/100
|-ability|p2b: Arcanine|Intimidate|boost
|-unboost|p1a: Incineroar|atk|1
|-unboost|p1b: Maushold|atk|1
|move|p1a: Incineroar|Fake Out|p2b: Arcanine
|-resisted|p2b: Arcanine
|-damage|p2b: Arcanine|96/100
|move|p1b: Maushold|Encore||[still]
|-fail|p1b: Maushold
|move|p2a: Dragonite|Scale Shot|p1b: Maushold
|-damage|p1b: Maushold|84/100
|-damage|p1b: Maushold|68/100
|-damage|p1b: Maushold|52/100
|-damage|p1b: Maushold|37/100
|-hitcount|p1b: Maushold|4
|-unboost|p2a: Dragonite|def|1
|-boost|p2a: Dragonite|spe|1
|
|upkeep
|turn|4
|
|t:|1756302896
|move|p2a: Dragonite|Tailwind|p2a: Dragonite
|-sidestart|p2: tailmyroom|move: Tailwind
|move|p2b: Arcanine|Rock Slide|p1a: Incineroar|[spread] p1a,p1b
|-damage|p1a: Incineroar|78/100
|-damage|p1b: Maushold|0 fnt
|faint|p1b: Maushold
|move|p1a: Incineroar|Parting Shot|p2b: Arcanine
|-fail|p2b: Arcanine|unboost|[from] item: Clear Amulet|[of] p2b: Arcanine
|
|upkeep
|c|☆quecle|:forfzit
|-message|quecle forfeited.
|
|win|tailmyroom
||quecle is ready for game 2.
||tailmyroom is ready for game 2.
|uhtml|next|Next: Game 2 of 3
