|j|☆Zurneus
|j|☆Im hitman
|html|ZurneusIm hitman    
|uhtml|bestof|Game 2 of a best-of-3
|t:|1756181575
|gametype|doubles
|player|p1|Zurneus|silver|1139
|player|p2|Im hitman|101|1141
|gen|9
|tier|[Gen 9] VGC 2025 Reg H (Bo3)
|rated|
|rule|Species Clause: Limit one of each Pokémon
|rule|Item Clause: Limit 1 of each item
|clearpoke
|poke|p1|Gyarados, L50, F|
|poke|p1|Indeedee, L50, M|
|poke|p1|Volcarona, L50, M|
|poke|p1|Excadrill, L50, F|
|poke|p1|Amoonguss, L50, F|
|poke|p1|Tyranitar, L50, M|
|poke|p2|Breloom, L50, M|
|poke|p2|Volcarona, L50, M|
|poke|p2|Sneasler, L50, M|
|poke|p2|Gyarados, L50, M|
|poke|p2|Gengar, L50, F|
|poke|p2|Archaludon, L50, M|
|teampreview|4
|showteam|p1|Gyarados||SafetyGoggles|Intimidate|Taunt,ThunderWave,Waterfall,Protect|||F|||50|,,,,,Steel]Indeedee||ChoiceScarf|PsychicSurge|DazzlingGleam,TeraBlast,Trick,ExpandingForce|||M|||50|,,,,,Psychic]Volcarona||LifeOrb|FlameBody|HeatWave,Tailwind,TeraBlast,Protect|||M|||50|,,,,,Fairy]Excadrill||ClearAmulet|SandRush|Protect,Earthquake,HighHorsepower,IronHead|||F|||50|,,,,,Ghost]Amoonguss||SitrusBerry|Regenerator|Protect,ClearSmog,RagePowder,Spore|||F|||50|,,,,,Water]Tyranitar||AssaultVest|SandStream|LowKick,TeraBlast,KnockOff,RockSlide|||M|||50|,,,,,Flying
|showteam|p2|Breloom||LoadedDice|Technician|Protect,BulletSeed,MachPunch,Spore|||M|||50|,,,,,Grass]Volcarona||SitrusBerry|FlameBody|RagePowder,Tailwind,QuiverDance,FieryDance|||M|||50|,,,,,Fairy]Sneasler||FocusSash|Unburden|DireClaw,Protect,ThroatChop,CloseCombat|||M|||50|,,,,,Stellar]Gyarados||ChoiceBand|Intimidate|TeraBlast,Waterfall,IronHead,Earthquake|||M|||50|,,,,,Flying]Gengar||LifeOrb|CursedBody|Protect,ShadowBall,Encore,SludgeBomb|||F|||50|,,,,,Ghost]Archaludon||PowerHerb|Sturdy|ElectroShot,Protect,DragonPulse,FlashCannon|||M|||50|,,,,,Electric
|inactive|Battle timer is ON: inactive players will automatically lose when time's up. (requested by Im hitman)
|
|t:|1756181595
|teamsize|p1|4
|teamsize|p2|4
|start
|switch|p1a: Indeedee|Indeedee, L50, M|100/100
|switch|p1b: Excadrill|Excadrill, L50, F|100/100
|switch|p2a: Gyarados|Gyarados, L50, M, shiny|100/100
|switch|p2b: Sneasler|Sneasler, L50, M|100/100
|-fieldstart|move: Psychic Terrain|[from] ability: Psychic Surge|[of] p1a: Indeedee
|-ability|p2a: Gyarados|Intimidate|boost
|-unboost|p1a: Indeedee|atk|1
|-fail|p1b: Excadrill|unboost|[from] item: Clear Amulet|[of] p1b: Excadrill
|turn|1
|inactive|Zurneus has 30 seconds left.
|
|t:|1756181630
|-terastallize|p1b: Excadrill|Ghost
|move|p1a: Indeedee|Expanding Force|p2b: Sneasler|[spread] p2a,p2b
|-supereffective|p2b: Sneasler
|-damage|p2a: Gyarados|40/100
|-enditem|p2b: Sneasler|Focus Sash
|-damage|p2b: Sneasler|1/100
|move|p2b: Sneasler|Throat Chop|p1a: Indeedee
|-supereffective|p1a: Indeedee
|-damage|p1a: Indeedee|0 fnt
|faint|p1a: Indeedee
|move|p2a: Gyarados|Waterfall|p1b: Excadrill
|-damage|p1b: Excadrill|25/100
|move|p1b: Excadrill|High Horsepower|p2b: Sneasler
|-supereffective|p2b: Sneasler
|-damage|p2b: Sneasler|0 fnt
|faint|p2b: Sneasler
|
|upkeep
|
|t:|1756181648
|switch|p2b: Archaludon|Archaludon, L50, M|100/100
|switch|p1a: Tyranitar|Tyranitar, L50, M|100/100
|-weather|Sandstorm|[from] ability: Sand Stream|[of] p1a: Tyranitar
|turn|2
|
|t:|1756181659
|move|p1b: Excadrill|High Horsepower|p2b: Archaludon|[miss]
|-miss|p1b: Excadrill|p2b: Archaludon
|move|p2b: Archaludon|Electro Shot||[still]
|-prepare|p2b: Archaludon|Electro Shot
|-boost|p2b: Archaludon|spa|1
|-enditem|p2b: Archaludon|Power Herb
|-anim|p2b: Archaludon|Electro Shot|p1b: Excadrill
|-damage|p1b: Excadrill|0 fnt
|faint|p1b: Excadrill
|move|p2a: Gyarados|Waterfall|p1a: Tyranitar
|-supereffective|p1a: Tyranitar
|-damage|p1a: Tyranitar|4/100
|move|p1a: Tyranitar|Rock Slide|p2a: Gyarados|[spread] p2a,p2b
|-supereffective|p2a: Gyarados
|-resisted|p2b: Archaludon
|-damage|p2a: Gyarados|0 fnt
|-damage|p2b: Archaludon|86/100
|faint|p2a: Gyarados
|
|-weather|Sandstorm|[upkeep]
|upkeep
|
|t:|1756181675
|switch|p2a: Gengar|Gengar, L50, F|100/100
|switch|p1b: Volcarona|Volcarona, L50, M|100/100
|turn|3
|
|t:|1756181683
|move|p2a: Gengar|Shadow Ball|p1a: Tyranitar
|-resisted|p1a: Tyranitar
|-crit|p1a: Tyranitar
|-damage|p1a: Tyranitar|0 fnt
|faint|p1a: Tyranitar
|-damage|p2a: Gengar|91/100|[from] item: Life Orb
|move|p2b: Archaludon|Dragon Pulse|p1b: Volcarona
|-damage|p1b: Volcarona|35/100
|move|p1b: Volcarona|Heat Wave|p2b: Archaludon|[spread] p2a,p2b
|-damage|p2a: Gengar|12/100
|-damage|p2b: Archaludon|11/100
|-status|p2a: Gengar|brn
|-damage|p1b: Volcarona|26/100|[from] item: Life Orb
|
|-weather|Sandstorm|[upkeep]
|-damage|p2a: Gengar|6/100 brn|[from] Sandstorm
|-damage|p1b: Volcarona|19/100|[from] Sandstorm
|-damage|p2a: Gengar|0 fnt|[from] brn
|faint|p2a: Gengar
|upkeep
|turn|4
|
|t:|1756181701
|move|p2b: Archaludon|Dragon Pulse|p1b: Volcarona
|-damage|p1b: Volcarona|0 fnt
|faint|p1b: Volcarona
|
|win|Im hitman
||Zurneus is ready for game 3.
|l|☆Im hitman
|player|p2|
||Im hitman is ready for game 3.
|uhtml|next|Next: Game 3 of 3
