|j|☆linolino
|j|☆Scoseb
|html|linolinoScoseb    
|uhtml|bestof|Game 1 of a best-of-3
|t:|1784651890
|gametype|doubles
|player|p1|linolino|1|1155
|player|p2|Scoseb|brycenman|1254
|gen|9
|tier|[Gen 9 Champions] VGC 2026 Reg M-B (Bo3)
|rated|
|rule|Species Clause: Limit one of each Pokémon
|rule|Item Clause: Limit 1 of each item
|clearpoke
|poke|p1|Grimmsnarl, L50, M|
|poke|p1|Garchomp, L50, M|
|poke|p1|Torkoal, L50, F|
|poke|p1|Incineroar, L50, M|
|poke|p1|Basculegion, L50, M|
|poke|p1|Venusaur, L50, F|
|poke|p2|Gholdengo, L50|
|poke|p2|Zoroark-Hisui, L50, F|
|poke|p2|Incineroar, L50, M|
|poke|p2|Whimsicott, L50, M|
|poke|p2|Staraptor, L50, F|
|poke|p2|Garchomp, L50, M|
|teampreview|4
|showteam|p1|Grimmsnarl||LightClay|Prankster|LightScreen,Reflect,SpiritBreak,PartingShot|Careful||M|||50|]Garchomp||LifeOrb|RoughSkin|Protect,DragonClaw,RockSlide,StompingTantrum|Jolly||M|||50|]Torkoal||Charcoal|Drought|Protect,WeatherBall,HelpingHand,HeatWave|Quiet||F|||50|]Incineroar||SitrusBerry|Intimidate|FakeOut,FlareBlitz,PartingShot,DarkestLariat|Adamant||M|||50|]Basculegion||ChoiceScarf|Adaptability|AquaJet,FlipTurn,WaveCrash,LastRespects|Jolly||M|||50|]Venusaur||Venusaurite|Chlorophyll|GigaDrain,Protect,EarthPower,SludgeBomb|Modest||F|||50|
|showteam|p2|Gholdengo||LifeOrb|GoodasGold|PowerGem,Protect,MakeItRain,ShadowBall|Modest|||||50|]Zoroark-Hisui||FocusSash|Illusion|Taunt,IcyWind,FakeTears,BitterMalice|Timid||F|||50|]Incineroar||SitrusBerry|Intimidate|FakeOut,PartingShot,FlareBlitz,DarkestLariat|Careful||M|||50|]Whimsicott||FairyFeather|Prankster|Moonblast,Tailwind,Charm,Encore|Modest||M|||50|]Staraptor||Staraptite|Reckless|CloseCombat,Protect,BraveBird,Roost|Jolly||F|||50|]Garchomp||Garchompite|RoughSkin|Protect,Earthquake,DragonClaw,RockSlide|Adamant||M|||50|
|inactive|Battle timer is ON: inactive players will automatically lose when time's up. (requested by Scoseb)
|inactive|linolino has 60 seconds left.
|inactive|Scoseb has 60 seconds left.
|inactive|linolino has 30 seconds left.
|inactive|linolino has 20 seconds left.
|inactive|linolino has 15 seconds left.
|inactive|linolino has 10 seconds left.
|inactive|linolino has 5 seconds left.
|
|t:|1784651980
|teamsize|p1|4
|teamsize|p2|4
|start
|switch|p1a: Grimmsnarl|Grimmsnarl, L50, M|100/100
|switch|p1b: Garchomp|Garchomp, L50, M|100/100
|switch|p2a: Garchomp|Garchomp, L50, M|100/100
|switch|p2b: Gholdengo|Gholdengo, L50|100/100
|turn|1
|
|t:|1784652004
|move|p1b: Garchomp|Protect|p1b: Garchomp
|-singleturn|p1b: Garchomp|Protect
|move|p2a: Garchomp|Icy Wind|p1a: Grimmsnarl|[spread] p1a
|-activate|p1b: Garchomp|move: Protect
|-crit|p1a: Grimmsnarl
|-damage|p1a: Grimmsnarl|79/100
|-unboost|p1a: Grimmsnarl|spe|1
|move|p2b: Gholdengo|Shadow Ball|p1b: Garchomp
|-activate|p1b: Garchomp|move: Protect
|move|p1a: Grimmsnarl|Spirit Break|p2a: Garchomp
|-damage|p2a: Garchomp|37/100
|-unboost|p2a: Garchomp|spa|1
|replace|p2a: Zoroark|Zoroark-Hisui, L50, F
|-end|p2a: Zoroark|Illusion
|
|upkeep
|turn|2
|inactive|linolino has 30 seconds left.
|
|t:|1784652032
|move|p2b: Gholdengo|Protect|p2b: Gholdengo
|-singleturn|p2b: Gholdengo|Protect
|move|p1a: Grimmsnarl|Parting Shot|p2a: Zoroark
|-unboost|p2a: Zoroark|atk|1
|-unboost|p2a: Zoroark|spa|1
|
|t:|1784652038
|switch|p1a: Torkoal|Torkoal, L50, F|100/100|[from] Parting Shot
|-weather|SunnyDay|[from] ability: Drought|[of] p1a: Torkoal
|move|p2a: Zoroark|Icy Wind|p1a: Torkoal|[spread] p1a,p1b
|-resisted|p1a: Torkoal|1
|-supereffective|p1b: Garchomp|2
|-damage|p1a: Torkoal|95/100
|-damage|p1b: Garchomp|67/100
|-unboost|p1a: Torkoal|spe|1
|-unboost|p1b: Garchomp|spe|1
|move|p1b: Garchomp|Stomping Tantrum|p2b: Gholdengo
|-activate|p2b: Gholdengo|move: Protect
|
|-weather|SunnyDay|[upkeep]
|upkeep
|turn|3
|
|t:|1784652056
|switch|p1b: Grimmsnarl|Grimmsnarl, L50, M|79/100
|move|p2a: Zoroark|Fake Tears|p1a: Torkoal
|-unboost|p1a: Torkoal|spd|2
|move|p2b: Gholdengo|Power Gem|p1a: Torkoal
|-supereffective|p1a: Torkoal|1
|-damage|p1a: Torkoal|0 fnt
|faint|p1a: Torkoal
|-damage|p2b: Gholdengo|90/100|[from] item: Life Orb
|
|-weather|SunnyDay|[upkeep]
|upkeep
|
|t:|1784652069
|switch|p1a: Incineroar|Incineroar, L50, M|100/100
|-ability|p1a: Incineroar|Intimidate|boost
|-unboost|p2a: Zoroark|atk|1
|-unboost|p2b: Gholdengo|atk|1
|turn|4
|
|t:|1784652080
|move|p2a: Zoroark|Fake Tears|p1a: Incineroar
|-unboost|p1a: Incineroar|spd|2
|move|p2b: Gholdengo|Power Gem|p1a: Incineroar
|-supereffective|p1a: Incineroar|1
|-damage|p1a: Incineroar|0 fnt
|faint|p1a: Incineroar
|-damage|p2b: Gholdengo|80/100|[from] item: Life Orb
|move|p1b: Grimmsnarl|Spirit Break|p2a: Zoroark
|-damage|p2a: Zoroark|0 fnt
|faint|p2a: Zoroark
|
|-weather|SunnyDay|[upkeep]
|upkeep
|l|☆linolino
|inactive|linolino disconnected and has a minute to reconnect!
|player|p1|
|inactive|linolino has 30 seconds left.
|inactive|linolino has 20 seconds left.
|inactive|linolino has 15 seconds left.
|inactive|linolino has 10 seconds left.
|inactive|linolino has 5 seconds left.
|-message|linolino lost due to inactivity.
|
|win|Scoseb
