|j|☆bumbumsujo
|j|☆failandimprove3
|html|bumbumsujofailandimprove3    
|uhtml|bestof|Game 2 of a best-of-3
|t:|1784318518
|gametype|doubles
|player|p1|bumbumsujo|lucas|1492
|player|p2|failandimprove3|265|1480
|gen|9
|tier|[Gen 9 Champions] VGC 2026 Reg M-B (Bo3)
|rated|
|rule|Species Clause: Limit one of each Pokémon
|rule|Item Clause: Limit 1 of each item
|clearpoke
|poke|p1|Gardevoir, L50, M|
|poke|p1|Basculegion, L50, M|
|poke|p1|Talonflame, L50, M|
|poke|p1|Maushold, L50|
|poke|p1|Kingambit, L50, F|
|poke|p1|Kommo-o, L50, M|
|poke|p2|Tyranitar, L50, M|
|poke|p2|Staraptor, L50, M|
|poke|p2|Excadrill, L50, F|
|poke|p2|Sinistcha, L50|
|poke|p2|Gholdengo, L50|
|poke|p2|Milotic, L50, M|
|teampreview|4
|showteam|p1|Gardevoir||Gardevoirite|Trace|HyperVoice,Psychic,Thunderbolt,Protect|Modest||M|||50|]Basculegion||ChoiceScarf|Adaptability|WaveCrash,LastRespects,FlipTurn,AquaJet|Jolly||M|||50|]Talonflame||SharpBeak|GaleWings|DualWingbeat,FlareBlitz,Tailwind,Protect|Jolly||M|||50|]Maushold||FocusSash|FriendGuard|SuperFang,Feint,FollowMe,Protect|Jolly|||||50|]Kingambit||ExpertBelt|Defiant|KowtowCleave,SuckerPunch,IronHead,LowKick|Jolly||F|||50|]Kommo-o||LifeOrb|Soundproof|ClangingScales,DracoMeteor,AuraSphere,Protect|Modest||M|||50|
|showteam|p2|Tyranitar||Tyranitarite|SandStream|KnockOff,RockSlide,LowKick,Protect|Adamant||M|||50|]Staraptor||Staraptite|Intimidate|BraveBird,CloseCombat,Tailwind,Protect|Jolly||M|||50|]Excadrill||FocusSash|SandRush|HighHorsepower,IronHead,RockSlide,Protect|Adamant||F|||50|]Sinistcha||SitrusBerry|Hospitality|MatchaGotcha,RagePowder,TrickRoom,Protect|Calm|||||50|]Gholdengo||LifeOrb|GoodasGold|MakeItRain,ShadowBall,NastyPlot,Protect|Timid|||||50|]Milotic||Leftovers|Competitive|Scald,Haze,IcyWind,Protect|Modest||M|||50|
|inactive|Battle timer is ON: inactive players will automatically lose when time's up. (requested by failandimprove3)
|inactive|failandimprove3 has 60 seconds left.
|inactive|failandimprove3 has 30 seconds left.
|inactive|failandimprove3 has 20 seconds left.
|
|t:|1784318589
|teamsize|p1|4
|teamsize|p2|4
|start
|switch|p1a: Kingambit|Kingambit, L50, F|100/100
|switch|p1b: Talonflame|Talonflame, L50, M|100/100
|switch|p2a: Staraptor|Staraptor, L50, M|100/100
|switch|p2b: Gholdengo|Gholdengo, L50|100/100
|-ability|p2a: Staraptor|Intimidate|boost
|-unboost|p1a: Kingambit|atk|1
|-ability|p1a: Kingambit|Defiant|boost
|-boost|p1a: Kingambit|atk|2
|-unboost|p1b: Talonflame|atk|1
|turn|1
|inactive|failandimprove3 has 30 seconds left.
|
|t:|1784318621
|detailschange|p2a: Staraptor|Staraptor-Mega, L50, M
|-mega|p2a: Staraptor|Staraptor|Staraptite
|move|p1b: Talonflame|Tailwind|p1b: Talonflame
|-sidestart|p1: bumbumsujo|move: Tailwind
|move|p1a: Kingambit|Iron Head|p2a: Staraptor
|-damage|p2a: Staraptor|38/100
|move|p2a: Staraptor|Close Combat|p1a: Kingambit
|-supereffective|p1a: Kingambit|2
|-damage|p1a: Kingambit|0 fnt
|-boost|p2a: Staraptor|def|1
|-boost|p2a: Staraptor|spd|1
|faint|p1a: Kingambit
|move|p2b: Gholdengo|Shadow Ball|p1b: Talonflame
|-damage|p1b: Talonflame|16/100
|-damage|p2b: Gholdengo|90/100|[from] item: Life Orb
|
|upkeep
|
|t:|1784318637
|switch|p1a: Kommo-o|Kommo-o, L50, M|100/100
|turn|2
|inactive|failandimprove3 has 30 seconds left.
|
|t:|1784318666
|move|p2a: Staraptor|Protect|p2a: Staraptor
|-singleturn|p2a: Staraptor|Protect
|move|p1b: Talonflame|Dual Wingbeat|p2a: Staraptor
|-activate|p2a: Staraptor|move: Protect
|move|p1a: Kommo-o|Clanging Scales|p2a: Staraptor|[spread] p2b
|-activate|p2a: Staraptor|move: Protect
|-resisted|p2b: Gholdengo|1
|-damage|p2b: Gholdengo|60/100
|-unboost|p1a: Kommo-o|def|1
|-damage|p1a: Kommo-o|90/100|[from] item: Life Orb
|move|p2b: Gholdengo|Shadow Ball|p1a: Kommo-o
|-damage|p1a: Kommo-o|32/100
|-damage|p2b: Gholdengo|50/100g|[from] item: Life Orb
|
|upkeep
|turn|3
|
|t:|1784318682
|move|p1b: Talonflame|Flare Blitz|p2b: Gholdengo
|-supereffective|p2b: Gholdengo|1
|-damage|p2b: Gholdengo|0 fnt
|faint|p2b: Gholdengo
|-damage|p1b: Talonflame|0 fnt|[from] Recoil
|faint|p1b: Talonflame
|move|p1a: Kommo-o|Draco Meteor|p2a: Staraptor|[miss]
|-miss|p1a: Kommo-o|p2a: Staraptor
|move|p2a: Staraptor|Tailwind|p2a: Staraptor
|-sidestart|p2: failandimprove3|move: Tailwind
|
|upkeep
|-message|bumbumsujo forfeited.
|raw|bumbumsujo's rating: 1492 → 1471(-21 for losing)
|raw|failandimprove3's rating: 1480 → 1501(+21 for winning)
|
|win|failandimprove3
