|j|☆AydenFinn12
|j|‽LorGhez
|html|AydenFinn12LorGhez    
|uhtml|bestof|Game 1 of a best-of-3
|t:|1784225341
|gametype|doubles
|player|p1|AydenFinn12|170|1124
|player|p2|LorGhez|170|1104
|gen|9
|tier|[Gen 9 Champions] VGC 2026 Reg M-B (Bo3)
|rated|
|rule|Species Clause: Limit one of each Pokémon
|rule|Item Clause: Limit 1 of each item
|clearpoke
|poke|p1|Charizard, L50, M, shiny|
|poke|p1|Venusaur, L50, M, shiny|
|poke|p1|Toxapex, L50, M, shiny|
|poke|p1|Incineroar, L50, M, shiny|
|poke|p1|Annihilape, L50, M, shiny|
|poke|p1|Garchomp, L50, M, shiny|
|poke|p2|Venusaur, L50, M|
|poke|p2|Incineroar, L50, M|
|poke|p2|Primarina, L50, F|
|poke|p2|Aerodactyl, L50, F|
|poke|p2|Archaludon, L50, M|
|poke|p2|Farigiraf, L50, M|
|teampreview|4
|showteam|p1|Charizard||CharizarditeY|Blaze|HeatWave,SolarBeam,WeatherBall,Protect|Modest||M|||50|]Venusaur||LifeOrb|Chlorophyll|SludgeBomb,SolarBeam,EarthPower,Protect|Modest||M|||50|]Toxapex||Leftovers|Regenerator|Infestation,Toxic,WideGuard,BanefulBunker|Bold||M|||50|]Incineroar||SitrusBerry|Intimidate|FlareBlitz,ThroatChop,PartingShot,FakeOut|Impish||M|||50|]Annihilape||FocusSash|Defiant|PhantomForce,CloseCombat,RockTomb,Protect|Jolly||M|||50|]Garchomp||ChoiceScarf|RoughSkin|StompingTantrum,DragonClaw,Earthquake,RockSlide|Adamant||M|||50|
|showteam|p2|Venusaur||Venusaurite|Chlorophyll|Protect,GigaDrain,SludgeBomb,EarthPower|Modest||M|||50|]Incineroar||SitrusBerry|Intimidate|FakeOut,PartingShot,DarkestLariat,FlareBlitz|Careful||M|||50|]Primarina||LifeOrb|LiquidVoice|Protect,CalmMind,HyperVoice,Moonblast|Modest||F|||50|]Aerodactyl||Aerodactylite|Unnerve|Tailwind,IceFang,DualWingbeat,RockSlide|Adamant||F|||50|]Archaludon||Leftovers|Stamina|Protect,ElectroShot,Snarl,DragonPulse|Calm||M|||50|]Farigiraf||ColburBerry|ArmorTail|PsychicFangs,TrickRoom,RainDance,HelpingHand|Sassy||M|||50|
|inactive|Battle timer is ON: inactive players will automatically lose when time's up. (requested by LorGhez)
|inactive|AydenFinn12 has 60 seconds left.
|inactive|LorGhez has 60 seconds left.
|inactive|LorGhez has 30 seconds left.
|inactive|LorGhez has 20 seconds left.
|inactive|LorGhez has 15 seconds left.
|
|t:|1784225431
|teamsize|p1|4
|teamsize|p2|4
|start
|switch|p1a: Incineroar|Incineroar, L50, M, shiny|100/100
|switch|p1b: Annihilape|Annihilape, L50, M, shiny|100/100
|switch|p2a: Aerodactyl|Aerodactyl, L50, F|100/100
|switch|p2b: Incineroar|Incineroar, L50, M|100/100
|-ability|p2a: Aerodactyl|Unnerve
|-ability|p2b: Incineroar|Intimidate|boost
|-unboost|p1a: Incineroar|atk|1
|-unboost|p1b: Annihilape|atk|1
|-ability|p1b: Annihilape|Defiant|boost
|-boost|p1b: Annihilape|atk|2
|-ability|p1a: Incineroar|Intimidate|boost
|-unboost|p2a: Aerodactyl|atk|1
|-unboost|p2b: Incineroar|atk|1
|turn|1
|inactive|AydenFinn12 has 30 seconds left.
|inactive|LorGhez has 30 seconds left.
|inactive|AydenFinn12 has 20 seconds left.
|inactive|LorGhez has 20 seconds left.
|inactive|AydenFinn12 has 15 seconds left.
|inactive|LorGhez has 15 seconds left.
|inactive|AydenFinn12 has 10 seconds left.
|inactive|LorGhez has 10 seconds left.
|inactive|AydenFinn12 has 5 seconds left.
|
|t:|1784225483
|switch|p2b: Venusaur|Venusaur, L50, M|100/100
|switch|p1a: Venusaur|Venusaur, L50, M, shiny|100/100
|detailschange|p2a: Aerodactyl|Aerodactyl-Mega, L50, F
|-mega|p2a: Aerodactyl|Aerodactyl|Aerodactylite
|move|p2a: Aerodactyl|Dual Wingbeat|p1b: Annihilape
|-supereffective|p1b: Annihilape|1
|-damage|p1b: Annihilape|55/100
|-supereffective|p1b: Annihilape|1
|-damage|p1b: Annihilape|6/100
|-hitcount|p1b: Annihilape|2
|move|p1b: Annihilape|Close Combat|p2b: Venusaur
|-resisted|p2b: Venusaur|1
|-damage|p2b: Venusaur|56/100
|-unboost|p1b: Annihilape|def|1
|-unboost|p1b: Annihilape|spd|1
|
|upkeep
|turn|2
|inactive|AydenFinn12 has 30 seconds left.
|inactive|LorGhez has 30 seconds left.
|inactive|LorGhez has 20 seconds left.
|inactive|AydenFinn12 has 20 seconds left.
|inactive|LorGhez has 15 seconds left.
|inactive|AydenFinn12 has 15 seconds left.
|inactive|LorGhez has 10 seconds left.
|inactive|AydenFinn12 has 10 seconds left.
|
|t:|1784225535
|switch|p1a: Incineroar|Incineroar, L50, M, shiny|100/100
|-ability|p1a: Incineroar|Intimidate|boost
|-unboost|p2a: Aerodactyl|atk|1
|-unboost|p2b: Venusaur|atk|1
|move|p1b: Annihilape|Protect|p1b: Annihilape
|-singleturn|p1b: Annihilape|Protect
|move|p2a: Aerodactyl|Tailwind|p2a: Aerodactyl
|-sidestart|p2: LorGhez|move: Tailwind
|move|p2b: Venusaur|Earth Power|p1b: Annihilape
|-activate|p1b: Annihilape|move: Protect
|
|upkeep
|turn|3
|inactive|AydenFinn12 has 30 seconds left.
|inactive|AydenFinn12 has 20 seconds left.
|
|t:|1784225571
|switch|p1b: Charizard|Charizard, L50, M, shiny|100/100
|move|p2a: Aerodactyl|Rock Slide|p1a: Incineroar|[spread] p1a,p1b
|-supereffective|p1a: Incineroar|1
|-supereffective|p1b: Charizard|2
|-damage|p1a: Incineroar|72/100
|-damage|p1b: Charizard|37/100
|move|p2b: Venusaur|Earth Power|p1b: Charizard
|-immune|p1b: Charizard
|move|p1a: Incineroar|Parting Shot|p2b: Venusaur
|-unboost|p2b: Venusaur|atk|1
|-unboost|p2b: Venusaur|spa|1
|
|t:|1784225590
|switch|p1a: Venusaur|Venusaur, L50, M, shiny|100/100|[from] Parting Shot
|
|upkeep
|turn|4
|inactive|LorGhez has 30 seconds left.
|
|t:|1784225616
|detailschange|p1b: Charizard|Charizard-Mega-Y, L50, M, shiny
|-mega|p1b: Charizard|Charizard|Charizardite Y
|-weather|SunnyDay|[from] ability: Drought|[of] p1b: Charizard
|move|p1b: Charizard|Protect|p1b: Charizard
|-singleturn|p1b: Charizard|Protect
|move|p2a: Aerodactyl|Dual Wingbeat|p1a: Venusaur
|-supereffective|p1a: Venusaur|1
|-damage|p1a: Venusaur|57/100
|-supereffective|p1a: Venusaur|1
|-damage|p1a: Venusaur|18/100
|-hitcount|p1a: Venusaur|2
|move|p2b: Venusaur|Sludge Bomb|p1a: Venusaur
|-damage|p1a: Venusaur|0 fnt
|faint|p1a: Venusaur
|
|-weather|SunnyDay|[upkeep]
|upkeep
|-message|AydenFinn12 forfeited.
|
|win|LorGhez
||AydenFinn12 is ready for game 2.
||LorGhez is ready for game 2.
|uhtml|next|Next: Game 2 of 3
|l|☆AydenFinn12
|player|p1|
