|j|☆littlemungil
|j|☆Chocokoala VGC
|html|littlemungilChocokoala VGC    
|uhtml|bestof|Game 1 of a best-of-3
|t:|1782490966
|gametype|doubles
|player|p1|littlemungil|1|1097
|player|p2|Chocokoala VGC|aaron|1220
|gen|9
|tier|[Gen 9 Champions] VGC 2026 Reg M-B (Bo3)
|rated|
|rule|Species Clause: Limit one of each Pokémon
|rule|Item Clause: Limit 1 of each item
|clearpoke
|poke|p1|Staraptor, L50, M|
|poke|p1|Grimmsnarl, L50, M|
|poke|p1|Talonflame, L50, M|
|poke|p1|Heliolisk, L50, F|
|poke|p1|Raichu, L50, M|
|poke|p1|Dragapult, L50, F|
|poke|p2|Scrafty, L50, M, shiny|
|poke|p2|Farigiraf, L50, M|
|poke|p2|Whimsicott, L50, F|
|poke|p2|Gholdengo, L50|
|poke|p2|Raichu, L50, M, shiny|
|poke|p2|Mamoswine, L50, F|
|teampreview|4
|showteam|p1|Staraptor||Staraptite|Intimidate|Uturn,CloseCombat,DualWingbeat,Protect|Jolly||M|||50|]Grimmsnarl||FocusSash|Prankster|Protect,PlayRough,PartingShot,ScaryFace|Careful||M|||50|]Talonflame||BrightPowder|GaleWings|FeatherDance,Protect,DualWingbeat,Roost|Jolly||M|||50|]Heliolisk||ChoiceScarf|SolarPower|GrassKnot,LowKick,Discharge,WeatherBall|Hasty||F|||50|]Raichu||RaichuniteY|LightningRod|GrassKnot,FocusPunch,ZapCannon,FakeOut|Hasty||M|||50|]Dragapult||LifeOrb|ClearBody|DragonDarts,DragonTail,PhantomForce,SunnyDay|Jolly||F|||50|
|showteam|p2|Scrafty||Scraftinite|Intimidate|FakeOut,KnockOff,Protect,DrainPunch|Adamant||M|||50|]Farigiraf||SitrusBerry|ArmorTail|Psychic,HelpingHand,Protect,TrickRoom|Bold||M|||50|]Whimsicott||FairyFeather|Prankster|Tailwind,FakeTears,Encore,Moonblast|Timid||F|||50|]Gholdengo||LifeOrb|GoodasGold|MakeItRain,ShadowBall,Protect,NastyPlot|Modest|||||50|]Raichu||RaichuniteY|LightningRod|ZapCannon,FocusBlast,Protect,GrassKnot|Timid||M|||50|]Mamoswine||FocusSash|Oblivious|IceShard,HighHorsepower,Protect,IcicleCrash|Adamant||F|||50|
|inactive|Battle timer is ON: inactive players will automatically lose when time's up. (requested by Chocokoala VGC)
|inactive|littlemungil has 60 seconds left.
|inactive|Chocokoala VGC has 60 seconds left.
|inactive|Chocokoala VGC has 30 seconds left.
|
|t:|1782491028
|teamsize|p1|4
|teamsize|p2|4
|start
|switch|p1a: Staraptor|Staraptor, L50, M|100/100
|switch|p1b: Talonflame|Talonflame, L50, M|100/100
|switch|p2a: Whimsicott|Whimsicott, L50, F|100/100
|switch|p2b: Gholdengo|Gholdengo, L50|100/100
|-ability|p1a: Staraptor|Intimidate|boost
|-unboost|p2a: Whimsicott|atk|1
|-unboost|p2b: Gholdengo|atk|1
|turn|1
|inactive|littlemungil has 30 seconds left.
|
|t:|1782491063
|detailschange|p1a: Staraptor|Staraptor-Mega, L50, M
|-mega|p1a: Staraptor|Staraptor|Staraptite
|move|p1b: Talonflame|Feather Dance|p1a: Staraptor
|-boost|p1a: Staraptor|atk|2
|move|p2a: Whimsicott|Tailwind|p2a: Whimsicott
|-sidestart|p2: Chocokoala VGC|move: Tailwind
|move|p2b: Gholdengo|Shadow Ball|p1a: Staraptor
|-damage|p1a: Staraptor|26/100
|-boost|p1a: Staraptor|spd|1
|-damage|p2b: Gholdengo|90/100|[from] item: Life Orb
|move|p1a: Staraptor|Dual Wingbeat|p2a: Whimsicott
|-supereffective|p2a: Whimsicott|1
|-damage|p2a: Whimsicott|0 fnt
|faint|p2a: Whimsicott
|-hitcount|p2: Whimsicott|1
|
|upkeep
|
|t:|1782491083
|switch|p2a: Mamoswine|Mamoswine, L50, F|100/100
|turn|2
|
|t:|1782491101
|switch|p1b: Dragapult|Dragapult, L50, F|100/100
|move|p1a: Staraptor|Protect|p1a: Staraptor
|-singleturn|p1a: Staraptor|Protect
|move|p2a: Mamoswine|Ice Shard|p1a: Staraptor
|-activate|p1a: Staraptor|move: Protect
|move|p2b: Gholdengo|Nasty Plot|p2b: Gholdengo
|-boost|p2b: Gholdengo|spa|2
|
|upkeep
|turn|3
|
|t:|1782491125
|switch|p1a: Heliolisk|Heliolisk, L50, F|100/100
|move|p2a: Mamoswine|Icicle Crash|p1a: Heliolisk
|-damage|p1a: Heliolisk|0 fnt
|faint|p1a: Heliolisk
|move|p2b: Gholdengo|Shadow Ball|p1b: Dragapult
|-supereffective|p1b: Dragapult|1
|-damage|p1b: Dragapult|0 fnt
|faint|p1b: Dragapult
|-damage|p2b: Gholdengo|81/100|[from] item: Life Orb
|
|upkeep
|-message|littlemungil forfeited.
|raw|littlemungil's rating: 1097 → 1081(-16 for losing)
|raw|Chocokoala VGC's rating: 1220 → 1237(+17 for winning)
|
|win|Chocokoala VGC
