|j|☆Capravolante97
|j|☆Maybe ALTcom
|html|Capravolante97Maybe ALTcom    
|uhtml|bestof|Game 2 of a best-of-3
|t:|1756743694
|gametype|doubles
|player|p1|Capravolante97|fantina|1284
|player|p2|Maybe ALTcom|170|1169
|gen|9
|tier|[Gen 9] VGC 2025 Reg H (Bo3)
|rated|
|rule|Species Clause: Limit one of each Pokémon
|rule|Item Clause: Limit 1 of each item
|clearpoke
|poke|p1|Whimsicott, L50, F|
|poke|p1|Meowscarada, L50, M|
|poke|p1|Indeedee, L50, M|
|poke|p1|Sneasler, L50, F|
|poke|p1|Ursaluna-Bloodmoon, L50, M|
|poke|p1|Archaludon, L50, F|
|poke|p2|Palafin, L50, F|
|poke|p2|Gholdengo, L50|
|poke|p2|Incineroar, L50, M|
|poke|p2|Rillaboom, L50, M|
|poke|p2|Pelipper, L50, M|
|poke|p2|Kingambit, L50, F|
|teampreview|4
|showteam|p1|Whimsicott||CovertCloak|Prankster|Moonblast,Taunt,Tailwind,FakeTears|||F|||50|,,,,,Water]Meowscarada||ChoiceBand|Protean|FlowerTrick,TripleAxel,Uturn,KnockOff|||M|||50|,,,,,Ghost]Indeedee||FocusSash|PsychicSurge|ExpandingForce,TeraBlast,Imprison,TrickRoom|||M|||50|,,,,,Psychic]Sneasler||PsychicSeed|Unburden|CloseCombat,DireClaw,ThroatChop,Protect|||F|||50|,,,,,Dark]Ursaluna-Bloodmoon||LifeOrb|MindsEye|HyperVoice,BloodMoon,EarthPower,Protect|||M|||50|,,,,,Normal]Archaludon||PowerHerb|Stalwart|ElectroShot,DragonPulse,Thunderbolt,Protect|||F|||50|,,,,,Electric
|showteam|p2|Palafin||MysticWater|ZerotoHero|Protect,WaveCrash,JetPunch,CloseCombat|||F|||50|,,,,,Fighting]Gholdengo||ChoiceSpecs|GoodasGold|Trick,PowerGem,MakeItRain,ShadowBall||||||50|,,,,,Steel]Incineroar||SafetyGoggles|Intimidate|FakeOut,FlareBlitz,KnockOff,PartingShot|||M|||50|,,,,,Grass]Rillaboom||AssaultVest|GrassySurge|WoodHammer,HighHorsepower,GrassyGlide,FakeOut|||M|||50|,,,,,Fire]Pelipper||FocusSash|Drizzle|Protect,Tailwind,WeatherBall,Hurricane|||M|||50|,,,,,Ghost]Kingambit||BlackGlasses|Defiant|Protect,SwordsDance,KowtowCleave,SuckerPunch|||F|||50|,,,,,Dark
|inactive|Battle timer is ON: inactive players will automatically lose when time's up. (requested by Capravolante97)
|inactive|Capravolante97 has 60 seconds left.
|inactive|Maybe ALTcom has 60 seconds left.
|inactive|Maybe ALTcom has 30 seconds left.
|inactive|Maybe ALTcom has 20 seconds left.
|inactive|Maybe ALTcom has 15 seconds left.
|inactive|Maybe ALTcom has 10 seconds left.
|inactive|Maybe ALTcom has 5 seconds left.
|
|t:|1756743783
|teamsize|p1|4
|teamsize|p2|4
|start
|switch|p1a: Meowscarada|Meowscarada, L50, M|100/100
|switch|p1b: Whimsicott|Whimsicott, L50, F|100/100
|switch|p2a: Palafin|Palafin, L50, F|100/100
|switch|p2b: Gholdengo|Gholdengo, L50|100/100
|turn|1
|inactive|Maybe ALTcom has 30 seconds left.
|inactive|Maybe ALTcom has 20 seconds left.
|inactive|Maybe ALTcom has 15 seconds left.
|inactive|Maybe ALTcom has 10 seconds left.
|inactive|Maybe ALTcom has 5 seconds left.
|
|t:|1756743838
|move|p2a: Palafin|Protect|p2a: Palafin
|-singleturn|p2a: Palafin|Protect
|move|p1b: Whimsicott|Tailwind|p1b: Whimsicott
|-sidestart|p1: Capravolante97|move: Tailwind
|move|p1a: Meowscarada|Knock Off|p2b: Gholdengo
|-start|p1a: Meowscarada|typechange|Dark|[from] ability: Protean
|-supereffective|p2b: Gholdengo
|-damage|p2b: Gholdengo|0 fnt
|-enditem|p2b: Gholdengo|Choice Specs|[from] move: Knock Off|[of] p1a: Meowscarada
|faint|p2b: Gholdengo
|
|upkeep
|c|☆Maybe ALTcom|fuck this man
|n|‽Maybe ALTcom|maybealtcom
|c|~|/log Maybe ALTcom was locked from talking by Artemis for a week. (☆Maybe ALTcom: fuck this man)
|c|~|/raw This action was done automatically. Want to learn more about the AI? Visit the information thread.
|-message|Maybe ALTcom forfeited.
|raw|Capravolante97's rating: 1284 → 1302(+18 for winning)
|raw|Maybe ALTcom's rating: 1184 → 1166(-18 for losing)
|
|win|Capravolante97
