|j|☆Solcerer
|j|☆cheeto squid
|html|Solcerercheeto squid    
|uhtml|bestof|Game 3 of a best-of-3
|t:|1756243013
|gametype|doubles
|player|p1|Solcerer|265|1000
|player|p2|cheeto squid|101|1166
|gen|9
|tier|[Gen 9] VGC 2025 Reg H (Bo3)
|rated|
|rule|Species Clause: Limit one of each Pokémon
|rule|Item Clause: Limit 1 of each item
|clearpoke
|poke|p1|Sneasler, L50, F|
|poke|p1|Inteleon, L50, F|
|poke|p1|Espeon, L50, F|
|poke|p1|Metagross, L50|
|poke|p1|Amoonguss, L50, M|
|poke|p1|Hydreigon, L50, M|
|poke|p2|Samurott-Hisui, L50, F|
|poke|p2|Pelipper, L50, F|
|poke|p2|Archaludon, L50, M|
|poke|p2|Clefairy, L50, M|
|poke|p2|Gholdengo, L50|
|poke|p2|Kingambit, L50, M|
|teampreview|4
|showteam|p1|Sneasler||WhiteHerb|Unburden|DireClaw,CloseCombat,FakeOut,Acrobatics|||F|||50|,,,,,Flying]Inteleon||FocusSash|Sniper|SnipeShot,IceBeam,Soak,Protect|||F|||50|,,,,,Ghost]Espeon||ChoiceScarf|MagicBounce|ExpandingForce,ShadowBall,DazzlingGleam,PowerGem|||F|||50|,,,,,Psychic]Metagross||SafetyGoggles|ClearBody|PsychicFangs,HeavySlam,KnockOff,Protect||||||50|,,,,,Water]Amoonguss||RockyHelmet|Regenerator|PollenPuff,Spore,RagePowder,SludgeBomb|||M|||50|,,,,,Steel]Hydreigon||ScopeLens|Levitate|DracoMeteor,DarkPulse,FocusEnergy,Protect|||M|||50|,,,,,Ghost
|showteam|p2|Samurott-Hisui||MysticWater|Sharpness|RazorShell,SacredSword,Detect,FlipTurn|||F|||50|,,,,,Ghost]Pelipper||CovertCloak|Drizzle|Hurricane,WeatherBall,Tailwind,Protect|||F|||50|,,,,,Stellar]Archaludon||PowerHerb|Stalwart|ElectroShot,DracoMeteor,FlashCannon,Protect|||M|||50|,,,,,Electric]Clefairy||Eviolite|FriendGuard|AfterYou,FollowMe,HelpingHand,Protect|||M|||50|,,,,,Water]Gholdengo||LifeOrb|GoodasGold|MakeItRain,ShadowBall,NastyPlot,Protect||||||50|,,,,,Dragon]Kingambit||BlackGlasses|Defiant|KowtowCleave,SuckerPunch,Protect,SwordsDance|||M|||50|,,,,,Dark
|inactive|Battle timer is ON: inactive players will automatically lose when time's up. (requested by Solcerer)
|inactive|Solcerer has 60 seconds left.
|
|t:|1756243054
|teamsize|p1|4
|teamsize|p2|4
|start
|switch|p1a: Hydreigon|Hydreigon, L50, M|100/100
|switch|p1b: Amoonguss|Amoonguss, L50, M|100/100
|switch|p2a: Pelipper|Pelipper, L50, F|100/100
|switch|p2b: Gholdengo|Gholdengo, L50|100/100
|-weather|RainDance|[from] ability: Drizzle|[of] p2a: Pelipper
|turn|1
|inactive|cheeto squid has 30 seconds left.
|inactive|cheeto squid has 20 seconds left.
|
|t:|1756243089
|-terastallize|p2b: Gholdengo|Dragon
|move|p1b: Amoonguss|Rage Powder|p1b: Amoonguss
|-singleturn|p1b: Amoonguss|move: Rage Powder
|move|p1a: Hydreigon|Focus Energy|p1a: Hydreigon
|-start|p1a: Hydreigon|move: Focus Energy
|move|p2b: Gholdengo|Nasty Plot|p2b: Gholdengo
|-boost|p2b: Gholdengo|spa|2
|move|p2a: Pelipper|Tailwind|p2a: Pelipper
|-sidestart|p2: cheeto squid|move: Tailwind
|
|-weather|RainDance|[upkeep]
|upkeep
|turn|2
|
|t:|1756243113
|move|p2b: Gholdengo|Make It Rain|p1a: Hydreigon|[spread] p1a,p1b
|-damage|p1a: Hydreigon|0 fnt
|-damage|p1b: Amoonguss|0 fnt
|-unboost|p2b: Gholdengo|spa|1
|faint|p1a: Hydreigon
|faint|p1b: Amoonguss
|-damage|p2b: Gholdengo|91/100|[from] item: Life Orb
|move|p2a: Pelipper|Hurricane|p1: Hydreigon|[notarget]
|-fail|p2a: Pelipper
|
|-weather|RainDance|[upkeep]
|upkeep
|
|t:|1756243120
|switch|p1a: Sneasler|Sneasler, L50, F|100/100
|switch|p1b: Inteleon|Inteleon, L50, F|100/100
|turn|3
|
|t:|1756243144
|-terastallize|p1a: Sneasler|Flying
|move|p2b: Gholdengo|Protect|p2b: Gholdengo
|-singleturn|p2b: Gholdengo|Protect
|move|p2a: Pelipper|Hurricane|p1b: Inteleon
|-damage|p1b: Inteleon|14/100
|move|p1a: Sneasler|Dire Claw|p2a: Pelipper
|-damage|p2a: Pelipper|50/100
|move|p1b: Inteleon|Ice Beam|p2b: Gholdengo
|-activate|p2b: Gholdengo|move: Protect
|
|-weather|RainDance|[upkeep]
|upkeep
|turn|4
|
|t:|1756243164
|move|p1b: Inteleon|Protect|p1b: Inteleon
|-singleturn|p1b: Inteleon|Protect
|move|p2b: Gholdengo|Make It Rain|p1a: Sneasler|[spread] p1a
|-activate|p1b: Inteleon|move: Protect
|-damage|p1a: Sneasler|0 fnt
|-unboost|p2b: Gholdengo|spa|1
|faint|p1a: Sneasler
|-damage|p2b: Gholdengo|81/100|[from] item: Life Orb
|move|p2a: Pelipper|Hurricane|p1b: Inteleon
|-activate|p1b: Inteleon|move: Protect
|
|-weather|RainDance|[upkeep]
|-sideend|p2: cheeto squid|move: Tailwind
|upkeep
|turn|5
|
|t:|1756243187
|move|p1b: Inteleon|Ice Beam|p2a: Pelipper
|-damage|p2a: Pelipper|3/100
|move|p2b: Gholdengo|Shadow Ball|p1b: Inteleon
|-damage|p1b: Inteleon|0 fnt
|faint|p1b: Inteleon
|-damage|p2b: Gholdengo|71/100|[from] item: Life Orb
|
|win|cheeto squid
|raw|Solcerer's rating: 1000 → 1000(+0 for losing)
|raw|cheeto squid's rating: 1166 → 1180(+14 for winning)
|l|☆Solcerer
|player|p1|
