|j|☆VGChris6
|j|☆D10_O1
|html|VGChris6D10_O1    
|uhtml|bestof|Game 3 of a best-of-3
|t:|1757196351
|gametype|doubles
|player|p1|VGChris6|169|1103
|player|p2|D10_O1|1|1161
|gen|9
|tier|[Gen 9] VGC 2025 Reg H (Bo3)
|rated|
|rule|Species Clause: Limit one of each Pokémon
|rule|Item Clause: Limit 1 of each item
|clearpoke
|poke|p1|Archaludon, L50, F|
|poke|p1|Pelipper, L50, F|
|poke|p1|Basculegion, L50, M|
|poke|p1|Annihilape, L50, F|
|poke|p1|Whimsicott, L50, M|
|poke|p1|Ursaluna-Bloodmoon, L50, M|
|poke|p2|Typhlosion-Hisui, L50, M|
|poke|p2|Whimsicott, L50, M|
|poke|p2|Amoonguss, L50, F|
|poke|p2|Garchomp, L50, M|
|poke|p2|Incineroar, L50, F|
|poke|p2|Rillaboom, L50, M|
|teampreview|4
|showteam|p1|Archaludon||PowerHerb|Sturdy|ElectroShot,DragonPulse,FlashCannon,Protect|||F|||50|,,,,,Ghost]Pelipper||FocusSash|Drizzle|Tailwind,WeatherBall,Hurricane,WideGuard|||F|||50|,,,,,Ghost]Basculegion||ChoiceScarf|Adaptability|LastRespects,FlipTurn,WaveCrash,AquaJet|||M|||50|,,,,,Dark]Annihilape||SitrusBerry|Defiant|DrainPunch,Protect,RageFist,BulkUp|||F|||50|,,,,,Steel]Whimsicott||CovertCloak|Prankster|Taunt,Tailwind,Encore,Moonblast|||M|||50|,,,,,Dark]Ursaluna-Bloodmoon||AssaultVest|MindsEye|HyperVoice,BloodMoon,EarthPower,VacuumWave|||M|||50|,,,,,Ghost
|showteam|p2|Typhlosion-Hisui||ChoiceSpecs|Blaze|Eruption,HeatWave,ShadowBall,SleepTalk|||M|||50|,,,,,Fire]Whimsicott||CovertCloak|Prankster|SunnyDay,Taunt,Encore,Tailwind|||M|||50|,,,,,Water]Amoonguss||MentalHerb|Regenerator|Spore,RagePowder,Protect,SludgeBomb|||F|||50|,,,,,Fire]Garchomp||LoadedDice|RoughSkin|StompingTantrum,IronHead,Protect,ScaleShot|||M|||50|,,,,,Steel]Incineroar||SafetyGoggles|Intimidate|FakeOut,FlareBlitz,KnockOff,PartingShot|||F|||50|,,,,,Ghost]Rillaboom||MiracleSeed|GrassySurge|WoodHammer,GrassyGlide,FakeOut,Taunt|||M|||50|,,,,,Fire
|inactive|Battle timer is ON: inactive players will automatically lose when time's up. (requested by VGChris6)
|inactive|D10_O1 has 60 seconds left.
|
|t:|1757196382
|teamsize|p1|4
|teamsize|p2|4
|start
|switch|p1a: Basculegion|Basculegion, L50, M|100/100
|switch|p1b: Whimsicott|Whimsicott, L50, M|100/100
|switch|p2a: THE GOAT|Amoonguss, L50, F, shiny|100/100
|switch|p2b: Incineroar|Incineroar, L50, F|100/100
|-ability|p2b: Incineroar|Intimidate|boost
|-unboost|p1a: Basculegion|atk|1
|-unboost|p1b: Whimsicott|atk|1
|turn|1
|inactive|VGChris6 has 30 seconds left.
|inactive|VGChris6 has 20 seconds left.
|inactive|VGChris6 has 15 seconds left.
|inactive|VGChris6 has 10 seconds left.
|
|t:|1757196427
|-terastallize|p1b: Whimsicott|Dark
|-terastallize|p2b: Incineroar|Ghost
|move|p1b: Whimsicott|Taunt|p2a: THE GOAT
|-start|p2a: THE GOAT|move: Taunt
|-enditem|p2a: THE GOAT|Mental Herb
|-end|p2a: THE GOAT|move: Taunt
|move|p1a: Basculegion|Wave Crash|p2b: Incineroar
|-damage|p2b: Incineroar|51/100
|-damage|p1a: Basculegion|84/100|[from] Recoil
|move|p2b: Incineroar|Flare Blitz|p1b: Whimsicott
|-damage|p1b: Whimsicott|36/100
|-damage|p2b: Incineroar|33/100|[from] Recoil
|move|p2a: THE GOAT|Spore|p1a: Basculegion
|-status|p1a: Basculegion|slp|[from] move: Spore
|
|upkeep
|turn|2
|inactive|VGChris6 has 30 seconds left.
|
|t:|1757196456
|switch|p1b: Archaludon|Archaludon, L50, F|100/100
|switch|p2a: Typhlosion|Typhlosion-Hisui, L50, M|100/100
|cant|p1a: Basculegion|slp
|move|p2b: Incineroar|Flare Blitz|p1b: Archaludon
|-damage|p1b: Archaludon|53/100
|-damage|p2b: Incineroar|20/100|[from] Recoil
|
|upkeep
|turn|3
|
|t:|1757196471
|move|p1b: Archaludon|Protect|p1b: Archaludon
|-singleturn|p1b: Archaludon|Protect
|-curestatus|p1a: Basculegion|slp|[msg]
|move|p1a: Basculegion|Wave Crash|p2a: Typhlosion
|-supereffective|p2a: Typhlosion
|-damage|p2a: Typhlosion|0 fnt
|faint|p2a: Typhlosion
|-damage|p1a: Basculegion|59/100|[from] Recoil
|move|p2b: Incineroar|Parting Shot|p1b: Archaludon
|-activate|p1b: Archaludon|move: Protect
|
|upkeep
|
|t:|1757196478
|switch|p2a: THE GOAT|Amoonguss, L50, F, shiny|100/100
|turn|4
|c|☆D10_O1|oh man that sucks lol
|c|☆D10_O1|ggs
|-message|D10_O1 forfeited.
|
|win|VGChris6
|raw|VGChris6's rating: 1103 → 1132(+29 for winning)
|raw|D10_O1's rating: 1161 → 1132(-29 for losing)
