|j|☆plsbringregi
|j|☆CaratroncoSun
|html|plsbringregiCaratroncoSun    
|uhtml|bestof|Game 1 of a best-of-3
|t:|1784198537
|gametype|doubles
|player|p1|plsbringregi|170|1255
|player|p2|CaratroncoSun|juan|1349
|gen|9
|tier|[Gen 9 Champions] VGC 2026 Reg M-B (Bo3)
|rated|
|rule|Species Clause: Limit one of each Pokémon
|rule|Item Clause: Limit 1 of each item
|clearpoke
|poke|p1|Incineroar, L50, F|
|poke|p1|Milotic, L50, F|
|poke|p1|Mawile, L50, M|
|poke|p1|Aerodactyl, L50, F|
|poke|p1|Garchomp, L50, M, shiny|
|poke|p1|Sinistcha, L50|
|poke|p2|Charizard, L50, M, shiny|
|poke|p2|Venusaur, L50, F, shiny|
|poke|p2|Whimsicott, L50, M, shiny|
|poke|p2|Basculegion, L50, M|
|poke|p2|Tyranitar, L50, F|
|poke|p2|Mamoswine, L50, F|
|teampreview|4
|showteam|p1|Incineroar||SitrusBerry|Intimidate|FakeOut,FlareBlitz,PartingShot,ThroatChop|Impish||F|||50|]Milotic||Leftovers|Competitive|Coil,Hypnosis,MuddyWater,Protect|Bold||F|||50|]Mawile||Mawilite|HyperCutter|IronHead,SuckerPunch,PlayRough,Protect|Adamant||M|||50|]Aerodactyl||Aerodactylite|Unnerve|RockSlide,Protect,Tailwind,DualWingbeat|Jolly||F|||50|]Garchomp||LifeOrb|RoughSkin|Earthquake,RockSlide,Protect,DragonClaw|Jolly||M|||50|]Sinistcha||KasibBerry|Hospitality|MatchaGotcha,TrickRoom,Protect,RagePowder|Calm|||||50|
|showteam|p2|Charizard||CharizarditeY|Blaze|Protect,SolarBeam,HeatWave,AirSlash|Modest||M|||50|]Venusaur||WideLens|Chlorophyll|Protect,GigaDrain,EarthPower,SleepPowder|Modest||F|||50|]Whimsicott||FocusSash|Prankster|Protect,Moonblast,Tailwind,Encore|Timid||M|||50|]Basculegion||MysticWater|Adaptability|Protect,AquaJet,WaveCrash,LastRespects|Adamant||M|||50|]Tyranitar||Tyranitarite|SandStream|Protect,RockSlide,KnockOff,LowKick|Adamant||F|||50|]Mamoswine||LifeOrb|Oblivious|Protect,HighHorsepower,RockSlide,IceShard|Adamant||F|||50|
|
|t:|1784198592
|teamsize|p1|4
|teamsize|p2|4
|start
|switch|p1a: Incineroar|Incineroar, L50, F|100/100
|switch|p1b: Sinistcha|Sinistcha, L50|100/100
|switch|p2a: Whimsicott|Whimsicott, L50, M, shiny|100/100
|switch|p2b: Mamoswine|Mamoswine, L50, F|100/100
|-ability|p1a: Incineroar|Intimidate|boost
|-unboost|p2a: Whimsicott|atk|1
|-fail|p2b: Mamoswine|unboost|Attack|[from] ability: Oblivious|[of] p2b: Mamoswine
|turn|1
|
|t:|1784198613
|switch|p2b: Charizard|Charizard, L50, M, shiny|100/100
|move|p1a: Incineroar|Fake Out|p2a: Whimsicott
|-damage|p2a: Whimsicott|83/100
|cant|p2a: Whimsicott|flinch
|move|p1b: Sinistcha|Trick Room|p1b: Sinistcha
|-fieldstart|move: Trick Room|[of] p1b: Sinistcha
|
|upkeep
|turn|2
|
|t:|1784198625
|switch|p1b: Garchomp|Garchomp, L50, M, shiny|100/100
|detailschange|p2b: Charizard|Charizard-Mega-Y, L50, M, shiny
|-mega|p2b: Charizard|Charizard|Charizardite Y
|-weather|SunnyDay|[from] ability: Drought|[of] p2b: Charizard
|move|p2a: Whimsicott|Encore||[still]
|-fail|p2a: Whimsicott
|move|p1a: Incineroar|Flare Blitz|p2a: Whimsicott
|-supereffective|p2a: Whimsicott|1
|-damage|p2a: Whimsicott|0 fnt
|faint|p2a: Whimsicott
|-damage|p1a: Incineroar|81/100|[from] Recoil
|move|p2b: Charizard|Heat Wave|p1a: Incineroar|[spread] p1a,p1b
|-resisted|p1a: Incineroar|1
|-resisted|p1b: Garchomp|1
|-damage|p1a: Incineroar|51/100
|-damage|p1b: Garchomp|61/100
|
|-weather|SunnyDay|[upkeep]
|upkeep
|-message|CaratroncoSun forfeited.
|
|win|plsbringregi
