|j|☆SuperDialga1275
|j|☆138mysx
|html|SuperDialga1275138mysx    
|uhtml|bestof|Game 2 of a best-of-3
|t:|1784449009
|gametype|doubles
|player|p1|SuperDialga1275|giovanni|
|player|p2|138mysx|102|
|gen|9
|tier|[Gen 9 Champions] VGC 2026 Reg M-B (Bo3)
|rule|Species Clause: Limit one of each Pokémon
|rule|Item Clause: Limit 1 of each item
|clearpoke
|poke|p1|Archaludon, L50, F|
|poke|p1|Charizard, L50, F|
|poke|p1|Venusaur, L50, M|
|poke|p1|Pelipper, L50, M|
|poke|p1|Grimmsnarl, L50, M|
|poke|p1|Basculegion, L50, M|
|poke|p2|Charizard, L50, M, shiny|
|poke|p2|Aerodactyl, L50, M, shiny|
|poke|p2|Garchomp, L50, F, shiny|
|poke|p2|Sylveon, L50, F, shiny|
|poke|p2|Kingambit, L50, M|
|poke|p2|Incineroar, L50, M, shiny|
|teampreview|4
|showteam|p1|Archaludon||Leftovers|Stamina|ElectroShot,DragonPulse,FlashCannon,Protect|Calm||F|||50|]Charizard||CharizarditeY|Blaze|WeatherBall,SolarBeam,HeatWave,Protect|Modest||F|||50|]Venusaur||LifeOrb|Chlorophyll|SludgeBomb,EarthPower,SolarBeam,Protect|Modest||M|||50|]Pelipper||FocusSash|Drizzle|WeatherBall,Hurricane,WideGuard,Tailwind|Modest||M|||50|]Grimmsnarl||LightClay|Prankster|PartingShot,SpiritBreak,LightScreen,Reflect|Calm||M|||50|]Basculegion||ChoiceScarf|Adaptability|FlipTurn,AquaJet,LastRespects,WaveCrash|Jolly||M|||50|
|showteam|p2|Charizard||CharizarditeY|Blaze|SolarBeam,WeatherBall,HeatWave,Protect|Modest||M|||50|]Aerodactyl||FocusSash|Unnerve|RockSlide,Tailwind,WideGuard,Protect|Jolly||M|||50|]Garchomp||LifeOrb|RoughSkin|DragonClaw,Earthquake,RockTomb,Protect|Jolly||F|||50|]Sylveon||FairyFeather|Pixilate|HyperBeam,HyperVoice,QuickAttack,Detect|Modest||F|||50|]Kingambit||BlackGlasses|Defiant|KowtowCleave,SuckerPunch,IronHead,Protect|Adamant||M|||50|]Incineroar||SitrusBerry|Intimidate|FakeOut,FlareBlitz,ThroatChop,PartingShot|Impish||M|||50|
|inactive|Battle timer is ON: inactive players will automatically lose when time's up. (requested by SuperDialga1275)
|inactive|138mysx has 60 seconds left.
|inactive|138mysx has 30 seconds left.
|inactive|138mysx has 20 seconds left.
|inactive|138mysx has 15 seconds left.
|inactive|138mysx has 10 seconds left.
|
|t:|1784449090
|teamsize|p1|4
|teamsize|p2|4
|start
|switch|p1a: Charizard|Charizard, L50, F|100/100
|switch|p1b: Venusaur|Venusaur, L50, M|100/100
|switch|p2a: Incineroar|Incineroar, L50, M, shiny|100/100
|switch|p2b: Aerodactyl|Aerodactyl, L50, M, shiny|100/100
|-ability|p2b: Aerodactyl|Unnerve
|-ability|p2a: Incineroar|Intimidate|boost
|-unboost|p1a: Charizard|atk|1
|-unboost|p1b: Venusaur|atk|1
|turn|1
|inactive|SuperDialga1275 has 30 seconds left.
|
|t:|1784449118
|detailschange|p1a: Charizard|Charizard-Mega-Y, L50, F
|-mega|p1a: Charizard|Charizard|Charizardite Y
|-weather|SunnyDay|[from] ability: Drought|[of] p1a: Charizard
|move|p2a: Incineroar|Fake Out|p1b: Venusaur
|-damage|p1b: Venusaur|85/100
|cant|p1b: Venusaur|flinch
|move|p2b: Aerodactyl|Tailwind|p2b: Aerodactyl
|-sidestart|p2: 138mysx|move: Tailwind
|move|p1a: Charizard|Weather Ball|p2b: Aerodactyl
|-resisted|p2b: Aerodactyl|1
|-damage|p2b: Aerodactyl|41/100
|
|-weather|SunnyDay|[upkeep]
|upkeep
|turn|2
|inactive|138mysx has 30 seconds left.
|c|☆138mysx|Forgot he has Hurricane on zard, sleep Powder on venu, sitrus on peli
|inactive|138mysx has 20 seconds left.
|inactive|138mysx has 15 seconds left.
|inactive|138mysx has 10 seconds left.
|c|☆SuperDialga1275|ill change it
|
|t:|1784449166
|switch|p1b: Archaludon|Archaludon, L50, F|100/100
|move|p1a: Charizard|Protect|p1a: Charizard
|-singleturn|p1a: Charizard|Protect
|move|p2b: Aerodactyl|Rock Slide|p1b: Archaludon|[spread] 
|-activate|p1a: Charizard|move: Protect
|-miss|p2b: Aerodactyl|p1b: Archaludon
|move|p2a: Incineroar|Parting Shot|p1b: Archaludon
|-unboost|p1b: Archaludon|atk|1
|-unboost|p1b: Archaludon|spa|1
|
|t:|1784449184
|switch|p2a: Sylveon|Sylveon, L50, F, shiny|100/100|[from] Parting Shot
|
|-weather|SunnyDay|[upkeep]
|upkeep
|turn|3
|inactive|138mysx has 30 seconds left.
|inactive|138mysx has 20 seconds left.
|
|t:|1784449222
|switch|p1a: Pelipper|Pelipper, L50, M|100/100
|-weather|RainDance|[from] ability: Drizzle|[of] p1a: Pelipper
|move|p2b: Aerodactyl|Rock Slide|p1a: Pelipper|[spread] p1a,p1b
|-supereffective|p1a: Pelipper|1
|-resisted|p1b: Archaludon|1
|-damage|p1a: Pelipper|28/100
|-damage|p1b: Archaludon|91/100
|-ability|p1b: Archaludon|Stamina|boost
|-boost|p1b: Archaludon|def|1
|move|p2a: Sylveon|Hyper Voice|p1b: Archaludon|[spread] p1a,p1b
|-damage|p1a: Pelipper|0 fnt
|-damage|p1b: Archaludon|50/100g
|-ability|p1b: Archaludon|Stamina|boost
|-boost|p1b: Archaludon|def|1
|faint|p1a: Pelipper
|cant|p1b: Archaludon|flinch
|
|-weather|RainDance|[upkeep]
|-heal|p1b: Archaludon|56/100|[from] item: Leftovers
|upkeep
|inactive|SuperDialga1275 has 30 seconds left.
|
|t:|1784449247
|switch|p1a: Venusaur|Venusaur, L50, M|85/100
|turn|4
|inactive|138mysx has 30 seconds left.
|inactive|138mysx has 20 seconds left.
|
|t:|1784449285
|switch|p2a: Incineroar|Incineroar, L50, M, shiny|100/100
|-ability|p2a: Incineroar|Intimidate|boost
|-unboost|p1a: Venusaur|atk|1
|-unboost|p1b: Archaludon|atk|1
|move|p2b: Aerodactyl|Protect|p2b: Aerodactyl
|-singleturn|p2b: Aerodactyl|Protect
|move|p1a: Venusaur|Protect|p1a: Venusaur
|-singleturn|p1a: Venusaur|Protect
|move|p1b: Archaludon|Electro Shot||[still]
|-prepare|p1b: Archaludon|Electro Shot
|-boost|p1b: Archaludon|spa|1
|-anim|p1b: Archaludon|Electro Shot|p2b: Aerodactyl
|-activate|p2b: Aerodactyl|move: Protect
|
|-weather|RainDance|[upkeep]
|-heal|p1b: Archaludon|62/100|[from] item: Leftovers
|-sideend|p2: 138mysx|move: Tailwind
|upkeep
|turn|5
|
|t:|1784449310
|switch|p1b: Charizard|Charizard-Mega-Y, L50, F|100/100
|-weather|SunnyDay|[from] ability: Drought|[of] p1b: Charizard
|move|p2a: Incineroar|Fake Out|p1a: Venusaur
|-damage|p1a: Venusaur|70/100
|cant|p1a: Venusaur|flinch
|move|p2b: Aerodactyl|Tailwind|p2b: Aerodactyl
|-sidestart|p2: 138mysx|move: Tailwind
|
|-weather|SunnyDay|[upkeep]
|upkeep
|turn|6
|
|t:|1784449330
|move|p1b: Charizard|Protect|p1b: Charizard
|-singleturn|p1b: Charizard|Protect
|move|p2b: Aerodactyl|Rock Slide|p1b: Charizard|[spread] p1a
|-activate|p1b: Charizard|move: Protect
|-damage|p1a: Venusaur|34/100
|move|p1a: Venusaur|Solar Beam||[still]
|-prepare|p1a: Venusaur|Solar Beam
|-anim|p1a: Venusaur|Solar Beam|p2b: Aerodactyl
|-damage|p2b: Aerodactyl|0 fnt
|faint|p2b: Aerodactyl
|-damage|p1a: Venusaur|24/100|[from] item: Life Orb
|move|p2a: Incineroar|Flare Blitz|p1a: Venusaur
|-supereffective|p1a: Venusaur|1
|-damage|p1a: Venusaur|0 fnt
|faint|p1a: Venusaur
|-damage|p2a: Incineroar|93/100|[from] Recoil
|
|-weather|SunnyDay|[upkeep]
|upkeep
|
|t:|1784449343
|switch|p2b: Charizard|Charizard, L50, M, shiny|100/100
|switch|p1a: Archaludon|Archaludon, L50, F|62/100
|turn|7
|
|t:|1784449354
|detailschange|p2b: Charizard|Charizard-Mega-Y, L50, M, shiny
|-mega|p2b: Charizard|Charizard|Charizardite Y
|move|p2b: Charizard|Heat Wave|p1a: Archaludon|[spread] p1a,p1b
|-resisted|p1b: Charizard|1
|-damage|p1a: Archaludon|4/100
|-damage|p1b: Charizard|73/100
|-ability|p1a: Archaludon|Stamina|boost
|-boost|p1a: Archaludon|def|1
|move|p2a: Incineroar|Throat Chop|p1b: Charizard
|-crit|p1b: Charizard
|-damage|p1b: Charizard|28/100
|-start|p1b: Charizard|Throat Chop|[silent]
|move|p1b: Charizard|Weather Ball|p2b: Charizard
|-resisted|p2b: Charizard|1
|-damage|p2b: Charizard|60/100
|move|p1a: Archaludon|Dragon Pulse|p2b: Charizard
|-damage|p2b: Charizard|28/100
|
|-weather|SunnyDay|[upkeep]
|-heal|p1a: Archaludon|10/100|[from] item: Leftovers
|upkeep
|turn|8
|inactive|138mysx has 30 seconds left.
|
|t:|1784449379
|move|p1b: Charizard|Protect|p1b: Charizard
|-singleturn|p1b: Charizard|Protect
|move|p1a: Archaludon|Protect|p1a: Archaludon
|-singleturn|p1a: Archaludon|Protect
|move|p2b: Charizard|Heat Wave|p1b: Charizard|[spread] 
|-activate|p1a: Archaludon|move: Protect
|-activate|p1b: Charizard|move: Protect
|move|p2a: Incineroar|Throat Chop|p1b: Charizard
|-activate|p1b: Charizard|move: Protect
|
|-weather|SunnyDay|[upkeep]
|-heal|p1a: Archaludon|16/100|[from] item: Leftovers
|-end|p1b: Charizard|Throat Chop|[silent]
|-sideend|p2: 138mysx|move: Tailwind
|upkeep
|turn|9
|
|t:|1784449403
|move|p2b: Charizard|Weather Ball|p1a: Archaludon
|-damage|p1a: Archaludon|0 fnt
|faint|p1a: Archaludon
|move|p1b: Charizard|Weather Ball|p2b: Charizard
|-resisted|p2b: Charizard|1
|-damage|p2b: Charizard|0 fnt
|faint|p2b: Charizard
|move|p2a: Incineroar|Flare Blitz|p1b: Charizard
|-resisted|p1b: Charizard|1
|-damage|p1b: Charizard|0 fnt
|faint|p1b: Charizard
|-damage|p2a: Incineroar|85/100|[from] Recoil
|
|win|138mysx
|c|☆138mysx|idk
|l|☆SuperDialga1275
|player|p1|
