|j|☆BVSelf
|j|☆FreemanGordon
|html|BVSelfFreemanGordon    
|uhtml|bestof|Game 1 of a best-of-3
|t:|1783934205
|gametype|doubles
|player|p1|BVSelf|benga|1337
|player|p2|FreemanGordon|169|1362
|gen|9
|tier|[Gen 9 Champions] VGC 2026 Reg M-B (Bo3)
|rated|
|rule|Species Clause: Limit one of each Pokémon
|rule|Item Clause: Limit 1 of each item
|clearpoke
|poke|p1|Sneasler, L50, M|
|poke|p1|Sinistcha, L50|
|poke|p1|Incineroar, L50, M|
|poke|p1|Kingambit, L50, M|
|poke|p1|Delphox, L50, F|
|poke|p1|Blastoise, L50, M|
|poke|p2|Floette-Eternal, L50, F|
|poke|p2|Sneasler, L50, F|
|poke|p2|Kingambit, L50, F|
|poke|p2|Basculegion, L50, M|
|poke|p2|Sinistcha, L50|
|poke|p2|Incineroar, L50, F|
|teampreview|4
|showteam|p1|Sneasler||FocusSash|PoisonTouch|CloseCombat,DireClaw,FakeOut,QuickGuard|Jolly||M|||50|]Sinistcha||OccaBerry|Hospitality|MatchaGotcha,RagePowder,TrickRoom,Protect|Bold|||||50|]Incineroar||SitrusBerry|Intimidate|FlareBlitz,ThroatChop,PartingShot,FakeOut|Careful||M|||50|]Kingambit||BlackGlasses|Defiant|KowtowCleave,SwordsDance,SuckerPunch,Protect|Adamant||M|||50|]Delphox||Delphoxite|Blaze|HeatWave,Psychic,NastyPlot,Protect|Timid||F|||50|]Blastoise||Blastoisinite|RainDish|WaterSpout,DarkPulse,ShellSmash,Protect|Modest||M|||50|
|showteam|p2|Floette-Eternal||Floettite|FlowerVeil|Protect,CalmMind,DazzlingGleam,DrainingKiss|Modest||F|||50|]Sneasler||FocusSash|Unburden|FakeOut,QuickGuard,CloseCombat,DireClaw|Jolly||F|||50|]Kingambit||BlackGlasses|Defiant|SwordsDance,KowtowCleave,SuckerPunch,Protect|Adamant||F|||50|]Basculegion||MysticWater|Adaptability|Protect,WaveCrash,AquaJet,LastRespects|Adamant||M|||50|]Sinistcha||OccaBerry|Hospitality|TrickRoom,MatchaGotcha,Protect,RagePowder|Bold|||||50|]Incineroar||Leftovers|Intimidate|FakeOut,FlareBlitz,PartingShot,HelpingHand|Careful||F|||50|
|
|t:|1783934257
|teamsize|p1|4
|teamsize|p2|4
|start
|switch|p1a: Sneasler|Sneasler, L50, M|100/100
|switch|p1b: Blastoise|Blastoise, L50, M|100/100
|switch|p2a: Floette|Floette-Eternal, L50, F|100/100
|switch|p2b: Sneasler|Sneasler, L50, F|100/100
|turn|1
|inactive|Battle timer is ON: inactive players will automatically lose when time's up. (requested by FreemanGordon)
|inactive|FreemanGordon has 60 seconds left.
|
|t:|1783934288
|detailschange|p2a: Floette|Floette-Mega, L50, F
|-mega|p2a: Floette|Floette|Floettite
|-ability|p2a: Floette|Fairy Aura
|detailschange|p1b: Blastoise|Blastoise-Mega, L50, M
|-mega|p1b: Blastoise|Blastoise|Blastoisinite
|move|p2b: Sneasler|Fake Out|p1a: Sneasler
|-damage|p1a: Sneasler|76/100
|cant|p1a: Sneasler|flinch
|move|p2a: Floette|Dazzling Gleam|p1a: Sneasler|[spread] p1a,p1b
|-damage|p1a: Sneasler|17/100
|-damage|p1b: Blastoise|55/100
|move|p1b: Blastoise|Shell Smash|p1b: Blastoise
|-unboost|p1b: Blastoise|def|1
|-unboost|p1b: Blastoise|spd|1
|-boost|p1b: Blastoise|atk|2
|-boost|p1b: Blastoise|spa|2
|-boost|p1b: Blastoise|spe|2
|
|upkeep
|turn|2
|inactive|FreemanGordon has 30 seconds left.
|inactive|FreemanGordon has 20 seconds left.
|inactive|FreemanGordon has 15 seconds left.
|
|t:|1783934330
|move|p1b: Blastoise|Protect|p1b: Blastoise
|-singleturn|p1b: Blastoise|Protect
|move|p2a: Floette|Protect|p2a: Floette
|-singleturn|p2a: Floette|Protect
|move|p1a: Sneasler|Dire Claw|p2b: Sneasler
|-resisted|p2b: Sneasler|1
|-damage|p2b: Sneasler|61/100
|move|p2b: Sneasler|Close Combat|p1b: Blastoise
|-activate|p1b: Blastoise|move: Protect
|
|upkeep
|turn|3
|inactive|FreemanGordon has 30 seconds left.
|
|t:|1783934362
|move|p1b: Blastoise|Water Spout|p2b: Sneasler|[spread] p2a,p2b
|-damage|p2a: Floette|51/100
|-damage|p2b: Sneasler|0 fnt
|faint|p2b: Sneasler
|move|p1a: Sneasler|Dire Claw|p2a: Floette
|-supereffective|p2a: Floette|1
|-damage|p2a: Floette|0 fnt
|faint|p2a: Floette
|
|upkeep
|
|t:|1783934370
|switch|p2b: Sinistcha|Sinistcha, L50|100/100
|switch|p2a: Kingambit|Kingambit, L50, F|100/100
|turn|4
|
|t:|1783934390
|move|p1a: Sneasler|Quick Guard|p1a: Sneasler
|-singleturn|p1a: Sneasler|Quick Guard
|move|p2a: Kingambit|Sucker Punch||[still]
|-fail|p2a: Kingambit
|move|p1b: Blastoise|Dark Pulse|p2b: Sinistcha
|-supereffective|p2b: Sinistcha|1
|-damage|p2b: Sinistcha|0 fnt
|faint|p2b: Sinistcha
|
|upkeep
|turn|5
|-message|FreemanGordon forfeited.
|
|win|BVSelf
|l|☆FreemanGordon
|player|p2|
||FreemanGordon is ready for game 2.
||BVSelf is ready for game 2.
|uhtml|next|Next: Game 2 of 3
