|j|☆TeriyakiFr
|j|☆Daniw9
|html|TeriyakiFrDaniw9    
|uhtml|bestof|Game 2 of a best-of-3
|t:|1756323933
|gametype|doubles
|player|p1|TeriyakiFr|youngster-gen4dp|1000
|player|p2|Daniw9|2|1103
|gen|9
|tier|[Gen 9] VGC 2025 Reg H (Bo3)
|rated|
|rule|Species Clause: Limit one of each Pokémon
|rule|Item Clause: Limit 1 of each item
|clearpoke
|poke|p1|Incineroar, L50, F|
|poke|p1|Archaludon, L50, M|
|poke|p1|Ninetales-Alola, L50, F|
|poke|p1|Whimsicott, L50, M|
|poke|p1|Sneasler, L50, F|
|poke|p1|Rillaboom, L50, F|
|poke|p2|Garchomp, L50, F|
|poke|p2|Tyranitar, L50, F|
|poke|p2|Delphox, L50, M|
|poke|p2|Indeedee-F, L50, F|
|poke|p2|Gallade, L50, M|
|poke|p2|Whimsicott, L50, F|
|teampreview|4
|showteam|p1|Incineroar||SafetyGoggles|Intimidate|FakeOut,KnockOff,PartingShot,FlareBlitz|||F|||50|,,,,,Ghost]Archaludon||PowerHerb|Stamina|DracoMeteor,FlashCannon,MeteorBeam,ElectroShot|||M|||50|,,,,,Fairy]Ninetales-Alola||LightClay|SnowWarning|AuroraVeil,Blizzard,DazzlingGleam,Protect|||F|||50|,,,,,Ghost]Whimsicott||CovertCloak|Prankster|Tailwind,Protect,Moonblast,Encore|||M|||50|,,,,,Steel]Sneasler||FocusSash|Unburden|ThroatChop,FakeOut,PoisonJab,CloseCombat|||F|||50|,,,,,Stellar]Rillaboom||AssaultVest|GrassySurge|GrassyGlide,WoodHammer,FakeOut,Uturn|||F|||50|,,,,,Water
|showteam|p2|Garchomp||LifeOrb|RoughSkin|Earthquake,StompingTantrum,Protect,DragonClaw|||F|||50|,,,,,Steel]Tyranitar||AssaultVest|SandStream|RockSlide,TeraBlast,KnockOff,LowKick|||F|||50|,,,,,Flying]Delphox||PsychicSeed|Magician|ExpandingForce,HeatWave,TeraBlast,Protect|||M|||50|,,,,,Fairy]Indeedee-F||SafetyGoggles|PsychicSurge|DazzlingGleam,TrickRoom,FollowMe,HelpingHand|||F|||50|,,,,,Water]Gallade||ClearAmulet|Sharpness|SacredSword,PsychoCut,TrickRoom,Protect|||M|||50|,,,,,Grass]Whimsicott||CovertCloak|Prankster|Moonblast,Tailwind,Encore,Protect|||F|||50|,,,,,Grass
|
|t:|1756323955
|teamsize|p1|4
|teamsize|p2|4
|start
|switch|p1a: Sneasler|Sneasler, L50, F|100/100
|switch|p1b: Incineroar|Incineroar, L50, F|100/100
|switch|p2a: Indeedee|Indeedee-F, L50, F|100/100
|switch|p2b: Delphox|Delphox, L50, M|100/100
|-fieldstart|move: Psychic Terrain|[from] ability: Psychic Surge|[of] p2a: Indeedee
|-enditem|p2b: Delphox|Psychic Seed
|-boost|p2b: Delphox|spd|1|[from] item: Psychic Seed
|-ability|p1b: Incineroar|Intimidate|boost
|-unboost|p2a: Indeedee|atk|1
|-unboost|p2b: Delphox|atk|1
|turn|1
|inactive|Battle timer is ON: inactive players will automatically lose when time's up. (requested by TeriyakiFr)
|
|t:|1756323979
|move|p2a: Indeedee|Follow Me|p2a: Indeedee
|-singleturn|p2a: Indeedee|move: Follow Me
|move|p1a: Sneasler|Throat Chop|p2a: Indeedee
|-supereffective|p2a: Indeedee
|-damage|p2a: Indeedee|45/100
|-start|p2a: Indeedee|Throat Chop|[silent]
|move|p2b: Delphox|Expanding Force|p1a: Sneasler|[spread] p1a
|-immune|p1b: Incineroar
|-supereffective|p1a: Sneasler
|-enditem|p1a: Sneasler|Focus Sash
|-damage|p1a: Sneasler|1/100
|move|p1b: Incineroar|Knock Off|p2a: Indeedee
|-supereffective|p2a: Indeedee
|-crit|p2a: Indeedee
|-damage|p2a: Indeedee|0 fnt
|-enditem|p2a: Indeedee|Safety Goggles|[from] move: Knock Off|[of] p1b: Incineroar
|faint|p2a: Indeedee
|
|upkeep
|
|t:|1756323991
|switch|p2a: Tyranitar|Tyranitar, L50, F|100/100
|-weather|Sandstorm|[from] ability: Sand Stream|[of] p2a: Tyranitar
|turn|2
|inactive|TeriyakiFr has 30 seconds left.
|
|t:|1756324017
|move|p1a: Sneasler|Close Combat|p2a: Tyranitar
|-supereffective|p2a: Tyranitar
|-damage|p2a: Tyranitar|0 fnt
|-unboost|p1a: Sneasler|def|1
|-unboost|p1a: Sneasler|spd|1
|faint|p2a: Tyranitar
|move|p2b: Delphox|Heat Wave|p1a: Sneasler|[spread] p1a,p1b
|-resisted|p1b: Incineroar
|-damage|p1a: Sneasler|0 fnt
|-damage|p1b: Incineroar|90/100
|faint|p1a: Sneasler
|-item|p2b: Delphox|Safety Goggles|[from] ability: Magician|[of] p1b: Incineroar
|move|p1b: Incineroar|Knock Off|p2b: Delphox
|-supereffective|p2b: Delphox
|-damage|p2b: Delphox|9/100
|-enditem|p2b: Delphox|Safety Goggles|[from] move: Knock Off|[of] p1b: Incineroar
|
|-weather|Sandstorm|[upkeep]
|-damage|p2b: Delphox|4/100|[from] Sandstorm
|-damage|p1b: Incineroar|84/100|[from] Sandstorm
|upkeep
|
|t:|1756324034
|switch|p1a: Ninetales|Ninetales-Alola, L50, F|100/100
|switch|p2a: Whimsicott|Whimsicott, L50, F|100/100
|-weather|Snowscape|[from] ability: Snow Warning|[of] p1a: Ninetales
|turn|3
|
|t:|1756324054
|move|p2a: Whimsicott|Tailwind|p2a: Whimsicott
|-sidestart|p2: Daniw9|move: Tailwind
|move|p2b: Delphox|Heat Wave|p1a: Ninetales|[spread] p1a,p1b
|-supereffective|p1a: Ninetales
|-resisted|p1b: Incineroar
|-damage|p1a: Ninetales|38/100
|-damage|p1b: Incineroar|71/100
|-item|p2b: Delphox|Light Clay|[from] ability: Magician|[of] p1a: Ninetales
|move|p1a: Ninetales|Aurora Veil|p1a: Ninetales
|-sidestart|p1: TeriyakiFr|move: Aurora Veil
|move|p1b: Incineroar|Knock Off|p2b: Delphox
|-supereffective|p2b: Delphox
|-damage|p2b: Delphox|0 fnt
|-enditem|p2b: Delphox|Light Clay|[from] move: Knock Off|[of] p1b: Incineroar
|faint|p2b: Delphox
|
|-weather|Snowscape|[upkeep]
|upkeep
|turn|4
|-message|Daniw9 forfeited.
|
|win|TeriyakiFr
|l|☆Daniw9
|player|p2|
||TeriyakiFr is ready for game 3.
||Daniw9 is ready for game 3.
|uhtml|next|Next: Game 3 of 3
|j|☆Daniw9
|player|p2|Daniw9|2|
