|j|☆jaborro95
|j|☆snvyy
|html|jaborro95snvyy    
|uhtml|bestof|Game 3 of a best-of-3
|t:|1756751204
|gametype|doubles
|player|p1|jaborro95|170|1095
|player|p2|snvyy|caitlin|1025
|gen|9
|tier|[Gen 9] VGC 2025 Reg H (Bo3)
|rated|
|rule|Species Clause: Limit one of each Pokémon
|rule|Item Clause: Limit 1 of each item
|clearpoke
|poke|p1|Dragonite, L50, M|
|poke|p1|Volcarona, L50, F|
|poke|p1|Sneasler, L50, M|
|poke|p1|Rillaboom, L50, M|
|poke|p1|Electabuzz, L50, M|
|poke|p1|Kingambit, L50, M|
|poke|p2|Sneasler, L50, F|
|poke|p2|Maushold, L50|
|poke|p2|Indeedee-F, L50, F|
|poke|p2|Armarouge, L50, F|
|poke|p2|Dondozo, L50, F|
|poke|p2|Tatsugiri-Droopy, L50, F|
|teampreview|4
|showteam|p1|Dragonite||LoadedDice|Multiscale|ScaleShot,ExtremeSpeed,Haze,Protect|||M|||50|,,,,,Fairy]Volcarona||CovertCloak|FlameBody|HeatWave,TeraBlast,QuiverDance,Protect|||F|||50|,,,,,Fairy]Sneasler||FocusSash|Unburden|CloseCombat,DireClaw,Coaching,Protect|||M|||50|,,,,,Stellar]Rillaboom||AssaultVest|GrassySurge|WoodHammer,GrassyGlide,HighHorsepower,FakeOut|||M|||50|,,,,,Water]Electabuzz||Eviolite|VitalSpirit|Thunderbolt,FollowMe,Taunt,Protect|||M|||50|,,,,,Ghost]Kingambit||BlackGlasses|Defiant|KowtowCleave,SuckerPunch,SwordsDance,Protect|||M|||50|,,,,,Flying
|showteam|p2|Sneasler||PsychicSeed|Unburden|DireClaw,CloseCombat,ThroatChop,Protect|||F|||50|,,,,,Dark]Maushold||WideLens|Technician|PopulationBomb,FollowMe,Protect,BeatUp||||||50|,,,,,Ghost]Indeedee-F||SafetyGoggles|PsychicSurge|DazzlingGleam,FollowMe,HelpingHand,TrickRoom|||F|||50|,,,,,Fairy]Armarouge||LifeOrb|FlashFire|ExpandingForce,EnergyBall,HeatWave,TrickRoom|||F|||50|,,,,,Grass]Dondozo||LumBerry|Unaware|WaveCrash,RockSlide,TeraBlast,Rest|||F|||50|,,,,,Grass]Tatsugiri-Droopy||ChoiceSpecs|Commander|MuddyWater,DracoMeteor,SleepTalk,HydroPump|||F|||50|,,,,,Water
|inactive|Battle timer is ON: inactive players will automatically lose when time's up. (requested by snvyy)
|j| teamthief420
|l| teamthief420
|
|t:|1756751219
|teamsize|p1|4
|teamsize|p2|4
|start
|switch|p1a: Sneasler|Sneasler, L50, M|100/100
|switch|p1b: Kingambit|Kingambit, L50, M, shiny|100/100
|switch|p2a: Armarouge|Armarouge, L50, F|100/100
|switch|p2b: Indeedee|Indeedee-F, L50, F|100/100
|-fieldstart|move: Psychic Terrain|[from] ability: Psychic Surge|[of] p2b: Indeedee
|turn|1
|
|t:|1756751244
|-terastallize|p1b: Kingambit|Flying
|move|p2b: Indeedee|Follow Me|p2b: Indeedee
|-singleturn|p2b: Indeedee|move: Follow Me
|move|p1a: Sneasler|Dire Claw|p2b: Indeedee
|-damage|p2b: Indeedee|59/100
|-status|p2b: Indeedee|slp
|move|p1b: Kingambit|Kowtow Cleave|p2b: Indeedee
|-supereffective|p2b: Indeedee
|-damage|p2b: Indeedee|0 fnt
|faint|p2b: Indeedee
|move|p2a: Armarouge|Trick Room|p2a: Armarouge
|-fieldstart|move: Trick Room|[of] p2a: Armarouge
|
|upkeep
|
|t:|1756751262
|switch|p2b: Tatsugiri|Tatsugiri-Droopy, L50, F|100/100
|turn|2
|inactive|jaborro95 has 30 seconds left.
|
|t:|1756751293
|move|p1b: Kingambit|Kowtow Cleave|p2a: Armarouge
|-supereffective|p2a: Armarouge
|-damage|p2a: Armarouge|0 fnt
|faint|p2a: Armarouge
|move|p2b: Tatsugiri|Draco Meteor|p1b: Kingambit
|-damage|p1b: Kingambit|0 fnt
|-unboost|p2b: Tatsugiri|spa|2
|faint|p1b: Kingambit
|move|p1a: Sneasler|Coaching|p1: Kingambit|[notarget]
|-fail|p1a: Sneasler
|
|upkeep
|
|t:|1756751305
|switch|p1b: Rillaboom|Rillaboom, L50, M|100/100
|switch|p2a: Dondozo|Dondozo, L50, F|100/100
|-fieldstart|move: Grassy Terrain|[from] ability: Grassy Surge|[of] p1b: Rillaboom
|-activate|p2b: Tatsugiri|ability: Commander|[of] p2a: Dondozo
|-boost|p2a: Dondozo|atk|2
|-boost|p2a: Dondozo|spa|2
|-boost|p2a: Dondozo|spe|2
|-boost|p2a: Dondozo|def|2
|-boost|p2a: Dondozo|spd|2
|turn|3
|
|t:|1756751329
|switch|p1a: Dragonite|Dragonite, L50, M|100/100
|move|p1b: Rillaboom|Fake Out|p2a: Dondozo
|-damage|p2a: Dondozo|95/100
|cant|p2a: Dondozo|flinch
|
|-heal|p2a: Dondozo|100/100|[from] Grassy Terrain
|upkeep
|turn|4
|
|t:|1756751353
|move|p1b: Rillaboom|Wood Hammer|p2a: Dondozo
|-supereffective|p2a: Dondozo
|-damage|p2a: Dondozo|42/100
|-damage|p1b: Rillaboom|79/100|[from] Recoil
|move|p1a: Dragonite|Haze|p1a: Dragonite
|-clearallboost
|move|p2a: Dondozo|Rock Slide|p1a: Dragonite|[spread] p1b
|-miss|p2a: Dondozo|p1a: Dragonite
|-damage|p1b: Rillaboom|61/100
|
|-heal|p2a: Dondozo|48/100|[from] Grassy Terrain
|-heal|p1b: Rillaboom|67/100|[from] Grassy Terrain
|upkeep
|turn|5
|-message|snvyy forfeited.
|
|win|jaborro95
|raw|jaborro95's rating: 1095 → 1116(+21 for winning)
|raw|snvyy's rating: 1025 → 1014(-11 for losing)
