|j|☆SitrusC
|j|☆itangood5
|html|SitrusCitangood5    
|uhtml|bestof|Game 1 of a best-of-3
|t:|1783389181
|gametype|doubles
|player|p1|SitrusC|lucas|1319
|player|p2|itangood5|nate|1186
|gen|9
|tier|[Gen 9 Champions] VGC 2026 Reg M-B (Bo3)
|rated|
|rule|Species Clause: Limit one of each Pokémon
|rule|Item Clause: Limit 1 of each item
|clearpoke
|poke|p1|Aerodactyl, L50, F|
|poke|p1|Charizard, L50, M, shiny|
|poke|p1|Garchomp, L50, F|
|poke|p1|Sylveon, L50, F|
|poke|p1|Farigiraf, L50, F|
|poke|p1|Kingambit, L50, M|
|poke|p2|Charizard, L50, F, shiny|
|poke|p2|Venusaur, L50, M|
|poke|p2|Floette-Eternal, L50, F|
|poke|p2|Farigiraf, L50, F|
|poke|p2|Incineroar, L50, M, shiny|
|poke|p2|Azumarill, L50, M|
|teampreview|4
|showteam|p1|Aerodactyl||Aerodactylite|Unnerve|Tailwind,IceFang,RockSlide,WideGuard|Jolly||F|||50|]Charizard||CharizarditeY|Blaze|Protect,HeatWave,SolarBeam,WeatherBall|Modest||M|||50|]Garchomp||LifeOrb|RoughSkin|Protect,Earthquake,DragonClaw,StompingTantrum|Jolly||F|||50|]Sylveon||FairyFeather|Pixilate|Protect,HyperVoice,HyperBeam,QuickAttack|Modest||F|||50|]Farigiraf||SitrusBerry|ArmorTail|TrickRoom,TwinBeam,Thunderbolt,HelpingHand|Bold||F|||50|]Kingambit||FocusSash|Defiant|LowKick,IronHead,SuckerPunch,KowtowCleave|Adamant||M|||50|
|showteam|p2|Charizard||CharizarditeY|SolarPower|HeatWave,Protect,WeatherBall,SolarBeam|Modest||F|||50|]Venusaur||FocusSash|Chlorophyll|LeafStorm,EarthPower,SludgeBomb,SleepPowder|Timid||M|||50|]Floette-Eternal||Floettite|FlowerVeil|Moonblast,CalmMind,DrainingKiss,Protect|Modest||F|||50|]Farigiraf||SitrusBerry|ArmorTail|PsychicNoise,Roar,HelpingHand,TrickRoom|Bold||F|||50|]Incineroar||WhiteHerb|Intimidate|CloseCombat,FlareBlitz,PartingShot,FakeOut|Brave||M|||50|]Azumarill||LifeOrb|HugePower|Liquidation,PlayRough,Protect,AquaJet|Brave||M|||50|
|inactive|Battle timer is ON: inactive players will automatically lose when time's up. (requested by SitrusC)
|inactive|itangood5 also wants the timer to be on.
|c|☆SitrusC|Glhf
|inactive|SitrusC has 60 seconds left.
|
|t:|1783389236
|teamsize|p1|4
|teamsize|p2|4
|start
|switch|p1a: Kingambit|Kingambit, L50, M|100/100
|switch|p1b: Aerodactyl|Aerodactyl, L50, F|100/100
|switch|p2a: S command|Venusaur, L50, M|100/100
|switch|p2b: Ace|Charizard, L50, F, shiny|100/100
|-ability|p1b: Aerodactyl|Unnerve
|turn|1
|
|t:|1783389261
|switch|p1a: Charizard|Charizard, L50, M, shiny|100/100
|detailschange|p2b: Ace|Charizard-Mega-Y, L50, F, shiny
|-mega|p2b: Ace|Charizard|Charizardite Y
|-weather|SunnyDay|[from] ability: Drought|[of] p2b: Ace
|move|p2a: S command|Sleep Powder|p1b: Aerodactyl
|-status|p1b: Aerodactyl|slp|[from] move: Sleep Powder
|cant|p1b: Aerodactyl|slp
|move|p2b: Ace|Heat Wave|p1b: Aerodactyl|[spread] p1a,p1b
|-resisted|p1a: Charizard|1
|-resisted|p1b: Aerodactyl|1
|-crit|p1b: Aerodactyl
|-damage|p1a: Charizard|62/100
|-damage|p1b: Aerodactyl|34/100 slp
|
|-weather|SunnyDay|[upkeep]
|upkeep
|turn|2
|
|t:|1783389282
|move|p1a: Charizard|Protect|p1a: Charizard
|-singleturn|p1a: Charizard|Protect
|move|p2a: S command|Sleep Powder|p1a: Charizard
|-activate|p1a: Charizard|move: Protect
|cant|p1b: Aerodactyl|slp
|move|p2b: Ace|Heat Wave|p1a: Charizard|[spread] p1b
|-activate|p1a: Charizard|move: Protect
|-resisted|p1b: Aerodactyl|1
|-damage|p1b: Aerodactyl|0 fnt
|faint|p1b: Aerodactyl
|
|-weather|SunnyDay|[upkeep]
|upkeep
|
|t:|1783389296
|switch|p1b: Farigiraf|Farigiraf, L50, F|100/100
|turn|3
|
|t:|1783389304
|detailschange|p1a: Charizard|Charizard-Mega-Y, L50, M, shiny
|-mega|p1a: Charizard|Charizard|Charizardite Y
|move|p2a: S command|Sleep Powder|p1b: Farigiraf
|-status|p1b: Farigiraf|slp|[from] move: Sleep Powder
|move|p1a: Charizard|Heat Wave|p2b: Ace|[spread] p2a,p2b
|-supereffective|p2a: S command|1
|-resisted|p2b: Ace|1
|-enditem|p2a: S command|Focus Sash
|-damage|p2a: S command|1/100
|-damage|p2b: Ace|76/100
|move|p2b: Ace|Heat Wave|p1a: Charizard|[spread] p1a,p1b
|-resisted|p1a: Charizard|1
|-damage|p1a: Charizard|33/100
|-damage|p1b: Farigiraf|45/100 slp
|-enditem|p1b: Farigiraf|Sitrus Berry|[eat]
|-heal|p1b: Farigiraf|70/100 slp|[from] item: Sitrus Berry
|cant|p1b: Farigiraf|slp
|
|-weather|SunnyDay|[upkeep]
|upkeep
|turn|4
|
|t:|1783389324
|move|p2a: S command|Sludge Bomb|p1a: Charizard
|-damage|p1a: Charizard|0 fnt
|faint|p1a: Charizard
|move|p2b: Ace|Heat Wave|p1b: Farigiraf
|-damage|p1b: Farigiraf|0 fnt
|faint|p1b: Farigiraf
|
|-weather|SunnyDay|[upkeep]
|upkeep
|-message|SitrusC forfeited.
|
|win|itangood5
|l|☆SitrusC
|player|p1|
||SitrusC is ready for game 2.
||itangood5 is ready for game 2.
|uhtml|next|Next: Game 2 of 3
