|j|☆IronHandsGotHands
|j|☆MoodyMukVGC
|html|IronHandsGotHandsMoodyMukVGC    
|uhtml|bestof|Game 1 of a best-of-3
|t:|1757817528
|gametype|doubles
|player|p1|IronHandsGotHands|volkner|1121
|player|p2|MoodyMukVGC|169|1132
|gen|9
|tier|[Gen 9] VGC 2025 Reg H (Bo3)
|rated|
|rule|Species Clause: Limit one of each Pokémon
|rule|Item Clause: Limit 1 of each item
|clearpoke
|poke|p1|Gholdengo, L50|
|poke|p1|Sneasler, L50, F|
|poke|p1|Rillaboom, L50, F|
|poke|p1|Ninetales-Alola, L50, M|
|poke|p1|Incineroar, L50, F|
|poke|p1|Ursaluna-Bloodmoon, L50, M|
|poke|p2|Ursaluna, L50, M|
|poke|p2|Jumpluff, L50, M|
|poke|p2|Charizard, L50, M|
|poke|p2|Torkoal, L50, M|
|poke|p2|Incineroar, L50, M|
|poke|p2|Porygon2, L50|
|teampreview|4
|showteam|p1|Gholdengo||MetalCoat|GoodasGold|MakeItRain,ShadowBall,NastyPlot,Protect||||||50|,,,,,Water]Sneasler||GrassySeed|Unburden|CloseCombat,Acrobatics,SwordsDance,Protect|||F|||50|,,,,,Flying]Rillaboom||AssaultVest|GrassySurge|WoodHammer,GrassyGlide,FakeOut,Uturn|||F|||50|,,,,,Fire]Ninetales-Alola||FocusSash|SnowWarning|Blizzard,IcyWind,AuroraVeil,Protect|||M|||50|,,,,,Ghost]Incineroar||SafetyGoggles|Intimidate|KnockOff,FlareBlitz,PartingShot,FakeOut|||F|||50|,,,,,Ghost]Ursaluna-Bloodmoon||LifeOrb|MindsEye|BloodMoon,HyperVoice,EarthPower,Protect|||M|||50|,,,,,Normal
|showteam|p2|Ursaluna||FlameOrb|Guts|HeadlongRush,Facade,Earthquake,Protect|||M|||50|,,,,,Ghost]Jumpluff||CovertCloak|Chlorophyll|SleepPowder,SunnyDay,Tailwind,RagePowder|||M|||50|,,,,,Water]Charizard||ChoiceSpecs|SolarPower|AirSlash,HeatWave,Overheat,WeatherBall|||M|||50|,,,,,Ghost]Torkoal||EjectPack|Drought|ClearSmog,Eruption,Overheat,Protect|||M|||50|,,,,,Fire]Incineroar||SafetyGoggles|Intimidate|FakeOut,FlareBlitz,KnockOff,PartingShot|||M|||50|,,,,,Ghost]Porygon2||Eviolite|Download|TeraBlast,IceBeam,Recover,TrickRoom||||||50|,,,,,Fighting
|
|t:|1757817602
|teamsize|p1|4
|teamsize|p2|4
|start
|switch|p1a: Sneasler|Sneasler, L50, F|100/100
|switch|p1b: Rillaboom|Rillaboom, L50, F|100/100
|switch|p2a: Jumpluff|Jumpluff, L50, M, shiny|100/100
|switch|p2b: Torkoal|Torkoal, L50, M, shiny|100/100
|-fieldstart|move: Grassy Terrain|[from] ability: Grassy Surge|[of] p1b: Rillaboom
|-enditem|p1a: Sneasler|Grassy Seed
|-boost|p1a: Sneasler|def|1|[from] item: Grassy Seed
|-weather|SunnyDay|[from] ability: Drought|[of] p2b: Torkoal
|turn|1
|
|t:|1757817639
|-terastallize|p1a: Sneasler|Flying
|-terastallize|p2a: Jumpluff|Water
|move|p1b: Rillaboom|Fake Out|p2b: Torkoal
|-damage|p2b: Torkoal|90/100
|move|p1a: Sneasler|Acrobatics|p2a: Jumpluff
|-damage|p2a: Jumpluff|25/100
|move|p2a: Jumpluff|Sleep Powder|p1a: Sneasler|[miss]
|-miss|p2a: Jumpluff|p1a: Sneasler
|cant|p2b: Torkoal|flinch
|
|-weather|SunnyDay|[upkeep]
|-heal|p2a: Jumpluff|31/100|[from] Grassy Terrain
|-heal|p2b: Torkoal|97/100|[from] Grassy Terrain
|upkeep
|turn|2
|
|t:|1757817659
|move|p1b: Rillaboom|Grassy Glide|p2a: Jumpluff
|-supereffective|p2a: Jumpluff
|-damage|p2a: Jumpluff|0 fnt
|faint|p2a: Jumpluff
|move|p1a: Sneasler|Acrobatics|p2b: Torkoal
|-damage|p2b: Torkoal|44/100
|move|p2b: Torkoal|Overheat|p1a: Sneasler
|-damage|p1a: Sneasler|0 fnt
|-unboost|p2b: Torkoal|spa|2
|faint|p1a: Sneasler
|-enditem|p2b: Torkoal|Eject Pack
|
|t:|1757817669
|switch|p2b: Charizard|Charizard, L50, M, shiny|100/100
|
|-weather|SunnyDay|[upkeep]
|-damage|p2b: Charizard|88/100|[from] ability: Solar Power|[of] p2b: Charizard
|upkeep
|
|t:|1757817677
|switch|p1a: Gholdengo|Gholdengo, L50|100/100
|switch|p2a: Ursaluna|Ursaluna, L50, M, shiny|100/100
|turn|3
|j| jeanryupr
|
|t:|1757817689
|switch|p1b: Ninetales|Ninetales-Alola, L50, M|100/100
|-weather|Snowscape|[from] ability: Snow Warning|[of] p1b: Ninetales
|switch|p2a: Torkoal|Torkoal, L50, M, shiny|44/100
|-weather|SunnyDay|[from] ability: Drought|[of] p2a: Torkoal
|move|p2b: Charizard|Heat Wave|p1b: Ninetales|[spread] p1a,p1b
|-supereffective|p1a: Gholdengo
|-supereffective|p1b: Ninetales
|-damage|p1a: Gholdengo|0 fnt
|-enditem|p1b: Ninetales|Focus Sash
|-damage|p1b: Ninetales|1/100
|faint|p1a: Gholdengo
|
|-weather|SunnyDay|[upkeep]
|-damage|p2b: Charizard|76/100|[from] ability: Solar Power|[of] p2b: Charizard
|-heal|p1b: Ninetales|7/100|[from] Grassy Terrain
|-heal|p2a: Torkoal|50/100|[from] Grassy Terrain
|upkeep
|
|t:|1757817696
|switch|p1a: Rillaboom|Rillaboom, L50, F|100/100
|turn|4
|
|t:|1757817705
|move|p1b: Ninetales|Icy Wind|p2b: Charizard|[spread] p2a,p2b
|-resisted|p2a: Torkoal
|-damage|p2a: Torkoal|41/100
|-damage|p2b: Charizard|57/100
|-unboost|p2a: Torkoal|spe|1
|-unboost|p2b: Charizard|spe|1
|move|p1a: Rillaboom|Wood Hammer|p2b: Charizard
|-resisted|p2b: Charizard
|-damage|p2b: Charizard|33/100
|-damage|p1a: Rillaboom|94/100|[from] Recoil
|move|p2b: Charizard|Heat Wave|p1b: Ninetales|[spread] p1a,p1b
|-supereffective|p1a: Rillaboom
|-supereffective|p1b: Ninetales
|-damage|p1a: Rillaboom|0 fnt
|-damage|p1b: Ninetales|0 fnt
|faint|p1a: Rillaboom
|faint|p1b: Ninetales
|
|win|MoodyMukVGC
||IronHandsGotHands is ready for game 2.
||MoodyMukVGC is ready for game 2.
|uhtml|next|Next: Game 2 of 3
|l| jeanryupr
|l|☆IronHandsGotHands
|player|p1|
