|j|☆Govek314
|j|☆raimolol
|html|Govek314raimolol    
|uhtml|bestof|Game 3 of a best-of-3
|t:|1757243209
|gametype|doubles
|player|p1|Govek314|2|1132
|player|p2|raimolol|169|1130
|gen|9
|tier|[Gen 9] VGC 2025 Reg H (Bo3)
|rated|
|rule|Species Clause: Limit one of each Pokémon
|rule|Item Clause: Limit 1 of each item
|clearpoke
|poke|p1|Talonflame, L50, M|
|poke|p1|Tyranitar, L50, F|
|poke|p1|Excadrill, L50, F|
|poke|p1|Basculegion, L50, M|
|poke|p1|Indeedee-F, L50, F|
|poke|p1|Kommo-o, L50, M|
|poke|p2|Lilligant-Hisui, L50, F|
|poke|p2|Torkoal, L50, F|
|poke|p2|Porygon2, L50|
|poke|p2|Incineroar, L50, F|
|poke|p2|Jumpluff, L50, F|
|poke|p2|Ursaluna, L50, M|
|teampreview|4
|showteam|p1|Talonflame||CovertCloak|FlameBody|BraveBird,FlareBlitz,Tailwind,WillOWisp|||M|||50|,,,,,Fairy]Tyranitar||AssaultVest|SandStream|RockSlide,KnockOff,LowKick,TeraBlast|||F|||50|,,,,,Flying]Excadrill||FocusSash|SandRush|IronHead,HighHorsepower,TeraBlast,Protect|||F|||50|,,,,,Grass]Basculegion||ChoiceScarf|Adaptability|WaveCrash,LastRespects,FlipTurn,TeraBlast|||M|||50|,,,,,Fairy]Indeedee-F||PsychicSeed|PsychicSurge|TrickRoom,Psychic,FollowMe,HelpingHand|||F|||50|,,,,,Grass]Kommo-o||ThroatSpray|Overcoat|ClangingScales,ClangorousSoul,AuraSphere,Protect|||M|||50|,,,,,Steel
|showteam|p2|Lilligant-Hisui||ChoiceBand|Chlorophyll|CloseCombat,SolarBlade,IceSpinner,PoisonJab|||F|||50|,,,,,Grass]Torkoal||EjectPack|Drought|Eruption,Overheat,HelpingHand,Protect|||F|||50|,,,,,Fire]Porygon2||Eviolite|Download|TeraBlast,IceBeam,Recover,TrickRoom||||||50|,,,,,Flying]Incineroar||SitrusBerry|Intimidate|FlareBlitz,KnockOff,FakeOut,PartingShot|||F|||50|,,,,,Ghost]Jumpluff||CovertCloak|Chlorophyll|SleepPowder,SunnyDay,RagePowder,Tailwind|||F|||50|,,,,,Water]Ursaluna||FlameOrb|Guts|HeadlongRush,Facade,Earthquake,Protect|||M|||50|,,,,,Ghost
|inactive|Battle timer is ON: inactive players will automatically lose when time's up. (requested by raimolol)
|
|t:|1757243238
|teamsize|p1|4
|teamsize|p2|4
|start
|switch|p1a: Kommo-o|Kommo-o, L50, M, shiny|100/100
|switch|p1b: Indeedee|Indeedee-F, L50, F|100/100
|switch|p2a: Incineroar|Incineroar, L50, F, shiny|100/100
|switch|p2b: Jumpluff|Jumpluff, L50, F|100/100
|-ability|p2a: Incineroar|Intimidate|boost
|-unboost|p1a: Kommo-o|atk|1
|-unboost|p1b: Indeedee|atk|1
|-fieldstart|move: Psychic Terrain|[from] ability: Psychic Surge|[of] p1b: Indeedee
|-enditem|p1b: Indeedee|Psychic Seed
|-boost|p1b: Indeedee|spd|1|[from] item: Psychic Seed
|turn|1
|inactive|Govek314 has 30 seconds left.
|
|t:|1757243268
|move|p1b: Indeedee|Follow Me|p1b: Indeedee
|-singleturn|p1b: Indeedee|move: Follow Me
|move|p2b: Jumpluff|Tailwind|p2b: Jumpluff
|-sidestart|p2: raimolol|move: Tailwind
|move|p2a: Incineroar|Knock Off|p1b: Indeedee
|-supereffective|p1b: Indeedee
|-damage|p1b: Indeedee|45/100
|move|p1a: Kommo-o|Clangorous Soul|p1a: Kommo-o
|-boost|p1a: Kommo-o|atk|1
|-boost|p1a: Kommo-o|def|1
|-boost|p1a: Kommo-o|spa|1
|-boost|p1a: Kommo-o|spd|1
|-boost|p1a: Kommo-o|spe|1
|-damage|p1a: Kommo-o|68/100
|-enditem|p1a: Kommo-o|Throat Spray
|-boost|p1a: Kommo-o|spa|1|[from] item: Throat Spray
|
|upkeep
|turn|2
|inactive|Govek314 has 30 seconds left.
|inactive|raimolol has 30 seconds left.
|
|t:|1757243299
|switch|p2b: Porygon2|Porygon2, L50|100/100
|-ability|p2b: Porygon2|Download|boost
|-boost|p2b: Porygon2|atk|1
|move|p1b: Indeedee|Helping Hand|p1a: Kommo-o
|-singleturn|p1a: Kommo-o|Helping Hand|[of] p1b: Indeedee
|move|p2a: Incineroar|Knock Off|p1b: Indeedee
|-supereffective|p1b: Indeedee
|-damage|p1b: Indeedee|0 fnt
|faint|p1b: Indeedee
|move|p1a: Kommo-o|Clanging Scales|p2a: Incineroar|[spread] p2a,p2b
|-damage|p2a: Incineroar|0 fnt
|-damage|p2b: Porygon2|32/100
|faint|p2a: Incineroar
|-unboost|p1a: Kommo-o|def|1
|
|upkeep
|
|t:|1757243317
|switch|p2a: Jumpluff|Jumpluff, L50, F|100/100
|switch|p1b: Excadrill|Excadrill, L50, F, shiny|100/100
|turn|3
|inactive|Govek314 has 30 seconds left.
|
|t:|1757243348
|-terastallize|p1a: Kommo-o|Steel
|move|p2a: Jumpluff|Sleep Powder|p1a: Kommo-o
|-immune|p1a: Kommo-o|[from] ability: Overcoat
|move|p1a: Kommo-o|Clanging Scales|p2b: Porygon2|[spread] p2a,p2b
|-damage|p2a: Jumpluff|25/100
|-damage|p2b: Porygon2|0 fnt
|faint|p2b: Porygon2
|-unboost|p1a: Kommo-o|def|1
|move|p1b: Excadrill|Iron Head|p2a: Jumpluff
|-damage|p2a: Jumpluff|0 fnt
|faint|p2a: Jumpluff
|
|upkeep
|-message|raimolol forfeited.
|
|win|Govek314
|raw|Govek314's rating: 1132 → 1157(+25 for winning)
|raw|raimolol's rating: 1130 → 1105(-25 for losing)
|l|☆raimolol
|player|p2|
