|j|☆searows
|j|☆Blu123456789
|html|searowsBlu123456789    
|uhtml|bestof|Game 2 of a best-of-3
|t:|1757186728
|gametype|doubles
|player|p1|searows|miku-water|1116
|player|p2|Blu123456789|unknown|1000
|gen|9
|tier|[Gen 9] VGC 2025 Reg H (Bo3)
|rated|
|rule|Species Clause: Limit one of each Pokémon
|rule|Item Clause: Limit 1 of each item
|clearpoke
|poke|p1|Hydreigon, L50, F|
|poke|p1|Ursaluna, L50, M|
|poke|p1|Porygon2, L50|
|poke|p1|Incineroar, L50, M|
|poke|p1|Amoonguss, L50, M|
|poke|p1|Gholdengo, L50|
|poke|p2|Armarouge, L50, M|
|poke|p2|Indeedee, L50, M|
|poke|p2|Sneasler, L50, M|
|poke|p2|Whimsicott, L50, F|
|poke|p2|Annihilape, L50, F|
|poke|p2|Maushold-Four, L50|
|teampreview|4
|showteam|p1|Hydreigon||SafetyGoggles|Levitate|DracoMeteor,Snarl,Tailwind,Protect|||F|||50|,,,,,Ghost]Ursaluna||FlameOrb|Guts|HeadlongRush,Facade,Earthquake,Protect|||M|||50|,,,,,Ghost]Porygon2||Eviolite|Download|TeraBlast,IceBeam,Recover,TrickRoom||||||50|,,,,,Fighting]Incineroar||SitrusBerry|Intimidate|PartingShot,FlareBlitz,KnockOff,FakeOut|||M|||50|,,,,,Ghost]Amoonguss||RockyHelmet|Regenerator|Spore,RagePowder,PollenPuff,Protect|||M|||50|,,,,,Water]Gholdengo||LifeOrb|GoodasGold|MakeItRain,ShadowBall,NastyPlot,Protect||||||50|,,,,,Water
|showteam|p2|Armarouge||WeaknessPolicy|WeakArmor|ArmorCannon,ExpandingForce,AllySwitch,Endure|||M|||50|,,,,,Psychic]Indeedee||ChoiceScarf|PsychicSurge|ExpandingForce,DazzlingGleam,EnergyBall,Trick|||M|||50|,,,,,Steel]Sneasler||PsychicSeed|Unburden|DireClaw,CloseCombat,Taunt,Acrobatics|||M|||50|,,,,,Steel]Whimsicott||FocusSash|Prankster|Tailwind,Taunt,Encore,Endeavor|||F|||50|,,,,,Dark]Annihilape||ChestoBerry|Defiant|RageFist,CloseCombat,RockSlide,Rest|||F|||50|,,,,,Fighting]Maushold-Four||CovertCloak|FriendGuard|BeatUp,FollowMe,Encore,SuperFang||||||50|,,,,,Normal
|
|t:|1757186754
|teamsize|p1|4
|teamsize|p2|4
|start
|switch|p1a: Hydreigon|Hydreigon, L50, F|100/100
|switch|p1b: Incineroar|Incineroar, L50, M|100/100
|switch|p2a: Armarouge|Armarouge, L50, M, shiny|100/100
|switch|p2b: Indeedee|Indeedee, L50, M, shiny|100/100
|-fieldstart|move: Psychic Terrain|[from] ability: Psychic Surge|[of] p2b: Indeedee
|-ability|p1b: Incineroar|Intimidate|boost
|-unboost|p2a: Armarouge|atk|1
|-unboost|p2b: Indeedee|atk|1
|turn|1
|
|t:|1757186791
|-terastallize|p1a: Hydreigon|Ghost
|move|p2a: Armarouge|Endure|p2a: Armarouge
|-singleturn|p2a: Armarouge|move: Endure
|move|p2b: Indeedee|Dazzling Gleam|p1b: Incineroar|[spread] p1a,p1b
|-damage|p1a: Hydreigon|81/100
|-damage|p1b: Incineroar|85/100
|move|p1a: Hydreigon|Tailwind|p1a: Hydreigon
|-sidestart|p1: searows|move: Tailwind
|move|p1b: Incineroar|Knock Off|p2a: Armarouge
|-supereffective|p2a: Armarouge
|-damage|p2a: Armarouge|21/100
|-ability|p2a: Armarouge|Weak Armor|boost
|-unboost|p2a: Armarouge|def|1
|-boost|p2a: Armarouge|spe|2
|-enditem|p2a: Armarouge|Weakness Policy
|-boost|p2a: Armarouge|atk|2|[from] item: Weakness Policy
|-boost|p2a: Armarouge|spa|2|[from] item: Weakness Policy
|
|upkeep
|turn|2
|
|t:|1757186821
|switch|p2b: Sneasler|Sneasler, L50, M, shiny|100/100
|-enditem|p2b: Sneasler|Psychic Seed
|-boost|p2b: Sneasler|spd|1|[from] item: Psychic Seed
|move|p1a: Hydreigon|Snarl|p2a: Armarouge|[spread] p2a,p2b
|-supereffective|p2a: Armarouge
|-resisted|p2b: Sneasler
|-damage|p2a: Armarouge|0 fnt
|-damage|p2b: Sneasler|91/100
|-unboost|p2b: Sneasler|spa|1
|faint|p2a: Armarouge
|move|p1b: Incineroar|Knock Off|p2b: Sneasler
|-resisted|p2b: Sneasler
|-damage|p2b: Sneasler|66/100
|
|upkeep
|-message|Blu123456789 forfeited.
|
|win|searows
|raw|searows's rating: 1116 → 1133(+17 for winning)
|raw|Blu123456789's rating: 1000 → 1000(+0 for losing)
|l|☆Blu123456789
|player|p2|
