|j|☆zimozimo
|j|☆sbhaga34
|html|zimozimosbhaga34    
|uhtml|bestof|Game 2 of a best-of-3
|t:|1784174648
|gametype|doubles
|player|p1|zimozimo|pokemaniac|1026
|player|p2|sbhaga34|hugh|1168
|gen|9
|tier|[Gen 9 Champions] VGC 2026 Reg M-B (Bo3)
|rated|
|rule|Species Clause: Limit one of each Pokémon
|rule|Item Clause: Limit 1 of each item
|clearpoke
|poke|p1|Sceptile, L50, F|
|poke|p1|Gyarados, L50, M|
|poke|p1|Incineroar, L50, M|
|poke|p1|Aegislash, L50, F|
|poke|p1|Rotom, L50|
|poke|p1|Volcarona, L50, F|
|poke|p2|Excadrill, L50, M|
|poke|p2|Tyranitar, L50, F|
|poke|p2|Corviknight, L50, M|
|poke|p2|Rotom-Wash, L50|
|poke|p2|Mimikyu, L50, F|
|poke|p2|Scovillain, L50, M|
|teampreview|4
|showteam|p1|Sceptile||Sceptilite|Overgrow|Protect,DragonPulse,LeafStorm,EarthPower|Timid||F|||50|]Gyarados||Gyaradosite|Intimidate|DragonDance,Earthquake,Waterfall,Protect|Adamant||M|||50|]Incineroar||SitrusBerry|Intimidate|PartingShot,FlareBlitz,FakeOut,WillOWisp|Serious||M|||50|]Aegislash||FocusSash|StanceChange|Poltergeist,ShadowSneak,CloseCombat,IronHead|Adamant||F|||50|]Rotom||ChoiceScarf|Levitate|Discharge,Trick,WillOWisp,Electroweb|Timid|||||50|]Volcarona||ChartiBerry|FlameBody|Tailwind,RagePowder,Protect,HeatWave|Serious||F|||50|
|showteam|p2|Excadrill||FocusSash|SandRush|Earthquake,IronHead,SwordsDance,Protect|Adamant||M|||50|]Tyranitar||Tyranitarite|SandStream|RockSlide,KnockOff,LowKick,Protect|Adamant||F|||50|]Corviknight||SharpBeak|MirrorArmor|BraveBird,Tailwind,BulkUp,Roost|Careful||M|||50|]Rotom-Wash||ChoiceScarf|Levitate|VoltSwitch,Thunderbolt,Electroweb,HydroPump|Timid|||||50|]Mimikyu||FairyFeather|Disguise|PlayRough,ShadowSneak,TrickRoom,ShadowClaw|Adamant||F|||50|]Scovillain||Scovillainite|Chlorophyll|RagePowder,Overheat,GigaDrain,Protect|Calm||M|||50|
|inactive|Battle timer is ON: inactive players will automatically lose when time's up. (requested by sbhaga34)
|inactive|zimozimo has 60 seconds left.
|inactive|zimozimo has 30 seconds left.
|inactive|zimozimo has 20 seconds left.
|inactive|zimozimo has 15 seconds left.
|inactive|zimozimo has 10 seconds left.
|inactive|zimozimo has 5 seconds left.
|
|t:|1784174805
|teamsize|p1|4
|teamsize|p2|4
|start
|switch|p1a: Sceptile|Sceptile, L50, F|100/100
|switch|p1b: Gyarados|Gyarados, L50, M|100/100
|switch|p2a: Rotom|Rotom-Wash, L50|100/100
|switch|p2b: Corviknight|Corviknight, L50, M|100/100
|-ability|p1b: Gyarados|Intimidate|boost
|-unboost|p2a: Rotom|atk|1
|-ability|p2b: Corviknight|Mirror Armor
|-unboost|p1b: Gyarados|atk|1
|turn|1
|inactive|zimozimo has 30 seconds left.
|inactive|zimozimo has 20 seconds left.
|inactive|zimozimo has 15 seconds left.
|inactive|sbhaga34 has 30 seconds left.
|inactive|zimozimo has 10 seconds left.
|inactive|zimozimo has 5 seconds left.
|inactive|sbhaga34 has 20 seconds left.
|inactive|sbhaga34 has 15 seconds left.
|
|t:|1784174862
|move|p1a: Sceptile|Protect|p1a: Sceptile
|-singleturn|p1a: Sceptile|Protect
|move|p2a: Rotom|Electroweb|p1a: Sceptile|[spread] p1b
|-activate|p1a: Sceptile|move: Protect
|-supereffective|p1b: Gyarados|2
|-damage|p1b: Gyarados|38/100
|-unboost|p1b: Gyarados|spe|1
|move|p2b: Corviknight|Tailwind|p2b: Corviknight
|-sidestart|p2: sbhaga34|move: Tailwind
|move|p1b: Gyarados|Dragon Dance|p1b: Gyarados
|-boost|p1b: Gyarados|atk|1
|-boost|p1b: Gyarados|spe|1
|
|upkeep
|turn|2
|inactive|zimozimo has 30 seconds left.
|inactive|zimozimo has 20 seconds left.
|inactive|zimozimo has 15 seconds left.
|inactive|zimozimo has 10 seconds left.
|inactive|zimozimo has 5 seconds left.
|
|t:|1784174917
|switch|p2a: Tyranitar|Tyranitar, L50, F|100/100
|-weather|Sandstorm|[from] ability: Sand Stream|[of] p2a: Tyranitar
|move|p1a: Sceptile|Protect||[still]
|-fail|p1a: Sceptile
|move|p2b: Corviknight|Brave Bird|p1a: Sceptile
|-supereffective|p1a: Sceptile|1
|-damage|p1a: Sceptile|0 fnt
|faint|p1a: Sceptile
|-damage|p2b: Corviknight|75/100|[from] Recoil
|move|p1b: Gyarados|Dragon Dance|p1b: Gyarados
|-boost|p1b: Gyarados|atk|1
|-boost|p1b: Gyarados|spe|1
|
|-weather|Sandstorm|[upkeep]
|-damage|p1b: Gyarados|32/100|[from] Sandstorm
|upkeep
|inactive|zimozimo has 30 seconds left.
|inactive|zimozimo has 20 seconds left.
|inactive|zimozimo has 15 seconds left.
|inactive|zimozimo has 10 seconds left.
|inactive|zimozimo has 5 seconds left.
|
|t:|1784174972
|switch|p1a: Incineroar|Incineroar, L50, M|100/100
|-ability|p1a: Incineroar|Intimidate|boost
|-unboost|p2a: Tyranitar|atk|1
|-ability|p2b: Corviknight|Mirror Armor
|-unboost|p1a: Incineroar|atk|1
|turn|3
|inactive|zimozimo has 30 seconds left.
|inactive|zimozimo has 20 seconds left.
|inactive|zimozimo has 15 seconds left.
|inactive|zimozimo has 10 seconds left.
|inactive|zimozimo has 5 seconds left.
|
|t:|1784175027
|detailschange|p2a: Tyranitar|Tyranitar-Mega, L50, F
|-mega|p2a: Tyranitar|Tyranitar|Tyranitarite
|move|p2a: Tyranitar|Rock Slide|p1a: Incineroar|[spread] p1a,p1b
|-supereffective|p1a: Incineroar|1
|-supereffective|p1b: Gyarados|1
|-damage|p1a: Incineroar|58/100
|-damage|p1b: Gyarados|0 fnt
|faint|p1b: Gyarados
|move|p2b: Corviknight|Brave Bird|p1a: Incineroar
|-damage|p1a: Incineroar|13/100
|-enditem|p1a: Incineroar|Sitrus Berry|[eat]
|-heal|p1a: Incineroar|38/100|[from] item: Sitrus Berry
|-damage|p2b: Corviknight|60/100|[from] Recoil
|move|p1a: Incineroar|Parting Shot|p2a: Tyranitar
|-unboost|p2a: Tyranitar|atk|1
|-unboost|p2a: Tyranitar|spa|1
|inactive|zimozimo has 30 seconds left.
|inactive|zimozimo has 20 seconds left.
|inactive|zimozimo has 15 seconds left.
|inactive|zimozimo has 10 seconds left.
|inactive|zimozimo has 5 seconds left.
|
|t:|1784175082
|switch|p1a: Aegislash|Aegislash, L50, F|100/100|[from] Parting Shot
|
|-weather|Sandstorm|[upkeep]
|upkeep
|inactive|zimozimo has 30 seconds left.
|inactive|zimozimo has 20 seconds left.
|inactive|zimozimo has 15 seconds left.
|inactive|zimozimo has 10 seconds left.
|inactive|zimozimo has 5 seconds left.
|
|t:|1784175137
|switch|p1b: Incineroar|Incineroar, L50, M|38/100
|-ability|p1b: Incineroar|Intimidate|boost
|-unboost|p2a: Tyranitar|atk|1
|-ability|p2b: Corviknight|Mirror Armor
|-unboost|p1b: Incineroar|atk|1
|turn|4
|inactive|zimozimo has 30 seconds left.
|l|☆zimozimo
|inactive|zimozimo disconnected and has a minute to reconnect!
|player|p1|
|inactive|zimozimo has 20 seconds left.
|inactive|zimozimo has 15 seconds left.
|inactive|zimozimo has 10 seconds left.
|inactive|zimozimo has 5 seconds left.
|-message|zimozimo lost due to inactivity.
|
|win|sbhaga34
