|j|☆Pickle315
|j|☆MrGreen3432
|html|Pickle315MrGreen3432    
|uhtml|bestof|Game 1 of a best-of-3
|t:|1756774043
|gametype|doubles
|player|p1|Pickle315|hilbert|1136
|player|p2|MrGreen3432|266|1133
|gen|9
|tier|[Gen 9] VGC 2025 Reg H (Bo3)
|rated|
|rule|Species Clause: Limit one of each Pokémon
|rule|Item Clause: Limit 1 of each item
|clearpoke
|poke|p1|Torkoal, L50, F|
|poke|p1|Amoonguss, L50, F|
|poke|p1|Charizard, L50, F|
|poke|p1|Kingambit, L50, F|
|poke|p1|Rillaboom, L50, M|
|poke|p1|Dragapult, L50, M|
|poke|p2|Politoed, L50, M|
|poke|p2|Gothitelle, L50, M|
|poke|p2|Kingdra, L50, M|
|poke|p2|Archaludon, L50, M|
|poke|p2|Amoonguss, L50, F|
|poke|p2|Incineroar, L50, M|
|teampreview|4
|showteam|p1|Torkoal||SafetyGoggles|Drought|BodyPress,HeatWave,HelpingHand,WillOWisp|||F|||50|,,,,,Fighting]Amoonguss||RockyHelmet|Regenerator|PollenPuff,RagePowder,Spore,Synthesis|||F|||50|,,,,,Water]Charizard||LifeOrb|SolarPower|TeraBlast,HeatWave,Protect,SolarBeam|||F|||50|,,,,,Flying]Kingambit||AssaultVest|Defiant|KowtowCleave,IronHead,SuckerPunch,BrickBreak|||F|||50|,,,,,Ghost]Rillaboom||SitrusBerry|GrassySurge|HighHorsepower,GrassyGlide,SolarBlade,FakeOut|||M|||50|,,,,,Electric]Dragapult||ColburBerry|ClearBody|SunnyDay,Protect,DracoMeteor,Thunderbolt|||M|||50|,,,,,Steel
|showteam|p2|Politoed||Leftovers|Drizzle|Protect,PerishSong,WeatherBall,Encore|||M|||50|,,,,,Grass]Gothitelle||SitrusBerry|ShadowTag|Protect,FakeOut,TrickRoom,Psychic|||M|||50|,,,,,Dark]Kingdra||LifeOrb|SwiftSwim|Protect,DracoMeteor,MuddyWater,WeatherBall|||M|||50|,,,,,Stellar]Archaludon||PowerHerb|Sturdy|Protect,ElectroShot,FlashCannon,DragonPulse|||M|||50|,,,,,Electric]Amoonguss||EjectButton|Regenerator|Protect,RagePowder,Spore,PollenPuff|||F|||50|,,,,,Fairy]Incineroar||SafetyGoggles|Intimidate|Protect,FakeOut,PartingShot,KnockOff|||M|||50|,,,,,Ghost
|inactive|Battle timer is ON: inactive players will automatically lose when time's up. (requested by MrGreen3432)
|inactive|Pickle315 has 60 seconds left.
|
|t:|1756774080
|teamsize|p1|4
|teamsize|p2|4
|start
|switch|p1a: Kingambit|Kingambit, L50, F|100/100
|switch|p1b: Rillaboom|Rillaboom, L50, M|100/100
|switch|p2a: Gothitelle|Gothitelle, L50, M|100/100
|switch|p2b: Kingdra|Kingdra, L50, M|100/100
|-fieldstart|move: Grassy Terrain|[from] ability: Grassy Surge|[of] p1b: Rillaboom
|turn|1
|
|t:|1756774100
|move|p2b: Kingdra|Protect|p2b: Kingdra
|-singleturn|p2b: Kingdra|Protect
|move|p2a: Gothitelle|Protect|p2a: Gothitelle
|-singleturn|p2a: Gothitelle|Protect
|move|p1b: Rillaboom|Fake Out|p2a: Gothitelle
|-activate|p2a: Gothitelle|move: Protect
|move|p1a: Kingambit|Kowtow Cleave|p2a: Gothitelle
|-activate|p2a: Gothitelle|move: Protect
|
|upkeep
|turn|2
|
|t:|1756774122
|switch|p2a: Politoed|Politoed, L50, M|100/100
|-weather|RainDance|[from] ability: Drizzle|[of] p2a: Politoed
|-terastallize|p2b: Kingdra|Stellar
|move|p1b: Rillaboom|Grassy Glide|p2b: Kingdra
|-damage|p2b: Kingdra|58/100
|move|p2b: Kingdra|Weather Ball|p1a: Kingambit
|-damage|p1a: Kingambit|13/100
|-damage|p2b: Kingdra|48/100|[from] item: Life Orb
|move|p1a: Kingambit|Kowtow Cleave|p2a: Politoed
|-damage|p2a: Politoed|48/100
|
|-weather|RainDance|[upkeep]
|-heal|p2b: Kingdra|54/100|[from] Grassy Terrain
|-heal|p2a: Politoed|54/100|[from] Grassy Terrain
|-heal|p2a: Politoed|60/100|[from] item: Leftovers
|-heal|p1a: Kingambit|18/100|[from] Grassy Terrain
|upkeep
|turn|3
|inactive|MrGreen3432 has 30 seconds left.
|
|t:|1756774156
|switch|p2a: Incineroar|Incineroar, L50, M|100/100
|-ability|p2a: Incineroar|Intimidate|boost
|-unboost|p1a: Kingambit|atk|1
|-ability|p1a: Kingambit|Defiant|boost
|-boost|p1a: Kingambit|atk|2
|-unboost|p1b: Rillaboom|atk|1
|move|p1b: Rillaboom|Grassy Glide|p2a: Incineroar
|-resisted|p2a: Incineroar
|-damage|p2a: Incineroar|90/100
|move|p1a: Kingambit|Sucker Punch|p2b: Kingdra
|-damage|p2b: Kingdra|0 fnt
|faint|p2b: Kingdra
|
|-weather|RainDance|[upkeep]
|-heal|p1a: Kingambit|24/100|[from] Grassy Terrain
|-heal|p2a: Incineroar|96/100|[from] Grassy Terrain
|upkeep
|
|t:|1756774162
|switch|p2b: Politoed|Politoed, L50, M|60/100
|turn|4
|-message|MrGreen3432 forfeited.
|
|win|Pickle315
|l|☆MrGreen3432
|player|p2|
||MrGreen3432 is ready for game 2.
||Pickle315 is ready for game 2.
|uhtml|next|Next: Game 2 of 3
