|j|☆001ghoul
|j|☆repdonovan
|html|001ghoulrepdonovan    
|uhtml|bestof|Game 1 of a best-of-3
|t:|1757791494
|gametype|doubles
|player|p1|001ghoul|benga|1073
|player|p2|repdonovan|266|1094
|gen|9
|tier|[Gen 9] VGC 2025 Reg H (Bo3)
|rated|
|rule|Species Clause: Limit one of each Pokémon
|rule|Item Clause: Limit 1 of each item
|clearpoke
|poke|p1|Sneasler, L50, M|
|poke|p1|Dragonite, L50, F|
|poke|p1|Kingambit, L50, M|
|poke|p1|Volcarona, L50, F|
|poke|p1|Electabuzz, L50, M|
|poke|p1|Rillaboom, L50, F|
|poke|p2|Garganacl, L50, M|
|poke|p2|Trevenant, L50, M|
|poke|p2|Glimmora, L50, M|
|poke|p2|Tyranitar, L50, M|
|poke|p2|Comfey, L50, F|
|poke|p2|Incineroar, L50, F|
|teampreview|4
|showteam|p1|Sneasler||FocusSash|Unburden|CloseCombat,DireClaw,FakeOut,Coaching|||M|||50|,,,,,Stellar]Dragonite||LoadedDice|Multiscale|ScaleShot,ExtremeSpeed,Tailwind,Protect|||F|||50|,,,,,Fairy]Kingambit||BlackGlasses|Defiant|KowtowCleave,SuckerPunch,SwordsDance,Protect|||M|||50|,,,,,Dark]Volcarona||SitrusBerry|FlameBody|HeatWave,TeraBlast,QuiverDance,Protect|||F|||50|,,,,,Fairy]Electabuzz||Eviolite|VitalSpirit|Electroweb,FollowMe,Taunt,Protect|||M|||50|,,,,,Ghost]Rillaboom||AssaultVest|Overgrow|HighHorsepower,WoodHammer,GrassyGlide,FakeOut|||F|||50|,,,,,Fire
|showteam|p2|Garganacl||AguavBerry|PurifyingSalt|SaltCure,Protect,WideGuard,Recover|||M|||50|,,,,,Ghost]Trevenant||SitrusBerry|Harvest|HornLeech,LeechSeed,Protect,WillOWisp|||M|||50|,,,,,Normal]Glimmora||CovertCloak|Corrosion|MortalSpin,SpikyShield,EarthPower,DazzlingGleam|||M|||50|,,,,,Grass]Tyranitar||AssaultVest|SandStream|Crunch,RockSlide,IronHead,TeraBlast|||M|||50|,,,,,Flying]Comfey||SafetyGoggles|Triage|DrainingKiss,Taunt,FloralHealing,Protect|||F|||50|,,,,,Steel]Incineroar||RockyHelmet|Intimidate|FakeOut,FlareBlitz,KnockOff,PartingShot|||F|||50|,,,,,Water
|
|t:|1757791563
|teamsize|p1|4
|teamsize|p2|4
|start
|switch|p1a: Dragonite|Dragonite, L50, F|100/100
|switch|p1b: Rillaboom|Rillaboom, L50, F|100/100
|switch|p2a: Garganacl|Garganacl, L50, M|100/100
|switch|p2b: Comfey|Comfey, L50, F|100/100
|turn|1
|
|t:|1757791608
|switch|p2b: Glimmora|Glimmora, L50, M|100/100
|move|p1b: Rillaboom|Fake Out|p2b: Glimmora
|-resisted|p2b: Glimmora
|-damage|p2b: Glimmora|92/100
|move|p1a: Dragonite|Tailwind|p1a: Dragonite
|-sidestart|p1: 001ghoul|move: Tailwind
|move|p2a: Garganacl|Salt Cure|p1a: Dragonite
|-supereffective|p1a: Dragonite
|-damage|p1a: Dragonite|86/100
|-start|p1a: Dragonite|Salt Cure
|
|-damage|p1a: Dragonite|73/100|[from] Salt Cure
|upkeep
|turn|2
|
|t:|1757791660
|-terastallize|p1b: Rillaboom|Fire
|move|p1b: Rillaboom|Wood Hammer|p2a: Garganacl
|-supereffective|p2a: Garganacl
|-damage|p2a: Garganacl|16/100
|-enditem|p2a: Garganacl|Aguav Berry|[eat]
|-heal|p2a: Garganacl|49/100|[from] item: Aguav Berry
|-damage|p1b: Rillaboom|71/100|[from] Recoil
|move|p1a: Dragonite|Scale Shot|p2b: Glimmora
|-damage|p2b: Glimmora|75/100
|-damage|p2b: Glimmora|58/100
|-damage|p2b: Glimmora|41/100
|-damage|p2b: Glimmora|24/100
|-hitcount|p2b: Glimmora|4
|-unboost|p1a: Dragonite|def|1
|-boost|p1a: Dragonite|spe|1
|move|p2b: Glimmora|Mortal Spin|p1b: Rillaboom|[spread] p1a,p1b
|-damage|p1a: Dragonite|67/100
|-damage|p1b: Rillaboom|66/100
|-status|p1a: Dragonite|psn
|-status|p1b: Rillaboom|psn
|move|p2a: Garganacl|Salt Cure|p1b: Rillaboom
|-supereffective|p1b: Rillaboom
|-damage|p1b: Rillaboom|41/100 psn
|-start|p1b: Rillaboom|Salt Cure
|
|-damage|p1a: Dragonite|54/100 psn|[from] psn
|-damage|p1b: Rillaboom|29/100 psn|[from] psn
|-damage|p1a: Dragonite|42/100 psn|[from] Salt Cure
|-damage|p1b: Rillaboom|16/100 psn|[from] Salt Cure
|upkeep
|turn|3
|
|t:|1757791700
|switch|p2b: Comfey|Comfey, L50, F|100/100
|move|p2a: Garganacl|Protect|p2a: Garganacl
|-singleturn|p2a: Garganacl|Protect
|move|p1a: Dragonite|Extreme Speed|p2b: Comfey
|-damage|p2b: Comfey|67/100
|move|p1b: Rillaboom|High Horsepower|p2b: Comfey
|-damage|p2b: Comfey|32/100
|
|-damage|p1a: Dragonite|29/100 psn|[from] psn
|-damage|p1b: Rillaboom|4/100 psn|[from] psn
|-damage|p1a: Dragonite|17/100 psn|[from] Salt Cure
|-damage|p1b: Rillaboom|0 fnt|[from] Salt Cure
|faint|p1b: Rillaboom
|upkeep
|
|t:|1757791717
|switch|p1b: Kingambit|Kingambit, L50, M|100/100
|turn|4
|
|t:|1757791744
|move|p2b: Comfey|Floral Healing|p2a: Garganacl
|-heal|p2a: Garganacl|99/100
|move|p1b: Kingambit|Sucker Punch||[still]
|-fail|p1b: Kingambit
|move|p1a: Dragonite|Scale Shot|p2a: Garganacl
|-damage|p2a: Garganacl|90/100
|-damage|p2a: Garganacl|80/100
|-damage|p2a: Garganacl|70/100
|-damage|p2a: Garganacl|60/100
|-hitcount|p2a: Garganacl|4
|-unboost|p1a: Dragonite|def|1
|-boost|p1a: Dragonite|spe|1
|move|p2a: Garganacl|Salt Cure|p1b: Kingambit
|-resisted|p1b: Kingambit
|-damage|p1b: Kingambit|95/100
|-start|p1b: Kingambit|Salt Cure
|
|-damage|p1a: Dragonite|4/100 psn|[from] psn
|-damage|p1a: Dragonite|0 fnt|[from] Salt Cure
|faint|p1a: Dragonite
|-damage|p1b: Kingambit|70/100|[from] Salt Cure
|-sideend|p1: 001ghoul|move: Tailwind
|upkeep
|-message|001ghoul forfeited.
|
|win|repdonovan
|l|☆001ghoul
|player|p1|
|raw|001ghoul's rating: 1073 → 1053(-20 for losing)
|raw|repdonovan's rating: 1094 → 1118(+24 for winning)
|l|☆repdonovan
|player|p2|
