|j|☆elderen17
|j|☆master 792
|html|elderen17master 792    
|uhtml|bestof|Game 1 of a best-of-3
|t:|1756584515
|gametype|doubles
|player|p1|elderen17|pokemonbreeder-gen4|1118
|player|p2|master 792|red|1224
|gen|9
|tier|[Gen 9] VGC 2025 Reg H (Bo3)
|rated|
|rule|Species Clause: Limit one of each Pokémon
|rule|Item Clause: Limit 1 of each item
|clearpoke
|poke|p1|Dragonite, L50, M|
|poke|p1|Amoonguss, L50, M|
|poke|p1|Ursaluna-Bloodmoon, L50, M|
|poke|p1|Gholdengo, L50|
|poke|p1|Indeedee, L50, M|
|poke|p1|Sneasler, L50, M|
|poke|p2|Volcarona, L50, F|
|poke|p2|Kingambit, L50, M|
|poke|p2|Rillaboom, L50, M|
|poke|p2|Electabuzz, L50, M|
|poke|p2|Sneasler, L50, M|
|poke|p2|Dragonite, L50, F|
|teampreview|4
|showteam|p1|Dragonite||LoadedDice|InnerFocus|ScaleShot,Haze,Tailwind,Protect|||M|||50|,,,,,Fairy]Amoonguss||SitrusBerry|Regenerator|Spore,RagePowder,Protect,PollenPuff|||M|||50|,,,,,Water]Ursaluna-Bloodmoon||LifeOrb|MindsEye|HyperVoice,BloodMoon,EarthPower,Protect|||M|||50|,,,,,Normal]Gholdengo||Leftovers|GoodasGold|MakeItRain,ShadowBall,NastyPlot,Protect||||||50|,,,,,Water]Indeedee||FocusSash|PsychicSurge|TrickRoom,Imprison,ExpandingForce,TeraBlast|||M|||50|,,,,,Fighting]Sneasler||PsychicSeed|Unburden|DireClaw,CloseCombat,ThroatChop,Protect|||M|||50|,,,,,Dark
|showteam|p2|Volcarona||CovertCloak|FlameBody|Protect,HeatWave,TeraBlast,QuiverDance|||F|||50|,,,,,Fairy]Kingambit||BlackGlasses|Defiant|Protect,KowtowCleave,SuckerPunch,SwordsDance|||M|||50|,,,,,Dark]Rillaboom||AssaultVest|GrassySurge|WoodHammer,GrassyGlide,HighHorsepower,FakeOut|||M|||50|,,,,,Fire]Electabuzz||Eviolite|VitalSpirit|Protect,Thunderbolt,Taunt,FollowMe|||M|||50|,,,,,Ghost]Sneasler||FocusSash|Unburden|CloseCombat,DireClaw,Coaching,FakeOut|||M|||50|,,,,,Stellar]Dragonite||LoadedDice|Multiscale|ScaleShot,ExtremeSpeed,Haze,Protect|||F|||50|,,,,,Fairy
|inactive|Battle timer is ON: inactive players will automatically lose when time's up. (requested by elderen17)
|inactive|elderen17 has 60 seconds left.
|inactive|master 792 has 60 seconds left.
|
|t:|1756584553
|teamsize|p1|4
|teamsize|p2|4
|start
|switch|p1a: Dragonite|Dragonite, L50, M|100/100
|switch|p1b: Sneasler|Sneasler, L50, M|100/100
|switch|p2a: Motrha|Volcarona, L50, F, shiny|100/100
|switch|p2b: Limonathor|Rillaboom, L50, M, shiny|100/100
|-fieldstart|move: Grassy Terrain|[from] ability: Grassy Surge|[of] p2b: Limonathor
|turn|1
|
|t:|1756584572
|switch|p1a: Indeedee|Indeedee, L50, M|100/100
|-fieldstart|move: Psychic Terrain|[from] ability: Psychic Surge|[of] p1a: Indeedee
|-enditem|p1b: Sneasler|Psychic Seed
|-boost|p1b: Sneasler|spd|1|[from] item: Psychic Seed
|move|p2b: Limonathor|Fake Out|p1a: Indeedee
|-activate|p1a: Indeedee|move: Psychic Terrain
|move|p1b: Sneasler|Dire Claw|p2a: Motrha
|-damage|p2a: Motrha|48/100
|move|p2a: Motrha|Quiver Dance|p2a: Motrha
|-boost|p2a: Motrha|spa|1
|-boost|p2a: Motrha|spd|1
|-boost|p2a: Motrha|spe|1
|
|upkeep
|turn|2
|
|t:|1756584594
|switch|p2b: Ranger|Kingambit, L50, M, shiny|100/100
|move|p1b: Sneasler|Dire Claw|p2a: Motrha
|-damage|p2a: Motrha|0 fnt
|faint|p2a: Motrha
|move|p1a: Indeedee|Expanding Force|p2b: Ranger
|-immune|p2b: Ranger
|
|upkeep
|
|t:|1756584603
|switch|p2a: Limonathor|Rillaboom, L50, M, shiny|100/100
|-fieldstart|move: Grassy Terrain|[from] ability: Grassy Surge|[of] p2a: Limonathor
|turn|3
|
|t:|1756584617
|switch|p1a: Dragonite|Dragonite, L50, M|100/100
|-terastallize|p2b: Ranger|Dark
|move|p1b: Sneasler|Protect|p1b: Sneasler
|-singleturn|p1b: Sneasler|Protect
|move|p2a: Limonathor|Fake Out|p1b: Sneasler
|-activate|p1b: Sneasler|move: Protect
|move|p2b: Ranger|Swords Dance|p2b: Ranger
|-boost|p2b: Ranger|atk|2
|
|upkeep
|turn|4
|
|t:|1756584639
|move|p1b: Sneasler|Close Combat|p2b: Ranger
|-supereffective|p2b: Ranger
|-damage|p2b: Ranger|0 fnt
|-unboost|p1b: Sneasler|def|1
|-unboost|p1b: Sneasler|spd|1
|faint|p2b: Ranger
|move|p1a: Dragonite|Haze|p1a: Dragonite
|-clearallboost
|move|p2a: Limonathor|High Horsepower|p1b: Sneasler
|-supereffective|p1b: Sneasler
|-damage|p1b: Sneasler|22/100
|
|-heal|p1b: Sneasler|28/100|[from] Grassy Terrain
|upkeep
|
|t:|1756584642
|switch|p2b: Everest|Sneasler, L50, M|100/100
|turn|5
|-message|master 792 forfeited.
|
|win|elderen17
||elderen17 is ready for game 2.
|c|☆master 792|Porque pega tanto
||master 792 is ready for game 2.
|uhtml|next|Next: Game 2 of 3
