|j|☆SeeYouInSf
|j|☆ClodsireFeet
|html|SeeYouInSfClodsireFeet    
|uhtml|bestof|Game 2 of a best-of-3
|t:|1755797659
|gametype|doubles
|player|p1|SeeYouInSf|unknown|1189
|player|p2|ClodsireFeet|harmony|1295
|gen|9
|tier|[Gen 9] VGC 2025 Reg H (Bo3)
|rated|
|rule|Species Clause: Limit one of each Pokémon
|rule|Item Clause: Limit 1 of each item
|clearpoke
|poke|p1|Amoonguss, L50, M|
|poke|p1|Gholdengo, L50|
|poke|p1|Porygon2, L50|
|poke|p1|Incineroar, L50, M|
|poke|p1|Ursaluna, L50, F|
|poke|p1|Tyranitar, L50, F|
|poke|p2|Talonflame, L50, M|
|poke|p2|Gholdengo, L50|
|poke|p2|Indeedee, L50, M|
|poke|p2|Sneasler, L50, F|
|poke|p2|Basculegion, L50, M|
|poke|p2|Ursaluna-Bloodmoon, L50, M|
|teampreview|4
|showteam|p1|Amoonguss||RockyHelmet|Regenerator|Spore,RagePowder,PollenPuff,Protect|||M|||50|,,,,,Water]Gholdengo||LifeOrb|GoodasGold|MakeItRain,ShadowBall,NastyPlot,Protect||||||50|,,,,,Dragon]Porygon2||Eviolite|Download|TeraBlast,TrickRoom,Recover,IceBeam||||||50|,,,,,Fighting]Incineroar||SafetyGoggles|Intimidate|PartingShot,KnockOff,FlareBlitz,FakeOut|||M|||50|,,,,,Ghost]Ursaluna||FlameOrb|Guts|Facade,HeadlongRush,Substitute,Protect|||F|||50|,,,,,Ghost]Tyranitar||AssaultVest|SandStream|LowKick,TeraBlast,RockSlide,KnockOff|||F|||50|,,,,,Fairy
|showteam|p2|Talonflame||CovertCloak|GaleWings|DualWingbeat,Tailwind,FlareBlitz,Taunt|||M|||50|,,,,,Stellar]Gholdengo||ChoiceSpecs|GoodasGold|MakeItRain,ShadowBall,PowerGem,Thunderbolt||||||50|,,,,,Steel]Indeedee||FocusSash|PsychicSurge|ExpandingForce,DazzlingGleam,TrickRoom,Imprison|||M|||50|,,,,,Fairy]Sneasler||PsychicSeed|Unburden|DireClaw,CloseCombat,ThroatChop,Protect|||F|||50|,,,,,Dark]Basculegion||ChoiceScarf|Adaptability|WaveCrash,FlipTurn,LastRespects,AquaJet|||M|||50|,,,,,Grass]Ursaluna-Bloodmoon||LifeOrb|MindsEye|BloodMoon,HyperVoice,EarthPower,Protect|||M|||50|,,,,,Normal
|inactive|Battle timer is ON: inactive players will automatically lose when time's up. (requested by ClodsireFeet)
|inactive|SeeYouInSf also wants the timer to be on.
|inactive|SeeYouInSf has 60 seconds left.
|
|t:|1755797706
|teamsize|p1|4
|teamsize|p2|4
|start
|switch|p1a: Porygon2|Porygon2, L50|100/100
|switch|p1b: Ursaluna|Ursaluna, L50, F|100/100
|switch|p2a: Sneasler|Sneasler, L50, F|100/100
|switch|p2b: Indeedee|Indeedee, L50, M|100/100
|-fieldstart|move: Psychic Terrain|[from] ability: Psychic Surge|[of] p2b: Indeedee
|-enditem|p2a: Sneasler|Psychic Seed
|-boost|p2a: Sneasler|spd|1|[from] item: Psychic Seed
|-ability|p1a: Porygon2|Download|boost
|-boost|p1a: Porygon2|atk|1
|turn|1
|inactive|SeeYouInSf has 30 seconds left.
|inactive|SeeYouInSf has 20 seconds left.
|
|t:|1755797745
|move|p1b: Ursaluna|Protect|p1b: Ursaluna
|-singleturn|p1b: Ursaluna|Protect
|move|p2a: Sneasler|Throat Chop|p1b: Ursaluna
|-activate|p1b: Ursaluna|move: Protect
|move|p2b: Indeedee|Imprison|p2b: Indeedee
|-start|p2b: Indeedee|move: Imprison
|move|p1a: Porygon2|Tera Blast|p2b: Indeedee
|-damage|p2b: Indeedee|61/100
|
|-status|p1b: Ursaluna|brn|[from] item: Flame Orb
|upkeep
|turn|2
|inactive|SeeYouInSf has 30 seconds left.
|inactive|ClodsireFeet has 30 seconds left.
|inactive|ClodsireFeet has 20 seconds left.
|inactive|ClodsireFeet has 15 seconds left.
|
|t:|1755797798
|switch|p1a: Gholdengo|Gholdengo, L50|100/100
|-terastallize|p1b: Ursaluna|Ghost
|move|p2a: Sneasler|Close Combat|p1a: Gholdengo
|-immune|p1a: Gholdengo
|move|p2b: Indeedee|Expanding Force|p1a: Gholdengo|[spread] p1a,p1b
|-resisted|p1a: Gholdengo
|-damage|p1a: Gholdengo|66/100
|-damage|p1b: Ursaluna|50/100 brn
|move|p1b: Ursaluna|Facade|p2a: Sneasler
|-damage|p2a: Sneasler|0 fnt
|faint|p2a: Sneasler
|
|-damage|p1b: Ursaluna|44/100 brn|[from] brn
|upkeep
|
|t:|1755797805
|switch|p2a: Gholdengo|Gholdengo, L50|100/100
|turn|3
|
|t:|1755797827
|move|p1b: Ursaluna|Protect|p1b: Ursaluna
|-singleturn|p1b: Ursaluna|Protect
|move|p1a: Gholdengo|Shadow Ball|p2a: Gholdengo
|-supereffective|p2a: Gholdengo
|-damage|p2a: Gholdengo|0 fnt
|faint|p2a: Gholdengo
|-damage|p1a: Gholdengo|56/100|[from] item: Life Orb
|move|p2b: Indeedee|Expanding Force|p1b: Ursaluna|[spread] p1a
|-activate|p1b: Ursaluna|move: Protect
|-resisted|p1a: Gholdengo
|-crit|p1a: Gholdengo
|-damage|p1a: Gholdengo|2/100
|
|-damage|p1b: Ursaluna|38/100 brn|[from] brn
|upkeep
|
|t:|1755797832
|switch|p2a: Ursaluna|Ursaluna-Bloodmoon, L50, M|100/100
|turn|4
|-message|ClodsireFeet forfeited.
|
|win|SeeYouInSf
|raw|SeeYouInSf's rating: 1189 → 1221(+32 for winning)
|raw|ClodsireFeet's rating: 1295 → 1263(-32 for losing)
|l|☆ClodsireFeet
|player|p2|
