|j|☆SomeKidJon
|j|☆i saw carcosa
|html|SomeKidJoni saw carcosa    
|uhtml|bestof|Game 1 of a best-of-3
|t:|1757122015
|gametype|doubles
|player|p1|SomeKidJon|scientistf|1315
|player|p2|i saw carcosa|pokemonbreederf|1395
|gen|9
|tier|[Gen 9] VGC 2025 Reg H (Bo3)
|rated|
|rule|Species Clause: Limit one of each Pokémon
|rule|Item Clause: Limit 1 of each item
|clearpoke
|poke|p1|Zoroark-Hisui, L50, M|
|poke|p1|Rillaboom, L50, M|
|poke|p1|Basculegion, L50, M|
|poke|p1|Pelipper, L50, M|
|poke|p1|Kingambit, L50, F|
|poke|p1|Farigiraf, L50, F|
|poke|p2|Ursaluna-Bloodmoon, L50, M|
|poke|p2|Gholdengo, L50|
|poke|p2|Incineroar, L50, F|
|poke|p2|Dragonite, L50, M|
|poke|p2|Sneasler, L50, F|
|poke|p2|Amoonguss, L50, F|
|teampreview|4
|showteam|p1|Zoroark-Hisui||ChoiceSpecs|Illusion|HyperVoice,TeraBlast,ShadowBall,SludgeBomb|||M|||50|,,,,,Stellar]Rillaboom||AssaultVest|GrassySurge|FakeOut,GrassyGlide,WoodHammer,HighHorsepower|||M|||50|,,,,,Fire]Basculegion||ChoiceBand|SwiftSwim|WaveCrash,AquaJet,LastRespects,FlipTurn|||M|||50|,,,,,Water]Pelipper||FocusSash|Drizzle|Hurricane,WeatherBall,HelpingHand,Tailwind|||M|||50|,,,,,Dragon]Kingambit||ChopleBerry|Defiant|SuckerPunch,KowtowCleave,SwordsDance,LowKick|||F|||50|,,,,,Dark]Farigiraf||SitrusBerry|ArmorTail|TrickRoom,TwinBeam,HyperVoice,HelpingHand|||F|||50|,,,,,Water
|showteam|p2|Ursaluna-Bloodmoon||LifeOrb|MindsEye|HyperVoice,BloodMoon,EarthPower,Protect|||M|||50|,,,,,Dragon]Gholdengo||MetalCoat|GoodasGold|MakeItRain,ShadowBall,NastyPlot,Protect||||||50|,,,,,Water]Incineroar||AssaultVest|Intimidate|FakeOut,FlareBlitz,KnockOff,Uturn|||F|||50|,,,,,Grass]Dragonite||LoadedDice|Multiscale|ScaleShot,Tailwind,Haze,Protect|||M|||50|,,,,,Fairy]Sneasler||FocusSash|PoisonTouch|DireClaw,CloseCombat,FakeOut,Protect|||F|||50|,,,,,Stellar]Amoonguss||SitrusBerry|Regenerator|Spore,RagePowder,PollenPuff,Protect|||F|||50|,,,,,Water
|
|t:|1757122067
|teamsize|p1|4
|teamsize|p2|4
|start
|switch|p1a: Sciel|Basculegion, L50, M|100/100
|switch|p1b: Esquie|Pelipper, L50, M|100/100
|switch|p2a: Joshua|Dragonite, L50, M|100/100
|switch|p2b: Hehe|Sneasler, L50, F|100/100
|-weather|RainDance|[from] ability: Drizzle|[of] p1b: Esquie
|turn|1
|
|t:|1757122078
|move|p2b: Hehe|Protect|p2b: Hehe
|-singleturn|p2b: Hehe|Protect
|move|p1a: Sciel|Hyper Voice|p2a: Joshua|[spread] p2a
|-activate|p2b: Hehe|move: Protect
|-damage|p2a: Joshua|73/100
|move|p2a: Joshua|Tailwind|p2a: Joshua
|-sidestart|p2: i saw carcosa|move: Tailwind
|move|p1b: Esquie|Tailwind|p1b: Esquie
|-sidestart|p1: SomeKidJon|move: Tailwind
|
|-weather|RainDance|[upkeep]
|upkeep
|turn|2
|
|t:|1757122122
|-terastallize|p1a: Sciel|Stellar
|move|p1b: Esquie|Helping Hand|p1a: Sciel
|-singleturn|p1a: Sciel|Helping Hand|[of] p1b: Esquie
|move|p2b: Hehe|Dire Claw|p1b: Esquie
|-damage|p1b: Esquie|46/100
|move|p1a: Sciel|Hyper Voice|p2a: Joshua|[spread] p2a,p2b
|-damage|p2a: Joshua|0 fnt
|-enditem|p2b: Hehe|Focus Sash
|-damage|p2b: Hehe|1/100
|faint|p2a: Joshua
|
|-weather|RainDance|[upkeep]
|upkeep
|
|t:|1757122132
|switch|p2a: Ursaluna|Ursaluna-Bloodmoon, L50, M|100/100
|turn|3
|
|t:|1757122158
|move|p2b: Hehe|Dire Claw|p1a: Sciel
|-resisted|p1a: Sciel
|-damage|p1a: Sciel|59/100
|-status|p1a: Sciel|slp
|replace|p1a: Verso|Zoroark-Hisui, L50, M, shiny
|-end|p1a: Verso|Illusion
|cant|p1a: Verso|slp
|move|p1b: Esquie|Weather Ball|p2a: Ursaluna
|-supereffective|p2a: Ursaluna
|-damage|p2a: Ursaluna|0 fnt
|faint|p2a: Ursaluna
|
|-weather|RainDance|[upkeep]
|upkeep
|-message|i saw carcosa forfeited.
|
|win|SomeKidJon
|l|☆i saw carcosa
|player|p2|
||i saw carcosa is ready for game 2.
||SomeKidJon is ready for game 2.
|uhtml|next|Next: Game 2 of 3
|j|☆i saw carcosa
|player|p2|i saw carcosa|pokemonbreederf|
