|j|☆ugiiiiii
|j|☆Jakobtc
|html|ugiiiiiiJakobtc    
|uhtml|bestof|Game 2 of a best-of-3
|t:|1756701410
|gametype|doubles
|player|p1|ugiiiiii|winona|1165
|player|p2|Jakobtc|riley|1159
|gen|9
|tier|[Gen 9] VGC 2025 Reg H (Bo3)
|rated|
|rule|Species Clause: Limit one of each Pokémon
|rule|Item Clause: Limit 1 of each item
|clearpoke
|poke|p1|Incineroar, L50, M|
|poke|p1|Ursaluna, L50, F|
|poke|p1|Indeedee-F, L50, F|
|poke|p1|Armarouge, L50, F|
|poke|p1|Smeargle, L50, F|
|poke|p1|Annihilape, L50, F|
|poke|p2|Archaludon, L50, M|
|poke|p2|Incineroar, L50, M|
|poke|p2|Porygon2, L50|
|poke|p2|Ursaluna, L50, M|
|poke|p2|Sneasler, L50, M|
|poke|p2|Kilowattrel, L50, M|
|teampreview|4
|showteam|p1|Incineroar||SafetyGoggles|Intimidate|PartingShot,FakeOut,KnockOff,Taunt|||M|||50|,,,,,Ghost]Ursaluna||FlameOrb|Guts|Facade,Earthquake,HeadlongRush,Protect|||F|||50|,,,,,Ghost]Indeedee-F||MentalHerb|PsychicSurge|TrickRoom,HelpingHand,FollowMe,ShadowBall|||F|||50|,,,,,Fairy]Armarouge||WeaknessPolicy|FlashFire|ArmorCannon,ExpandingForce,Protect,TrickRoom|||F|||50|,,,,,Psychic]Smeargle||FocusSash|Moody|Decorate,Protect,FollowMe,Spore|||F|||50|,,,,,Ghost]Annihilape||ChoiceScarf|Defiant|CloseCombat,RageFist,Coaching,FinalGambit|||F|||50|,,,,,Fighting
|showteam|p2|Archaludon||PowerHerb|Stalwart|ElectroShot,DragonPulse,Thunderbolt,Protect|||M|||50|,,,,,Electric]Incineroar||SafetyGoggles|Intimidate|FakeOut,FlareBlitz,KnockOff,PartingShot|||M|||50|,,,,,Bug]Porygon2||Eviolite|Download|TeraBlast,IceBeam,Recover,TrickRoom||||||50|,,,,,Flying]Ursaluna||FlameOrb|Guts|Facade,HeadlongRush,Earthquake,Protect|||M|||50|,,,,,Ghost]Sneasler||WhiteHerb|Unburden|DireClaw,CloseCombat,Taunt,Protect|||M|||50|,,,,,Stellar]Kilowattrel||FocusSash|Competitive|Thunderbolt,AirSlash,Tailwind,Protect|||M|||50|,,,,,Ghost
|
|t:|1756701434
|teamsize|p1|4
|teamsize|p2|4
|start
|switch|p1a: Indeedee|Indeedee-F, L50, F|100/100
|switch|p1b: Armarouge|Armarouge, L50, F|100/100
|switch|p2a: Sneasler|Sneasler, L50, M|100/100
|switch|p2b: Porygon2|Porygon2, L50, shiny|100/100
|-ability|p2b: Porygon2|Download|boost
|-boost|p2b: Porygon2|spa|1
|-fieldstart|move: Psychic Terrain|[from] ability: Psychic Surge|[of] p1a: Indeedee
|turn|1
|inactive|Battle timer is ON: inactive players will automatically lose when time's up. (requested by ugiiiiii)
|inactive|Jakobtc has 60 seconds left.
|inactive|ugiiiiii has 60 seconds left.
|
|t:|1756701473
|switch|p2a: Incineroar|Incineroar, L50, M|100/100
|-ability|p2a: Incineroar|Intimidate|boost
|-unboost|p1a: Indeedee|atk|1
|-unboost|p1b: Armarouge|atk|1
|move|p1a: Indeedee|Follow Me|p1a: Indeedee
|-singleturn|p1a: Indeedee|move: Follow Me
|move|p2b: Porygon2|Tera Blast|p1a: Indeedee
|-damage|p1a: Indeedee|51/100
|move|p1b: Armarouge|Expanding Force|p2b: Porygon2|[spread] p2b
|-immune|p2a: Incineroar
|-damage|p2b: Porygon2|63/100
|
|upkeep
|turn|2
|inactive|Jakobtc has 30 seconds left.
|inactive|Jakobtc has 20 seconds left.
|inactive|Jakobtc has 15 seconds left.
|
|t:|1756701515
|move|p1a: Indeedee|Follow Me|p1a: Indeedee
|-singleturn|p1a: Indeedee|move: Follow Me
|move|p2b: Porygon2|Recover|p2b: Porygon2
|-heal|p2b: Porygon2|100/100
|move|p2a: Incineroar|Flare Blitz|p1a: Indeedee
|-damage|p1a: Indeedee|0 fnt
|faint|p1a: Indeedee
|-damage|p2a: Incineroar|86/100|[from] Recoil
|move|p1b: Armarouge|Trick Room|p1b: Armarouge
|-fieldstart|move: Trick Room|[of] p1b: Armarouge
|
|upkeep
|inactive|ugiiiiii has 30 seconds left.
|
|t:|1756701540
|switch|p1a: Smeargle|Smeargle, L50, F|100/100
|turn|3
|
|t:|1756701556
|move|p1a: Smeargle|Spore|p2a: Incineroar
|-activate|p2a: Incineroar|item: Safety Goggles|Spore
|move|p1b: Armarouge|Expanding Force|p2a: Incineroar|[spread] p2b
|-immune|p2a: Incineroar
|-damage|p2b: Porygon2|68/100
|move|p2a: Incineroar|Knock Off|p1a: Smeargle
|-damage|p1a: Smeargle|34/100
|-enditem|p1a: Smeargle|Focus Sash|[from] move: Knock Off|[of] p2a: Incineroar
|move|p2b: Porygon2|Tera Blast|p1a: Smeargle
|-damage|p1a: Smeargle|0 fnt
|faint|p1a: Smeargle
|
|upkeep
|
|t:|1756701565
|switch|p1a: Ursaluna|Ursaluna, L50, F|100/100
|turn|4
|-message|ugiiiiii forfeited.
|
|win|Jakobtc
|raw|ugiiiiii's rating: 1165 → 1140(-25 for losing)
|raw|Jakobtc's rating: 1159 → 1184(+25 for winning)
|l|☆ugiiiiii
|player|p1|
