|j|☆moicito
|j|☆Lord_of_Ewoks
|html|moicitoLord_of_Ewoks    
|uhtml|bestof|Game 2 of a best-of-3
|t:|1756959041
|gametype|doubles
|player|p1|moicito|caitlin|1151
|player|p2|Lord_of_Ewoks|101|1107
|gen|9
|tier|[Gen 9] VGC 2025 Reg H (Bo3)
|rated|
|rule|Species Clause: Limit one of each Pokémon
|rule|Item Clause: Limit 1 of each item
|clearpoke
|poke|p1|Kingambit, L50, F|
|poke|p1|Rillaboom, L50, F|
|poke|p1|Magmar, L50, M|
|poke|p1|Primarina, L50, M|
|poke|p1|Sneasler, L50, F|
|poke|p1|Dragapult, L50, F|
|poke|p2|Blaziken, L50, F|
|poke|p2|Primarina, L50, M|
|poke|p2|Serperior, L50, F|
|poke|p2|Incineroar, L50, F|
|poke|p2|Indeedee-F, L50, F|
|poke|p2|Dragapult, L50, M|
|teampreview|4
|showteam|p1|Kingambit||BlackGlasses|Defiant|Protect,KowtowCleave,SuckerPunch,SwordsDance|||F|||50|,,,,,Ghost]Rillaboom||AssaultVest|GrassySurge|WoodHammer,GrassyGlide,HighHorsepower,FakeOut|||F|||50|,,,,,Fire]Magmar||Eviolite|VitalSpirit|Overheat,WillOWisp,FollowMe,Protect|||M|||50|,,,,,Ghost]Primarina||SitrusBerry|LiquidVoice|HyperVoice,Moonblast,Haze,Protect|||M|||50|,,,,,Water]Sneasler||FocusSash|PoisonTouch|CloseCombat,DireClaw,Coaching,FakeOut|||F|||50|,,,,,Stellar]Dragapult||ChoiceBand|ClearBody|DragonDarts,TeraBlast,PhantomForce,Uturn|||F|||50|,,,,,Steel
|showteam|p2|Blaziken||ClearAmulet|SpeedBoost|FirePledge,CloseCombat,RockSlide,Protect|||F|||50|,,,,,Dark]Primarina||LifeOrb|LiquidVoice|HyperVoice,Moonblast,WaterPledge,Protect|||M|||50|,,,,,Poison]Serperior||FocusSash|Contrary|LeafStorm,TeraBlast,GrassPledge,Protect|||F|||50|,,,,,Stellar]Incineroar||SitrusBerry|Intimidate|FakeOut,PartingShot,KnockOff,WillOWisp|||F|||50|,,,,,Ghost]Indeedee-F||SafetyGoggles|PsychicSurge|FollowMe,Protect,TrickRoom,Psychic|||F|||50|,,,,,Dark]Dragapult||ChoiceBand|ClearBody|DragonDarts,PhantomForce,Uturn,PsychicFangs|||M|||50|,,,,,Dragon
|inactive|Battle timer is ON: inactive players will automatically lose when time's up. (requested by Lord_of_Ewoks)
|inactive|moicito has 60 seconds left.
|inactive|moicito has 30 seconds left.
|inactive|moicito has 20 seconds left.
|inactive|moicito has 15 seconds left.
|inactive|moicito has 10 seconds left.
|inactive|moicito has 5 seconds left.
|
|t:|1756959131
|teamsize|p1|4
|teamsize|p2|4
|start
|switch|p1a: Rilli|Rillaboom, L50, F, shiny|100/100
|switch|p1b: Kingii|Kingambit, L50, F, shiny|100/100
|switch|p2a: Blaziken|Blaziken, L50, F|100/100
|switch|p2b: Serperior|Serperior, L50, F|100/100
|-fieldstart|move: Grassy Terrain|[from] ability: Grassy Surge|[of] p1a: Rilli
|turn|1
|
|t:|1756959154
|move|p2b: Serperior|Protect|p2b: Serperior
|-singleturn|p2b: Serperior|Protect
|move|p1a: Rilli|Fake Out|p2a: Blaziken
|-damage|p2a: Blaziken|79/100
|cant|p2a: Blaziken|flinch
|move|p1b: Kingii|Swords Dance|p1b: Kingii
|-boost|p1b: Kingii|atk|2
|
|-heal|p2a: Blaziken|84/100|[from] Grassy Terrain
|-ability|p2a: Blaziken|Speed Boost|boost
|-boost|p2a: Blaziken|spe|1
|upkeep
|turn|2
|inactive|moicito has 30 seconds left.
|inactive|moicito has 20 seconds left.
|inactive|moicito has 15 seconds left.
|inactive|moicito has 10 seconds left.
|inactive|moicito has 5 seconds left.
|
|t:|1756959205
|move|p1a: Rilli|Grassy Glide|p2a: Blaziken
|-resisted|p2a: Blaziken
|-damage|p2a: Blaziken|52/100
|move|p1b: Kingii|Sucker Punch|p2a: Blaziken
|-resisted|p2a: Blaziken
|-damage|p2a: Blaziken|0 fnt
|faint|p2a: Blaziken
|move|p2b: Serperior|Grass Pledge|p1b: Kingii
|-resisted|p1b: Kingii
|-damage|p1b: Kingii|82/100
|
|-heal|p1b: Kingii|87/100|[from] Grassy Terrain
|upkeep
|-message|Lord_of_Ewoks forfeited.
|
|win|moicito
||Lord_of_Ewoks is ready for game 3.
||moicito is ready for game 3.
|uhtml|next|Next: Game 3 of 3
|l|☆Lord_of_Ewoks
|player|p2|
