|j|☆Northgdh
|j|☆imkernal
|html|Northgdhimkernal    
|uhtml|bestof|Game 1 of a best-of-3
|t:|1783730010
|gametype|doubles
|player|p1|Northgdh|265|1039
|player|p2|imkernal|170|1000
|gen|9
|tier|[Gen 9 Champions] VGC 2026 Reg M-B (Bo3)
|rated|
|rule|Species Clause: Limit one of each Pokémon
|rule|Item Clause: Limit 1 of each item
|clearpoke
|poke|p1|Floette-Eternal, L50, F|
|poke|p1|Sinistcha, L50|
|poke|p1|Sneasler, L50, F|
|poke|p1|Incineroar, L50, F, shiny|
|poke|p1|Kingambit, L50, M, shiny|
|poke|p1|Blastoise, L50, M, shiny|
|poke|p2|Gengar, L50, M|
|poke|p2|Maushold, L50|
|poke|p2|Kingambit, L50, F|
|poke|p2|Politoed, L50, F|
|poke|p2|Staraptor, L50, F|
|poke|p2|Scizor, L50, F|
|teampreview|4
|showteam|p1|Floette-Eternal||Floettite|FlowerVeil|Moonblast,DrainingKiss,CalmMind,Protect|Modest||F|||50|]Sinistcha||OccaBerry|Hospitality|MatchaGotcha,LifeDew,RagePowder,Protect|Calm|||||50|]Sneasler||FocusSash|PoisonTouch|CloseCombat,PoisonJab,FakeOut,QuickGuard|Jolly||F|||50|]Incineroar||SitrusBerry|Intimidate|FlareBlitz,FakeOut,HelpingHand,PartingShot|Impish||F|||50|]Kingambit||BlackGlasses|Defiant|KowtowCleave,SuckerPunch,SwordsDance,Protect|Adamant||M|||50|]Blastoise||Blastoisinite|RainDish|WaterSpout,DarkPulse,ShellSmash,Protect|Modest||M|||50|
|showteam|p2|Gengar||Gengarite|CursedBody|Protect,SludgeWave,PerishSong,Thunder|Timid||M|||50|]Maushold||FocusSash|FriendGuard|FollowMe,Taunt,RainDance,Protect|Jolly|||||50|]Kingambit||ChopleBerry|SupremeOverlord|KowtowCleave,LowKick,Protect,IronHead|Brave||F|||50|]Politoed||Leftovers|Drizzle|Protect,PerishSong,WeatherBall,IceBeam|Modest||F|||50|]Staraptor||ChoiceScarf|Intimidate|Uturn,FinalGambit,Tailwind,BlazeKick|Adamant||F|||50|]Scizor||Scizorite|Technician|Uturn,SwordsDance,BulletPunch,CloseCombat|Adamant||F|||50|
|inactive|Battle timer is ON: inactive players will automatically lose when time's up. (requested by Northgdh)
|inactive|Northgdh has 60 seconds left.
|
|t:|1783730041
|teamsize|p1|4
|teamsize|p2|4
|start
|switch|p1a: the cure|Sinistcha, L50|100/100
|switch|p1b: begged|Blastoise, L50, M, shiny|100/100
|switch|p2a: Gengar|Gengar, L50, M|100/100
|switch|p2b: Maushold|Maushold, L50|100/100
|turn|1
|
|t:|1783730054
|detailschange|p1b: begged|Blastoise-Mega, L50, M, shiny
|-mega|p1b: begged|Blastoise|Blastoisinite
|move|p2b: Maushold|Follow Me|p2b: Maushold
|-singleturn|p2b: Maushold|move: Follow Me
|move|p1a: the cure|Rage Powder|p1a: the cure
|-singleturn|p1a: the cure|move: Rage Powder
|move|p2a: Gengar|Perish Song|p2a: Gengar
|-start|p1a: the cure|perish3|[silent]
|-start|p1b: begged|perish3|[silent]
|-start|p2a: Gengar|perish3|[silent]
|-start|p2b: Maushold|perish3|[silent]
|-fieldactivate|move: Perish Song
|move|p1b: begged|Shell Smash|p1b: begged
|-unboost|p1b: begged|def|1
|-unboost|p1b: begged|spd|1
|-boost|p1b: begged|atk|2
|-boost|p1b: begged|spa|2
|-boost|p1b: begged|spe|2
|
|-start|p1b: begged|perish3
|-start|p2b: Maushold|perish3
|-start|p2a: Gengar|perish3
|-start|p1a: the cure|perish3
|upkeep
|turn|2
|
|t:|1783730071
|detailschange|p2a: Gengar|Gengar-Mega, L50, M
|-mega|p2a: Gengar|Gengar|Gengarite
|move|p2a: Gengar|Protect|p2a: Gengar
|-singleturn|p2a: Gengar|Protect
|move|p2b: Maushold|Protect|p2b: Maushold
|-singleturn|p2b: Maushold|Protect
|move|p1a: the cure|Rage Powder|p1a: the cure
|-singleturn|p1a: the cure|move: Rage Powder
|move|p1b: begged|Water Spout|p2a: Gengar|[spread] 
|-activate|p2a: Gengar|move: Protect
|-activate|p2b: Maushold|move: Protect
|
|-start|p1b: begged|perish2
|-start|p2a: Gengar|perish2
|-start|p2b: Maushold|perish2
|-start|p1a: the cure|perish2
|upkeep
|turn|3
|inactive|imkernal has 30 seconds left.
|inactive|imkernal has 20 seconds left.
|
|t:|1783730108
|move|p1b: begged|Water Spout|p2b: Maushold|[spread] p2a,p2b
|-damage|p2a: Gengar|0 fnt
|-enditem|p2b: Maushold|Focus Sash
|-damage|p2b: Maushold|1/100
|faint|p2a: Gengar
|move|p2b: Maushold|Taunt|p1a: the cure
|-start|p1a: the cure|move: Taunt
|move|p1a: the cure|Matcha Gotcha|p2b: Maushold
|-damage|p2b: Maushold|0 fnt
|faint|p2b: Maushold
|
|-start|p1b: begged|perish1
|-start|p1a: the cure|perish1
|upkeep
|-message|imkernal forfeited.
|
|win|Northgdh
|l|☆imkernal
|player|p2|
