|j|☆spellbreakvgc
|j|☆iflamercenar
|html|spellbreakvgciflamercenar    
|uhtml|bestof|Game 2 of a best-of-3
|t:|1756809011
|gametype|doubles
|player|p1|spellbreakvgc|lance|1134
|player|p2|iflamercenar|acetrainer-gen4dp|1193
|gen|9
|tier|[Gen 9] VGC 2025 Reg H (Bo3)
|rated|
|rule|Species Clause: Limit one of each Pokémon
|rule|Item Clause: Limit 1 of each item
|clearpoke
|poke|p1|Garchomp, L50, F|
|poke|p1|Weezing-Galar, L50, F|
|poke|p1|Archaludon, L50, M|
|poke|p1|Gholdengo, L50|
|poke|p1|Talonflame, L50, F|
|poke|p1|Annihilape, L50, F|
|poke|p2|Golem-Alola, L50, F|
|poke|p2|Rabsca, L50, F|
|poke|p2|Garchomp, L50, M|
|poke|p2|Talonflame, L50, F|
|poke|p2|Gholdengo, L50|
|poke|p2|Ninetales-Alola, L50, M|
|teampreview|4
|showteam|p1|Garchomp||LifeOrb|RoughSkin|DragonClaw,Earthquake,StompingTantrum,Protect|||F|||50|,,,,,Ground]Weezing-Galar||FocusSash|NeutralizingGas|Protect,SludgeBomb,Taunt,StrangeSteam|||F|||50|,,,,,Flying]Archaludon||PowerHerb|Sturdy|ElectroShot,Thunderbolt,DracoMeteor,Protect|||M|||50|,,,,,Electric]Gholdengo||ChoiceSpecs|GoodasGold|ShadowBall,DazzlingGleam,PowerGem,MakeItRain||||||50|,,,,,Fairy]Talonflame||CovertCloak|GaleWings|Tailwind,DualWingbeat,WillOWisp,FlareBlitz|||F|||50|,,,,,Stellar]Annihilape||AssaultVest|Defiant|CloseCombat,RageFist,FinalGambit,IcePunch|||F|||50|,,,,,Grass
|showteam|p2|Golem-Alola||ClearAmulet|Galvanize|Explosion,RockSlide,DoubleEdge,Protect|||F|||50|,,,,,Grass]Rabsca||LeppaBerry|Telepathy|Psychic,TrickRoom,RevivalBlessing,Protect|||F|||50|,,,,,Dark]Garchomp||LifeOrb|RoughSkin|StompingTantrum,Earthquake,DragonClaw,Protect|||M|||50|,,,,,Steel]Talonflame||CovertCloak|GaleWings|BraveBird,WillOWisp,Tailwind,Protect|||F|||50|,,,,,Grass]Gholdengo||MetalCoat|GoodasGold|MakeItRain,ShadowBall,NastyPlot,Protect||||||50|,,,,,Flying]Ninetales-Alola||LightClay|SnowWarning|Moonblast,AuroraVeil,IcyWind,Protect|||M|||50|,,,,,Water
|inactive|Battle timer is ON: inactive players will automatically lose when time's up. (requested by spellbreakvgc)
|inactive|spellbreakvgc has 60 seconds left.
|inactive|iflamercenar has 60 seconds left.
|
|t:|1756809059
|teamsize|p1|4
|teamsize|p2|4
|start
|switch|p1a: Talonflame|Talonflame, L50, F|100/100
|switch|p1b: Archaludon|Archaludon, L50, M|100/100
|switch|p2a: Garchomp|Garchomp, L50, M|100/100
|switch|p2b: Golem|Golem-Alola, L50, F|100/100
|turn|1
|inactive|iflamercenar has 30 seconds left.
|
|t:|1756809087
|move|p1b: Archaludon|Protect|p1b: Archaludon
|-singleturn|p1b: Archaludon|Protect
|move|p1a: Talonflame|Tailwind|p1a: Talonflame
|-sidestart|p1: spellbreakvgc|move: Tailwind
|move|p2a: Garchomp|Stomping Tantrum|p1b: Archaludon
|-activate|p1b: Archaludon|move: Protect
|move|p2b: Golem|Double-Edge|p1a: Talonflame
|-supereffective|p1a: Talonflame
|-damage|p1a: Talonflame|0 fnt
|faint|p1a: Talonflame
|-damage|p2b: Golem|69/100|[from] Recoil
|
|upkeep
|
|t:|1756809109
|switch|p1a: Garchomp|Garchomp, L50, F|100/100
|turn|2
|inactive|iflamercenar has 30 seconds left.
|
|t:|1756809137
|switch|p2b: Talonflame|Talonflame, L50, F|100/100
|-terastallize|p2a: Garchomp|Steel
|move|p1a: Garchomp|Earthquake|p2a: Garchomp|[spread] p1b,p2a
|-immune|p2b: Talonflame
|-supereffective|p1b: Archaludon
|-supereffective|p2a: Garchomp
|-damage|p1b: Archaludon|14/100
|-damage|p2a: Garchomp|0 fnt
|faint|p2a: Garchomp
|-damage|p1a: Garchomp|91/100|[from] item: Life Orb
|move|p1b: Archaludon|Draco Meteor|p2b: Talonflame
|-damage|p2b: Talonflame|8/100
|-unboost|p1b: Archaludon|spa|2
|
|upkeep
|
|t:|1756809149
|switch|p2a: Gholdengo|Gholdengo, L50|100/100
|turn|3
|
|t:|1756809162
|move|p2a: Gholdengo|Protect|p2a: Gholdengo
|-singleturn|p2a: Gholdengo|Protect
|move|p1a: Garchomp|Dragon Claw|p2b: Talonflame
|-damage|p2b: Talonflame|0 fnt
|faint|p2b: Talonflame
|-damage|p1a: Garchomp|81/100|[from] item: Life Orb
|move|p1b: Archaludon|Electro Shot||[still]
|-prepare|p1b: Archaludon|Electro Shot
|-boost|p1b: Archaludon|spa|1
|-enditem|p1b: Archaludon|Power Herb
|-anim|p1b: Archaludon|Electro Shot|p2a: Gholdengo
|-activate|p2a: Gholdengo|move: Protect
|
|upkeep
|
|t:|1756809167
|switch|p2b: Golem|Golem-Alola, L50, F|69/100
|turn|4
|-message|iflamercenar forfeited.
|
|win|spellbreakvgc
