|j|☆MuseigenTest
|j|☆HelhiemFiend
|html|MuseigenTestHelhiemFiend    
|uhtml|bestof|Game 1 of a best-of-3
|t:|1756336046
|gametype|doubles
|player|p1|MuseigenTest|170|1137
|player|p2|HelhiemFiend|169|1187
|gen|9
|tier|[Gen 9] VGC 2025 Reg H (Bo3)
|rated|
|rule|Species Clause: Limit one of each Pokémon
|rule|Item Clause: Limit 1 of each item
|clearpoke
|poke|p1|Sneasler, L50, M|
|poke|p1|Indeedee, L50, M|
|poke|p1|Volcarona, L50, F|
|poke|p1|Ursaluna-Bloodmoon, L50, M|
|poke|p1|Annihilape, L50, M|
|poke|p1|Tyranitar, L50, M|
|poke|p2|Dragapult, L50, F|
|poke|p2|Kingambit, L50, M|
|poke|p2|Rillaboom, L50, M|
|poke|p2|Glimmora, L50, M|
|poke|p2|Sneasler, L50, M|
|poke|p2|Amoonguss, L50, F|
|teampreview|4
|showteam|p1|Sneasler||PsychicSeed|Unburden|CloseCombat,DireClaw,ThroatChop,Protect|||M|||50|,,,,,Dark]Indeedee||ChoiceScarf|PsychicSurge|ExpandingForce,TeraBlast,Trick,Protect|||M|||50|,,,,,Psychic]Volcarona||SitrusBerry|FlameBody|Overheat,StruggleBug,RagePowder,Tailwind|||F|||50|,,,,,Grass]Ursaluna-Bloodmoon||LifeOrb|MindsEye|BloodMoon,HyperVoice,EarthPower,Protect|||M|||50|,,,,,Normal]Annihilape||SafetyGoggles|Defiant|CloseCombat,RageFist,Taunt,FinalGambit|||M|||50|,,,,,Fairy]Tyranitar||AssaultVest|SandStream|RockSlide,KnockOff,TeraBlast,LowKick|||M|||50|,,,,,Flying
|showteam|p2|Dragapult||ChoiceBand|ClearBody|DragonDarts,TeraBlast,PhantomForce,Uturn|||F|||50|,,,,,Ghost]Kingambit||SafetyGoggles|Defiant|KowtowCleave,SuckerPunch,SwordsDance,Protect|||M|||50|,,,,,Dark]Rillaboom||AssaultVest|GrassySurge|WoodHammer,GrassyGlide,FakeOut,Uturn|||M|||50|,,,,,Fire]Glimmora||LifeOrb|ToxicDebris|SludgeBomb,PowerGem,EarthPower,SpikyShield|||M|||50|,,,,,Grass]Sneasler||FocusSash|Unburden|DireClaw,CloseCombat,FakeOut,Protect|||M|||50|,,,,,Stellar]Amoonguss||CovertCloak|Regenerator|Spore,RagePowder,PollenPuff,Protect|||F|||50|,,,,,Water
|c|☆MuseigenTest|GL
|c|☆HelhiemFiend|glhf
|inactive|Battle timer is ON: inactive players will automatically lose when time's up. (requested by MuseigenTest)
|inactive|MuseigenTest has 60 seconds left.
|inactive|HelhiemFiend has 60 seconds left.
|
|t:|1756336121
|teamsize|p1|4
|teamsize|p2|4
|start
|switch|p1a: Volcarona|Volcarona, L50, F|100/100
|switch|p1b: Tyranitar|Tyranitar, L50, M|100/100
|switch|p2a: Gambling!|Sneasler, L50, M|100/100
|switch|p2b: Earhart|Dragapult, L50, F|100/100
|-weather|Sandstorm|[from] ability: Sand Stream|[of] p1b: Tyranitar
|turn|1
|inactive|MuseigenTest has 30 seconds left.
|inactive|HelhiemFiend has 30 seconds left.
|inactive|MuseigenTest has 20 seconds left.
|inactive|MuseigenTest has 15 seconds left.
|
|t:|1756336161
|-terastallize|p1b: Tyranitar|Flying
|move|p2a: Gambling!|Fake Out|p1b: Tyranitar
|-damage|p1b: Tyranitar|88/100
|move|p2b: Earhart|Dragon Darts|p1a: Volcarona
|-damage|p1a: Volcarona|57/100
|-anim|p2b: Earhart|Dragon Darts|p1b: Tyranitar
|-damage|p1b: Tyranitar|56/100
|move|p1a: Volcarona|Tailwind|p1a: Volcarona
|-sidestart|p1: MuseigenTest|move: Tailwind
|cant|p1b: Tyranitar|flinch
|
|-weather|Sandstorm|[upkeep]
|-damage|p1a: Volcarona|50/100|[from] Sandstorm
|-damage|p2b: Earhart|94/100|[from] Sandstorm
|-damage|p2a: Gambling!|95/100|[from] Sandstorm
|-damage|p1b: Tyranitar|50/100|[from] Sandstorm
|-enditem|p1a: Volcarona|Sitrus Berry|[eat]
|-heal|p1a: Volcarona|75/100|[from] item: Sitrus Berry
|upkeep
|turn|2
|inactive|MuseigenTest has 30 seconds left.
|inactive|MuseigenTest has 20 seconds left.
|l|☆HelhiemFiend
|inactive|HelhiemFiend disconnected and has a minute to reconnect!
|player|p2|
|j|☆HelhiemFiend
|inactive|HelhiemFiend reconnected.
|player|p2|HelhiemFiend|169|
|inactive|MuseigenTest has 15 seconds left.
|
|t:|1756336202
|move|p2a: Gambling!|Protect|p2a: Gambling!
|-singleturn|p2a: Gambling!|Protect
|move|p1a: Volcarona|Struggle Bug|p2a: Gambling!|[spread] p2b
|-activate|p2a: Gambling!|move: Protect
|-resisted|p2b: Earhart
|-damage|p2b: Earhart|83/100
|move|p2b: Earhart|Dragon Darts|p1a: Volcarona
|-damage|p1a: Volcarona|27/100
|-anim|p2b: Earhart|Dragon Darts|p1b: Tyranitar
|-damage|p1b: Tyranitar|20/100
|move|p1b: Tyranitar|Tera Blast|p2a: Gambling!|[anim] Tera Blast Flying
|-activate|p2a: Gambling!|move: Protect
|
|-weather|Sandstorm|[upkeep]
|-damage|p1a: Volcarona|21/100|[from] Sandstorm
|-damage|p2b: Earhart|77/100|[from] Sandstorm
|-damage|p2a: Gambling!|89/100|[from] Sandstorm
|-damage|p1b: Tyranitar|14/100|[from] Sandstorm
|upkeep
|turn|3
|inactive|MuseigenTest has 30 seconds left.
|inactive|MuseigenTest has 20 seconds left.
|inactive|MuseigenTest has 15 seconds left.
|inactive|MuseigenTest has 10 seconds left.
|
|t:|1756336250
|switch|p2a: Heghog|Glimmora, L50, M|100/100
|move|p1a: Volcarona|Rage Powder|p1a: Volcarona
|-singleturn|p1a: Volcarona|move: Rage Powder
|move|p2b: Earhart|Dragon Darts|p1a: Volcarona
|-damage|p1a: Volcarona|0 fnt
|faint|p1a: Volcarona
|move|p1b: Tyranitar|Tera Blast|p2a: Heghog|[anim] Tera Blast Flying
|-resisted|p2a: Heghog
|-damage|p2a: Heghog|74/100
|-activate|p2a: Heghog|ability: Toxic Debris
|-sidestart|p1: MuseigenTest|move: Toxic Spikes
|
|-weather|Sandstorm|[upkeep]
|-damage|p2b: Earhart|71/100|[from] Sandstorm
|-damage|p1b: Tyranitar|8/100|[from] Sandstorm
|upkeep
|
|t:|1756336260
|switch|p1a: Indeedee|Indeedee, L50, M|100/100
|-status|p1a: Indeedee|psn
|-fieldstart|move: Psychic Terrain|[from] ability: Psychic Surge|[of] p1a: Indeedee
|turn|4
|
|t:|1756336277
|switch|p2b: Donkey Kong|Rillaboom, L50, M|100/100
|-fieldstart|move: Grassy Terrain|[from] ability: Grassy Surge|[of] p2b: Donkey Kong
|move|p2a: Heghog|Spiky Shield|p2a: Heghog
|-singleturn|p2a: Heghog|move: Protect
|move|p1a: Indeedee|Expanding Force|p2b: Donkey Kong
|-damage|p2b: Donkey Kong|70/100
|move|p1b: Tyranitar|Knock Off|p2b: Donkey Kong
|-crit|p2b: Donkey Kong
|-damage|p2b: Donkey Kong|0 fnt
|-enditem|p2b: Donkey Kong|Assault Vest|[from] move: Knock Off|[of] p1b: Tyranitar
|faint|p2b: Donkey Kong
|
|-weather|Sandstorm|[upkeep]
|-damage|p1a: Indeedee|95/100 psn|[from] Sandstorm
|-damage|p1b: Tyranitar|2/100|[from] Sandstorm
|-heal|p1a: Indeedee|100/100 psn|[from] Grassy Terrain
|-heal|p2a: Heghog|80/100|[from] Grassy Terrain
|-damage|p1a: Indeedee|88/100 psn|[from] psn
|-sideend|p1: MuseigenTest|move: Tailwind
|upkeep
|
|t:|1756336302
|switch|p2b: Gambling!|Sneasler, L50, M|89/100
|turn|5
|inactive|MuseigenTest has 30 seconds left.
|inactive|MuseigenTest has 20 seconds left.
|
|t:|1756336340
|switch|p1a: Sneasler|Sneasler, L50, M|100/100
|-sideend|p1: MuseigenTest|move: Toxic Spikes|[of] p1a: Sneasler
|move|p2b: Gambling!|Fake Out|p1a: Sneasler
|-damage|p1a: Sneasler|76/100
|move|p2a: Heghog|Sludge Bomb|p1b: Tyranitar
|-damage|p1b: Tyranitar|0 fnt
|faint|p1b: Tyranitar
|-damage|p2a: Heghog|70/100|[from] item: Life Orb
|
|-weather|none
|-heal|p2b: Gambling!|95/100|[from] Grassy Terrain
|-heal|p1a: Sneasler|82/100|[from] Grassy Terrain
|-heal|p2a: Heghog|77/100|[from] Grassy Terrain
|upkeep
|
|t:|1756336352
|switch|p1b: Indeedee|Indeedee, L50, M|88/100 psn
|-fieldstart|move: Psychic Terrain|[from] ability: Psychic Surge|[of] p1b: Indeedee
|-enditem|p1a: Sneasler|Psychic Seed
|-boost|p1a: Sneasler|spd|1|[from] item: Psychic Seed
|turn|6
|inactive|MuseigenTest has 30 seconds left.
|inactive|HelhiemFiend has 30 seconds left.
|inactive|MuseigenTest has 20 seconds left.
|
|t:|1756336390
|-terastallize|p2a: Heghog|Grass
|move|p1a: Sneasler|Dire Claw|p2a: Heghog
|-supereffective|p2a: Heghog
|-damage|p2a: Heghog|0 fnt
|-activate|p2a: Heghog|ability: Toxic Debris
|-sidestart|p1: MuseigenTest|move: Toxic Spikes
|faint|p2a: Heghog
|move|p1b: Indeedee|Expanding Force|p2b: Gambling!
|-supereffective|p2b: Gambling!
|-damage|p2b: Gambling!|0 fnt
|faint|p2b: Gambling!
|
|-damage|p1b: Indeedee|75/100 psn|[from] psn
|upkeep
|
|t:|1756336398
|switch|p2a: Earhart|Dragapult, L50, F|71/100
|turn|7
|
|t:|1756336407
|move|p1a: Sneasler|Throat Chop|p2a: Earhart
|-supereffective|p2a: Earhart
|-damage|p2a: Earhart|0 fnt
|faint|p2a: Earhart
|
|win|MuseigenTest
||MuseigenTest is ready for game 2.
||HelhiemFiend is ready for game 2.
|uhtml|next|Next: Game 2 of 3
