|j|☆Mortimerd
|j|☆conte di Cavour
|html|Mortimerdconte di Cavour    
|uhtml|bestof|Game 2 of a best-of-3
|t:|1757930610
|gametype|doubles
|player|p1|Mortimerd|drayden|1204
|player|p2|conte di Cavour|volkner|1222
|gen|9
|tier|[Gen 9] VGC 2025 Reg H (Bo3)
|rated|
|rule|Species Clause: Limit one of each Pokémon
|rule|Item Clause: Limit 1 of each item
|clearpoke
|poke|p1|Torkoal, L50, F|
|poke|p1|Gallade, L50, M|
|poke|p1|Exeggutor, L50, F|
|poke|p1|Indeedee-F, L50, F|
|poke|p1|Ursaluna, L50, F|
|poke|p1|Annihilape, L50, M|
|poke|p2|Altaria, L50, M|
|poke|p2|Gothitelle, L50, M|
|poke|p2|Incineroar, L50, F|
|poke|p2|Amoonguss, L50, M|
|poke|p2|Archaludon, L50, M|
|poke|p2|Primarina, L50, F|
|teampreview|4
|showteam|p1|Torkoal||Charcoal|Drought|Eruption,WeatherBall,EarthPower,Protect|||F|||50|,,,,,Fire]Gallade||ClearAmulet|Steadfast|SacredSword,PsychoCut,WideGuard,TrickRoom|||M|||50|,,,,,Dragon]Exeggutor||FocusSash|Chlorophyll|SleepPowder,TrickRoom,ExpandingForce,EnergyBall|||F|||50|,,,,,Ghost]Indeedee-F||PsychicSeed|PsychicSurge|FollowMe,TrickRoom,HelpingHand|||F|||50|,,,,,Grass]Ursaluna||FlameOrb|Guts|Earthquake,HeadlongRush,Facade,Protect|||F|||50|,,,,,Ghost]Annihilape||ChoiceScarf|Defiant|FinalGambit,CloseCombat,RageFist,Uturn|||M|||50|,,,,,Grass
|showteam|p2|Altaria||MentalHerb|CloudNine|Protect,PerishSong,HelpingHand,BreakingSwipe|||M|||50|,,,,,Steel]Gothitelle||SitrusBerry|ShadowTag|Protect,FakeOut,TrickRoom,Psychic|||M|||50|,,,,,Water]Incineroar||SafetyGoggles|Intimidate|Protect,PartingShot,KnockOff,FakeOut|||F|||50|,,,,,Ghost]Amoonguss||EjectButton|Regenerator|Protect,RagePowder,PollenPuff,Spore|||M|||50|,,,,,Fairy]Archaludon||PowerHerb|Stalwart|Protect,ElectroShot,DragonPulse,TeraBlast|||M|||50|,,,,,Fire]Primarina||ThroatSpray|LiquidVoice|Protect,HyperVoice,PerishSong,Moonblast|||F|||50|,,,,,Poison
|
|t:|1757930638
|teamsize|p1|4
|teamsize|p2|4
|start
|switch|p1a: Annihilape|Annihilape, L50, M|100/100
|switch|p1b: Gallade|Gallade, L50, M|100/100
|switch|p2a: Altaria|Altaria, L50, M, shiny|100/100
|switch|p2b: Primarina|Primarina, L50, F|100/100
|-ability|p2a: Altaria|Cloud Nine
|turn|1
|
|t:|1757930681
|switch|p2a: Gothitelle|Gothitelle, L50, M|100/100
|move|p1a: Annihilape|Final Gambit|p2a: Gothitelle
|-damage|p2a: Gothitelle|0 fnt
|faint|p1a: Annihilape
|faint|p2a: Gothitelle
|move|p2b: Primarina|Perish Song|p2b: Primarina
|-start|p1b: Gallade|perish3|[silent]
|-start|p2b: Primarina|perish3|[silent]
|-fieldactivate|move: Perish Song
|-enditem|p2b: Primarina|Throat Spray
|-boost|p2b: Primarina|spa|1|[from] item: Throat Spray
|move|p1b: Gallade|Trick Room|p1b: Gallade
|-fieldstart|move: Trick Room|[of] p1b: Gallade
|
|-start|p2b: Primarina|perish3
|-start|p1b: Gallade|perish3
|upkeep
|
|t:|1757930693
|switch|p2a: Altaria|Altaria, L50, M, shiny|100/100
|switch|p1a: Torkoal|Torkoal, L50, F|100/100
|-weather|SunnyDay|[from] ability: Drought|[of] p1a: Torkoal
|-ability|p2a: Altaria|Cloud Nine
|turn|2
|
|t:|1757930710
|switch|p1a: Indeedee|Indeedee-F, L50, F|100/100
|-fieldstart|move: Psychic Terrain|[from] ability: Psychic Surge|[of] p1a: Indeedee
|-enditem|p1a: Indeedee|Psychic Seed
|-boost|p1a: Indeedee|spd|1|[from] item: Psychic Seed
|move|p2a: Altaria|Helping Hand|p2b: Primarina
|-singleturn|p2b: Primarina|Helping Hand|[of] p2a: Altaria
|move|p2b: Primarina|Hyper Voice|p1b: Gallade|[spread] p1a,p1b
|-damage|p1a: Indeedee|45/100
|-damage|p1b: Gallade|20/100
|move|p1b: Gallade|Psycho Cut|p2a: Altaria
|-damage|p2a: Altaria|52/100
|
|-weather|SunnyDay|[upkeep]
|-start|p2b: Primarina|perish2
|-start|p1b: Gallade|perish2
|upkeep
|turn|3
|-message|Mortimerd forfeited.
|
|win|conte di Cavour
|raw|Mortimerd's rating: 1204 → 1180(-24 for losing)
|raw|conte di Cavour's rating: 1222 → 1246(+24 for winning)
|l|☆Mortimerd
|player|p1|
|l|☆conte di Cavour
|player|p2|
