|j|вҳҶLatios66
|j|вҳҶjnuhn
|html|Latios66jnuhn    
|uhtml|bestof|Game 1 of a best-of-3
|t:|1757023510
|gametype|doubles
|player|p1|Latios66|101|1089
|player|p2|jnuhn|fisherman-gen4|1000
|gen|9
|tier|[Gen 9] VGC 2025 Reg H (Bo3)
|rated|
|rule|Species Clause: Limit one of each PokГ©mon
|rule|Item Clause: Limit 1 of each item
|clearpoke
|poke|p1|Sneasler, L50, F|
|poke|p1|Indeedee, L50, M|
|poke|p1|Pelipper, L50, M|
|poke|p1|Archaludon, L50, M|
|poke|p1|Basculegion, L50, M|
|poke|p1|Amoonguss, L50, F|
|poke|p2|Indeedee-F, L50, F|
|poke|p2|Hatterene, L50, F|
|poke|p2|Gallade, L50, M|
|poke|p2|Ursaluna, L50, M|
|poke|p2|Lilligant-Hisui, L50, F|
|poke|p2|Torkoal, L50, M|
|teampreview|4
|showteam|p1|Sneasler||PsychicSeed|Unburden|CloseCombat,DireClaw,Acrobatics,Protect|||F|||50|,,,,,Flying]Indeedee||ChoiceScarf|PsychicSurge|ExpandingForce,TeraBlast,Trick,DazzlingGleam|||M|||50|,,,,,Ground]Pelipper||FocusSash|Drizzle|Tailwind,Hurricane,WeatherBall,Protect|||M|||50|,,,,,Ghost]Archaludon||PowerHerb|Sturdy|ElectroShot,FlashCannon,Protect,DracoMeteor|||M|||50|,,,,,Electric]Basculegion||ChoiceBand|SwiftSwim|FlipTurn,LastRespects,WaveCrash,AquaJet|||M|||50|,,,,,Grass]Amoonguss||SitrusBerry|Regenerator|Protect,Spore,SludgeBomb,RagePowder|||F|||50|,,,,,Water
|showteam|p2|Indeedee-F||PsychicSeed|PsychicSurge|TrickRoom,FollowMe,HelpingHand,DazzlingGleam|||F|||50|,,,,,Fire]Hatterene||LifeOrb|MagicBounce|ExpandingForce,TrickRoom,DazzlingGleam,Protect|||F|||50|,,,,,Psychic]Gallade||ClearAmulet|Sharpness|PsychoCut,TrickRoom,SacredSword,WideGuard|||M|||50|,,,,,Grass]Ursaluna||FlameOrb|Guts|HeadlongRush,Facade,SwordsDance,Protect|||M|||50|,,,,,Ghost]Lilligant-Hisui||FocusSash|Chlorophyll|SolarBlade,SleepPowder,CloseCombat,AfterYou|||F|||50|,,,,,Ghost]Torkoal||ChoiceSpecs|Drought|Eruption,HeatWave,WeatherBall,EarthPower|||M|||50|,,,,,Fire
|inactive|Battle timer is ON: inactive players will automatically lose when time's up. (requested by jnuhn)
|
|t:|1757023525
|teamsize|p1|4
|teamsize|p2|4
|start
|switch|p1a: Archaludon|Archaludon, L50, M|100/100
|switch|p1b: Amoonguss|Amoonguss, L50, F|100/100
|switch|p2a: зҙ«з«Ҫи¶…еҸҜж„ӣ|Indeedee-F, L50, F, shiny|100/100
|switch|p2b: зҙ«з«Ҫж•ІеҸҜж„ӣ|Hatterene, L50, F, shiny|100/100
|-fieldstart|move: Psychic Terrain|[from] ability: Psychic Surge|[of] p2a: зҙ«з«Ҫи¶…еҸҜж„ӣ
|-enditem|p2a: зҙ«з«Ҫи¶…еҸҜж„ӣ|Psychic Seed
|-boost|p2a: зҙ«з«Ҫи¶…еҸҜж„ӣ|spd|1|[from] item: Psychic Seed
|turn|1
|inactive|Latios66 has 30 seconds left.
|
|t:|1757023556
|-terastallize|p1a: Archaludon|Electric
|-terastallize|p2b: зҙ«з«Ҫж•ІеҸҜж„ӣ|Psychic
|move|p2a: зҙ«з«Ҫи¶…еҸҜж„ӣ|Helping Hand|p2b: зҙ«з«Ҫж•ІеҸҜж„ӣ
|-singleturn|p2b: зҙ«з«Ҫж•ІеҸҜж„ӣ|Helping Hand|[of] p2a: зҙ«з«Ҫи¶…еҸҜж„ӣ
|move|p1a: Archaludon|Electro Shot||[still]
|-prepare|p1a: Archaludon|Electro Shot
|-boost|p1a: Archaludon|spa|1
|-enditem|p1a: Archaludon|Power Herb
|-anim|p1a: Archaludon|Electro Shot|p2b: зҙ«з«Ҫж•ІеҸҜж„ӣ
|-damage|p2b: зҙ«з«Ҫж•ІеҸҜж„ӣ|0 fnt
|faint|p2b: зҙ«з«Ҫж•ІеҸҜж„ӣ
|move|p1b: Amoonguss|Spore|p2a: зҙ«з«Ҫи¶…еҸҜж„ӣ
|-status|p2a: зҙ«з«Ҫи¶…еҸҜж„ӣ|slp|[from] move: Spore
|
|upkeep
|
|t:|1757023567
|switch|p2b: еӨӘжЁӮе·ҙжҲҲж–Ҝ|Torkoal, L50, M, shiny|100/100
|-weather|SunnyDay|[from] ability: Drought|[of] p2b: еӨӘжЁӮе·ҙжҲҲж–Ҝ
|turn|2
|
|t:|1757023579
|switch|p1b: Pelipper|Pelipper, L50, M|100/100
|-weather|RainDance|[from] ability: Drizzle|[of] p1b: Pelipper
|move|p1a: Archaludon|Electro Shot||[still]
|-prepare|p1a: Archaludon|Electro Shot
|-boost|p1a: Archaludon|spa|1
|-anim|p1a: Archaludon|Electro Shot|p2b: еӨӘжЁӮе·ҙжҲҲж–Ҝ
|-damage|p2b: еӨӘжЁӮе·ҙжҲҲж–Ҝ|0 fnt
|faint|p2b: еӨӘжЁӮе·ҙжҲҲж–Ҝ
|cant|p2a: зҙ«з«Ҫи¶…еҸҜж„ӣ|slp
|
|-weather|RainDance|[upkeep]
|upkeep
|c|вҳҶjnuhn|gg
|
|t:|1757023584
|switch|p2b: зҙ«з«ҪеҘҪеҸҜж„ӣ|Lilligant-Hisui, L50, F, shiny|100/100
|turn|3
|
|t:|1757023600
|move|p2b: зҙ«з«ҪеҘҪеҸҜж„ӣ|Solar Blade||[still]
|-prepare|p2b: зҙ«з«ҪеҘҪеҸҜж„ӣ|Solar Blade
|move|p1b: Pelipper|Hurricane|p2b: зҙ«з«ҪеҘҪеҸҜж„ӣ
|-supereffective|p2b: зҙ«з«ҪеҘҪеҸҜж„ӣ
|-enditem|p2b: зҙ«з«ҪеҘҪеҸҜж„ӣ|Focus Sash
|-damage|p2b: зҙ«з«ҪеҘҪеҸҜж„ӣ|1/100
|move|p1a: Archaludon|Electro Shot||[still]
|-prepare|p1a: Archaludon|Electro Shot
|-boost|p1a: Archaludon|spa|1
|-anim|p1a: Archaludon|Electro Shot|p2a: зҙ«з«Ҫи¶…еҸҜж„ӣ
|-damage|p2a: зҙ«з«Ҫи¶…еҸҜж„ӣ|0 fnt
|faint|p2a: зҙ«з«Ҫи¶…еҸҜж„ӣ
|
|-weather|RainDance|[upkeep]
|upkeep
|turn|4
|
|t:|1757023614
|move|p2b: зҙ«з«ҪеҘҪеҸҜж„ӣ|Solar Blade|p1b: Pelipper|[from] lockedmove
|-damage|p1b: Pelipper|67/100
|move|p1b: Pelipper|Hurricane|p2b: зҙ«з«ҪеҘҪеҸҜж„ӣ
|-supereffective|p2b: зҙ«з«ҪеҘҪеҸҜж„ӣ
|-damage|p2b: зҙ«з«ҪеҘҪеҸҜж„ӣ|0 fnt
|faint|p2b: зҙ«з«ҪеҘҪеҸҜж„ӣ
|
|win|Latios66
|l|вҳҶjnuhn
|player|p2|
||jnuhn is ready for game 2.
|inactive|Latios66 has 30 seconds to confirm battle start!
||Latios66 is ready for game 2.
|uhtml|next|Next: Game 2 of 3
