|j|☆the city mouse
|j|☆kerzz49
|html|the city mousekerzz49    
|uhtml|bestof|Game 1 of a best-of-3
|t:|1784459470
|gametype|doubles
|player|p1|the city mouse|tate|1155
|player|p2|kerzz49|cilan|1170
|gen|9
|tier|[Gen 9 Champions] VGC 2026 Reg M-B (Bo3)
|rated|
|rule|Species Clause: Limit one of each Pokémon
|rule|Item Clause: Limit 1 of each item
|clearpoke
|poke|p1|Aerodactyl, L50, M|
|poke|p1|Garchomp, L50, M|
|poke|p1|Kingambit, L50, M|
|poke|p1|Sylveon, L50, M|
|poke|p1|Farigiraf, L50, F|
|poke|p1|Charizard, L50, M|
|poke|p2|Farigiraf, L50, M|
|poke|p2|Incineroar, L50, M|
|poke|p2|Kingambit, L50, F|
|poke|p2|Camerupt, L50, M|
|poke|p2|Abomasnow, L50, F|
|poke|p2|Vivillon-High Plains, L50, F|
|teampreview|4
|showteam|p1|Aerodactyl||Aerodactylite|Unnerve|IceFang,RockSlide,Tailwind,DualWingbeat|Jolly||M|||50|]Garchomp||LifeOrb|RoughSkin|DragonClaw,RockSlide,Earthquake,Protect|Jolly||M|||50|]Kingambit||FocusSash|Defiant|SuckerPunch,KowtowCleave,IronHead,LowKick|Adamant||M|||50|]Sylveon||FairyFeather|Pixilate|Protect,HyperVoice,HyperBeam,QuickAttack|Modest||M|||50|]Farigiraf||SitrusBerry|ArmorTail|TrickRoom,Thunderbolt,Roar,Psychic|Bold||F|||50|]Charizard||CharizarditeY|Blaze|WeatherBall,HeatWave,SolarBeam,Protect|Modest||M|||50|
|showteam|p2|Farigiraf||SitrusBerry|ArmorTail|Psychic,Protect,HelpingHand,TrickRoom|Quiet||M|||50|]Incineroar||LifeOrb|Intimidate|FakeOut,FlareBlitz,PartingShot,DarkestLariat|Adamant||M|||50|]Kingambit||BlackGlasses|Defiant|KowtowCleave,SuckerPunch,SwordsDance,IronHead|Brave||F|||50|]Camerupt||Cameruptite|SolidRock|Eruption,AncientPower,EarthPower,Protect|Quiet||M|||50|]Abomasnow||Abomasite|SnowWarning|Blizzard,EnergyBall,EarthPower,IceShard|Quiet||F|||50|]Vivillon-High Plains||FocusSash|CompoundEyes|Protect,SleepPowder,Hurricane,RagePowder|Timid||F|||50|
|inactive|Battle timer is ON: inactive players will automatically lose when time's up. (requested by the city mouse)
|
|t:|1784459518
|teamsize|p1|4
|teamsize|p2|4
|start
|switch|p1a: Aerodactyl|Aerodactyl, L50, M|100/100
|switch|p1b: Kingambit|Kingambit, L50, M|100/100
|switch|p2a: Farigiraf|Farigiraf, L50, M|100/100
|switch|p2b: Incineroar|Incineroar, L50, M|100/100
|-ability|p1a: Aerodactyl|Unnerve
|-ability|p2b: Incineroar|Intimidate|boost
|-unboost|p1a: Aerodactyl|atk|1
|-unboost|p1b: Kingambit|atk|1
|-ability|p1b: Kingambit|Defiant|boost
|-boost|p1b: Kingambit|atk|2
|turn|1
|inactive|the city mouse has 30 seconds left.
|
|t:|1784459546
|switch|p1a: Farigiraf|Farigiraf, L50, F|100/100
|move|p2b: Incineroar|Fake Out||[still]
|cant|p1a: Farigiraf|ability: Armor Tail|Fake Out|[of] p2b: Incineroar
|move|p1b: Kingambit|Kowtow Cleave|p2a: Farigiraf
|-supereffective|p2a: Farigiraf|1
|-crit|p2a: Farigiraf
|-damage|p2a: Farigiraf|0 fnt
|faint|p2a: Farigiraf
|
|upkeep
|inactive|kerzz49 has 30 seconds left.
|inactive|kerzz49 has 20 seconds left.
|
|t:|1784459584
|switch|p2a: Kingambit|Kingambit, L50, F|100/100
|turn|2
|inactive|the city mouse has 30 seconds left.
|
|t:|1784459617
|move|p1b: Kingambit|Low Kick|p2a: Kingambit
|-supereffective|p2a: Kingambit|2
|-damage|p2a: Kingambit|0 fnt
|faint|p2a: Kingambit
|move|p2b: Incineroar|Flare Blitz|p1b: Kingambit
|-supereffective|p1b: Kingambit|1
|-enditem|p1b: Kingambit|Focus Sash
|-damage|p1b: Kingambit|1/100
|-damage|p2b: Incineroar|70/100|[from] Recoil
|-damage|p2b: Incineroar|61/100|[from] item: Life Orb
|move|p1a: Farigiraf|Thunderbolt|p2b: Incineroar
|-damage|p2b: Incineroar|41/100
|
|upkeep
|-message|kerzz49 forfeited.
|
|win|the city mouse
||kerzz49 is ready for game 2.
||the city mouse is ready for game 2.
|uhtml|next|Next: Game 2 of 3
|l|☆kerzz49
|player|p2|
