|j|☆gladland
|j|☆SnowBusiness
|html|gladlandSnowBusiness    
|uhtml|bestof|Game 1 of a best-of-3
|t:|1756951931
|gametype|doubles
|player|p1|gladland|102|1040
|player|p2|SnowBusiness|blue|1000
|gen|9
|tier|[Gen 9] VGC 2025 Reg H (Bo3)
|rated|
|rule|Species Clause: Limit one of each Pokémon
|rule|Item Clause: Limit 1 of each item
|clearpoke
|poke|p1|Ursaluna-Bloodmoon, L50, M|
|poke|p1|Amoonguss, L50, F|
|poke|p1|Pelipper, L50, F|
|poke|p1|Archaludon, L50, M|
|poke|p1|Indeedee, L50, M|
|poke|p1|Sneasler, L50, F|
|poke|p2|Dragonite, L50, M|
|poke|p2|Gholdengo, L50|
|poke|p2|Sneasler, L50, M|
|poke|p2|Garchomp, L50, M|
|poke|p2|Ninetales-Alola, L50, M|
|poke|p2|Arcanine-Hisui, L50, F|
|teampreview|4
|showteam|p1|Ursaluna-Bloodmoon||LifeOrb|MindsEye|BloodMoon,EarthPower,Protect,HyperVoice|||M|||50|,,,,,Normal]Amoonguss||MentalHerb|EffectSpore|PollenPuff,RagePowder,Spore,RainDance|||F|||50|,,,,,Grass]Pelipper||SitrusBerry|Drizzle|Surf,Hurricane,Tailwind,RainDance|||F|||50|,,,,,Ground]Archaludon||AssaultVest|Stamina|ElectroShot,DracoMeteor,BodyPress,FlashCannon|||M|||50|,,,,,Electric]Indeedee||FocusSash|PsychicSurge|ExpandingForce,HelpingHand,Protect,HyperVoice|||M|||50|,,,,,Steel]Sneasler||PsychicSeed|Unburden|DireClaw,CloseCombat,ThroatChop,Protect|||F|||50|,,,,,Fighting
|showteam|p2|Dragonite||LoadedDice|Multiscale|ScaleShot,Tailwind,Haze,Protect|||M|||50|,,,,,Fairy]Gholdengo||LifeOrb|GoodasGold|MakeItRain,ShadowBall,NastyPlot,Protect||||||50|,,,,,Water]Sneasler||FocusSash|Unburden|CloseCombat,DireClaw,FakeOut,Coaching|||M|||50|,,,,,Stellar]Garchomp||ClearAmulet|RoughSkin|Earthquake,StompingTantrum,DragonClaw,Protect|||M|||50|,,,,,Steel]Ninetales-Alola||ChoiceSpecs|SnowWarning|Blizzard,IcyWind,Moonblast,FreezeDry|||M|||50|,,,,,Ghost]Arcanine-Hisui||MirrorHerb|Intimidate|RockSlide,FlareBlitz,ExtremeSpeed,Protect|||F|||50|,,,,,Ghost
|inactive|Battle timer is ON: inactive players will automatically lose when time's up. (requested by SnowBusiness)
|
|t:|1756951968
|teamsize|p1|4
|teamsize|p2|4
|start
|switch|p1a: Indeedee|Indeedee, L50, M|100/100
|switch|p1b: Sneasler|Sneasler, L50, F|100/100
|switch|p2a: scale shot misses|Dragonite, L50, M, shiny|100/100
|switch|p2b: sharktile|Garchomp, L50, M|100/100
|-fieldstart|move: Psychic Terrain|[from] ability: Psychic Surge|[of] p1a: Indeedee
|-enditem|p1b: Sneasler|Psychic Seed
|-boost|p1b: Sneasler|spd|1|[from] item: Psychic Seed
|turn|1
|inactive|gladland has 30 seconds left.
|inactive|gladland has 20 seconds left.
|inactive|gladland has 15 seconds left.
|
|t:|1756952011
|move|p1b: Sneasler|Dire Claw|p2a: scale shot misses
|-damage|p2a: scale shot misses|78/100
|-status|p2a: scale shot misses|par
|move|p2b: sharktile|Earthquake|p1b: Sneasler|[spread] p1a,p1b
|-immune|p2a: scale shot misses
|-crit|p1a: Indeedee
|-supereffective|p1b: Sneasler
|-enditem|p1a: Indeedee|Focus Sash
|-damage|p1a: Indeedee|1/100
|-damage|p1b: Sneasler|0 fnt
|faint|p1b: Sneasler
|move|p1a: Indeedee|Expanding Force|p2a: scale shot misses|[spread] p2a,p2b
|-damage|p2a: scale shot misses|19/100 par
|-damage|p2b: sharktile|43/100
|move|p2a: scale shot misses|Scale Shot|p1a: Indeedee
|-damage|p1a: Indeedee|0 fnt
|faint|p1a: Indeedee
|-hitcount|p1: Indeedee|1
|-unboost|p2a: scale shot misses|def|1
|-boost|p2a: scale shot misses|spe|1
|
|upkeep
|
|t:|1756952030
|switch|p1b: Archaludon|Archaludon, L50, M|100/100
|switch|p1a: Ursaluna|Ursaluna-Bloodmoon, L50, M|100/100
|turn|2
|
|t:|1756952049
|-terastallize|p1a: Ursaluna|Normal
|move|p2b: sharktile|Earthquake|p1b: Archaludon|[spread] p1a,p1b
|-immune|p2a: scale shot misses
|-supereffective|p1b: Archaludon
|-damage|p1a: Ursaluna|73/100
|-damage|p1b: Archaludon|40/100
|-ability|p1b: Archaludon|Stamina|boost
|-boost|p1b: Archaludon|def|1
|move|p1b: Archaludon|Electro Shot||[still]
|-prepare|p1b: Archaludon|Electro Shot
|-boost|p1b: Archaludon|spa|1
|move|p2a: scale shot misses|Tailwind|p2a: scale shot misses
|-sidestart|p2: SnowBusiness|move: Tailwind
|move|p1a: Ursaluna|Hyper Voice|p2a: scale shot misses|[spread] p2a,p2b
|-damage|p2a: scale shot misses|0 fnt
|-damage|p2b: sharktile|0 fnt
|faint|p2a: scale shot misses
|faint|p2b: sharktile
|-damage|p1a: Ursaluna|63/100|[from] item: Life Orb
|
|upkeep
|
|t:|1756952063
|switch|p2b: icetile|Ninetales-Alola, L50, M|100/100
|switch|p2a: Gholdeggo|Gholdengo, L50|100/100
|-weather|Snowscape|[from] ability: Snow Warning|[of] p2b: icetile
|turn|3
|
|t:|1756952083
|-terastallize|p2a: Gholdeggo|Water
|move|p2b: icetile|Blizzard|p1a: Ursaluna|[spread] p1a,p1b
|-damage|p1a: Ursaluna|13/100
|-damage|p1b: Archaludon|1/100
|-ability|p1b: Archaludon|Stamina|boost
|-boost|p1b: Archaludon|def|1
|move|p2a: Gholdeggo|Make It Rain|p1a: Ursaluna|[spread] p1a,p1b
|-resisted|p1b: Archaludon
|-damage|p1a: Ursaluna|0 fnt
|-damage|p1b: Archaludon|0 fnt
|-unboost|p2a: Gholdeggo|spa|1
|faint|p1a: Ursaluna
|faint|p1b: Archaludon
|-damage|p2a: Gholdeggo|91/100|[from] item: Life Orb
|
|win|SnowBusiness
||gladland is ready for game 2.
|inactive|SnowBusiness has 29 seconds to confirm battle start!
|l|☆gladland
|player|p1|
||SnowBusiness is ready for game 2.
|uhtml|next|Next: Game 2 of 3
