|j|☆santigor
|j|☆Draikenos
|html|santigorDraikenos    
|uhtml|bestof|Game 1 of a best-of-3
|t:|1783377407
|gametype|doubles
|player|p1|santigor|266|1075
|player|p2|Draikenos|2|1050
|gen|9
|tier|[Gen 9 Champions] VGC 2026 Reg M-B (Bo3)
|rated|
|rule|Species Clause: Limit one of each Pokémon
|rule|Item Clause: Limit 1 of each item
|clearpoke
|poke|p1|Delphox, L50, F|
|poke|p1|Incineroar, L50, M|
|poke|p1|Kingambit, L50, F|
|poke|p1|Sneasler, L50, M|
|poke|p1|Sinistcha, L50|
|poke|p1|Basculegion, L50, M|
|poke|p2|Charizard, L50, M, shiny|
|poke|p2|Aerodactyl, L50, M|
|poke|p2|Sylveon, L50, M|
|poke|p2|Kingambit, L50, M, shiny|
|poke|p2|Farigiraf, L50, M, shiny|
|poke|p2|Garchomp, L50, M, shiny|
|teampreview|4
|showteam|p1|Delphox||Delphoxite|Blaze|HeatWave,NastyPlot,Protect,Psyshock|Timid||F|||50|]Incineroar||SitrusBerry|Blaze|FakeOut,PartingShot,FlareBlitz,DarkestLariat|Adamant||M|||50|]Kingambit||ChopleBerry|Defiant|IronHead,SuckerPunch,KowtowCleave,Protect|Adamant||F|||50|]Sneasler||FocusSash|Pressure|Protect,CloseCombat,FakeOut,DireClaw|Serious||M|||50|]Sinistcha||CobaBerry|Hospitality|MatchaGotcha,Protect,RagePowder,TrickRoom|Bold|||||50|]Basculegion||LifeOrb|SwiftSwim|LastRespects,WaveCrash,AquaJet,FlipTurn|Jolly||M|||50|
|showteam|p2|Charizard||CharizarditeY|Blaze|Protect,HeatWave,SolarBeam,WeatherBall|Modest||M|||50|]Aerodactyl||Aerodactylite|Unnerve|RockSlide,DualWingbeat,IceFang,Tailwind|Jolly||M|||50|]Sylveon||FairyFeather|Pixilate|Detect,HyperVoice,HyperBeam,QuickAttack|Modest||M|||50|]Kingambit||FocusSash|Defiant|KowtowCleave,IronHead,SuckerPunch,LowKick|Adamant||M|||50|]Farigiraf||SitrusBerry|ArmorTail|TwinBeam,Thunderbolt,Roar,TrickRoom|Bold||M|||50|]Garchomp||LifeOrb|RoughSkin|Protect,DragonClaw,StompingTantrum,Earthquake|Jolly||M|||50|
|inactive|Battle timer is ON: inactive players will automatically lose when time's up. (requested by santigor)
|inactive|Draikenos has 60 seconds left.
|inactive|Draikenos has 30 seconds left.
|inactive|Draikenos has 20 seconds left.
|inactive|Draikenos has 15 seconds left.
|
|t:|1783377527
|teamsize|p1|4
|teamsize|p2|4
|start
|switch|p1a: Delphox|Delphox, L50, F|100/100
|switch|p1b: Basculegion|Basculegion, L50, M|100/100
|switch|p2a: Aerodactyl|Aerodactyl, L50, M|100/100
|switch|p2b: Kingambit|Kingambit, L50, M, shiny|100/100
|-ability|p2a: Aerodactyl|Unnerve
|turn|1
|inactive|Draikenos has 30 seconds left.
|inactive|Draikenos has 20 seconds left.
|inactive|Draikenos has 15 seconds left.
|inactive|Draikenos has 10 seconds left.
|
|t:|1783377574
|detailschange|p2a: Aerodactyl|Aerodactyl-Mega, L50, M
|-mega|p2a: Aerodactyl|Aerodactyl|Aerodactylite
|detailschange|p1a: Delphox|Delphox-Mega, L50, F
|-mega|p1a: Delphox|Delphox|Delphoxite
|move|p1b: Basculegion|Aqua Jet|p2a: Aerodactyl
|-supereffective|p2a: Aerodactyl|1
|-damage|p2a: Aerodactyl|38/100
|-damage|p1b: Basculegion|90/100|[from] item: Life Orb
|move|p2a: Aerodactyl|Tailwind|p2a: Aerodactyl
|-sidestart|p2: Draikenos|move: Tailwind
|move|p2b: Kingambit|Kowtow Cleave|p1a: Delphox
|-supereffective|p1a: Delphox|1
|-damage|p1a: Delphox|0 fnt
|faint|p1a: Delphox
|
|upkeep
|
|t:|1783377588
|switch|p1a: Kingambit|Kingambit, L50, F|100/100
|turn|2
|inactive|Draikenos has 30 seconds left.
|
|t:|1783377621
|move|p1a: Kingambit|Protect|p1a: Kingambit
|-singleturn|p1a: Kingambit|Protect
|move|p2b: Kingambit|Sucker Punch|p1b: Basculegion
|-supereffective|p1b: Basculegion|1
|-damage|p1b: Basculegion|0 fnt
|faint|p1b: Basculegion
|move|p2a: Aerodactyl|Rock Slide|p1a: Kingambit
|-activate|p1a: Kingambit|move: Protect
|
|upkeep
|-message|santigor forfeited.
|
|win|Draikenos
|l|☆santigor
|player|p1|
||santigor is ready for game 2.
|inactive|Draikenos has 30 seconds to confirm battle start!
||Draikenos is ready for game 2.
|uhtml|next|Next: Game 2 of 3
