|j|☆efwefwefwefweifier
|j|☆lalalaing
|html|efwefwefwefweifierlalalaing    
|uhtml|bestof|Game 2 of a best-of-3
|t:|1784073297
|gametype|doubles
|player|p1|efwefwefwefweifier|clown|1291
|player|p2|lalalaing|chili|1408
|gen|9
|tier|[Gen 9 Champions] VGC 2026 Reg M-B (Bo3)
|rated|
|rule|Species Clause: Limit one of each Pokémon
|rule|Item Clause: Limit 1 of each item
|clearpoke
|poke|p1|Armarouge, L50, F|
|poke|p1|Sinistcha, L50|
|poke|p1|Floette-Eternal, L50, F|
|poke|p1|Incineroar, L50, F, shiny|
|poke|p1|Sneasler, L50, F|
|poke|p1|Hydreigon, L50, M|
|poke|p2|Swampert, L50, F|
|poke|p2|Gengar, L50, M|
|poke|p2|Pelipper, L50, M|
|poke|p2|Archaludon, L50, F|
|poke|p2|Maushold-Four, L50|
|poke|p2|Incineroar, L50, M|
|teampreview|4
|showteam|p1|Armarouge||ColburBerry|FlashFire|HeatWave,Psychic,CalmMind,Protect|Modest||F|||50|]Sinistcha||KasibBerry|Hospitality|MatchaGotcha,RagePowder,LifeDew,TrickRoom|Calm|||||50|]Floette-Eternal||Floettite|FlowerVeil|Moonblast,DrainingKiss,CalmMind,Protect|Modest||F|||50|]Incineroar||SitrusBerry|Intimidate|FlareBlitz,FakeOut,PartingShot,Taunt|Impish||F|||50|]Sneasler||FocusSash|PoisonTouch|CloseCombat,PoisonJab,FakeOut,QuickGuard|Jolly||F|||50|]Hydreigon||ChoiceScarf|Levitate|DracoMeteor,DarkPulse,Snarl,EarthPower|Modest||M|||50|
|showteam|p2|Swampert||Swampertite|Damp|WaveCrash,Earthquake,IcePunch,Protect|Adamant||F|||50|]Gengar||Gengarite|CursedBody|ShadowBall,SludgeBomb,Disable,Protect|Timid||M|||50|]Pelipper||FocusSash|Drizzle|WeatherBall,Hurricane,Tailwind,Protect|Modest||M|||50|]Archaludon||Leftovers|Stamina|ElectroShot,DragonPulse,FlashCannon,Protect|Modest||F|||50|]Maushold-Four||ChopleBerry|FriendGuard|SuperFang,FollowMe,Encore,Protect|Timid|||||50|]Incineroar||PasshoBerry|Intimidate|FlareBlitz,ThroatChop,FakeOut,PartingShot|Careful||M|||50|
|inactive|Battle timer is ON: inactive players will automatically lose when time's up. (requested by efwefwefwefweifier)
|
|t:|1784073320
|teamsize|p1|4
|teamsize|p2|4
|start
|switch|p1a: Poison Foison|Sneasler, L50, F|100/100
|switch|p1b: Bartholomews|Hydreigon, L50, M|100/100
|switch|p2a: Incineroar|Incineroar, L50, M|100/100
|switch|p2b: Swampert|Swampert, L50, F|100/100
|-ability|p2a: Incineroar|Intimidate|boost
|-unboost|p1a: Poison Foison|atk|1
|-unboost|p1b: Bartholomews|atk|1
|turn|1
|inactive|efwefwefwefweifier has 30 seconds left.
|inactive|lalalaing has 30 seconds left.
|inactive|lalalaing has 20 seconds left.
|
|t:|1784073359
|detailschange|p2b: Swampert|Swampert-Mega, L50, F
|-mega|p2b: Swampert|Swampert|Swampertite
|move|p2a: Incineroar|Fake Out|p1b: Bartholomews
|-damage|p1b: Bartholomews|86/100
|cant|p1b: Bartholomews|flinch
|move|p1a: Poison Foison|Close Combat|p2a: Incineroar
|-supereffective|p2a: Incineroar|1
|-damage|p2a: Incineroar|27/100
|-unboost|p1a: Poison Foison|def|1
|-unboost|p1a: Poison Foison|spd|1
|move|p2b: Swampert|Ice Punch|p1a: Poison Foison
|-damage|p1a: Poison Foison|17/100
|
|upkeep
|turn|2
|inactive|efwefwefwefweifier has 30 seconds left.
|inactive|efwefwefwefweifier has 20 seconds left.
|inactive|efwefwefwefweifier has 15 seconds left.
|inactive|efwefwefwefweifier has 10 seconds left.
|inactive|efwefwefwefweifier has 5 seconds left.
|
|t:|1784073411
|switch|p2a: Pelipper|Pelipper, L50, M|100/100
|-weather|RainDance|[from] ability: Drizzle|[of] p2a: Pelipper
|move|p2b: Swampert|Earthquake|p1a: Poison Foison|[spread] p1a
|-immune|p2a: Pelipper
|-immune|p1b: Bartholomews|[from] ability: Levitate
|-supereffective|p1a: Poison Foison|1
|-damage|p1a: Poison Foison|0 fnt
|faint|p1a: Poison Foison
|move|p1b: Bartholomews|Draco Meteor|p2b: Swampert
|-damage|p2b: Swampert|31/100
|-unboost|p1b: Bartholomews|spa|2
|
|-weather|RainDance|[upkeep]
|upkeep
|
|t:|1784073428
|switch|p1a: Spinny Sinny|Sinistcha, L50|100/100
|-heal|p1b: Bartholomews|100/100|[from] ability: Hospitality|[of] p1a: Spinny Sinny
|turn|3
|
|t:|1784073450
|move|p2b: Swampert|Ice Punch|p1a: Spinny Sinny
|-supereffective|p1a: Spinny Sinny|1
|-damage|p1a: Spinny Sinny|46/100
|move|p1b: Bartholomews|Draco Meteor|p2a: Pelipper
|-damage|p2a: Pelipper|41/100
|-unboost|p1b: Bartholomews|spa|2
|move|p2a: Pelipper|Hurricane|p1a: Spinny Sinny
|-supereffective|p1a: Spinny Sinny|1
|-damage|p1a: Spinny Sinny|0 fnt
|faint|p1a: Spinny Sinny
|
|-weather|RainDance|[upkeep]
|upkeep
|
|t:|1784073460
|switch|p1a: Flowa Powa|Floette-Eternal, L50, F|100/100
|turn|4
|-message|efwefwefwefweifier forfeited.
|
|win|lalalaing
|l|☆efwefwefwefweifier
|player|p1|
||efwefwefwefweifier is ready for game 3.
||lalalaing is ready for game 3.
|uhtml|next|Next: Game 3 of 3
|l|☆lalalaing
|player|p2|
|j|☆lalalaing
|player|p2|lalalaing|chili|
