|j|☆MoodyMukVGC
|j|‽parsley<3
|html|MoodyMukVGCparsley<3    
|uhtml|bestof|Game 3 of a best-of-3
|t:|1756779541
|gametype|doubles
|player|p1|MoodyMukVGC|169|1161
|player|p2|parsley<3|lacey|1309
|gen|9
|tier|[Gen 9] VGC 2025 Reg H (Bo3)
|rated|
|rule|Species Clause: Limit one of each Pokémon
|rule|Item Clause: Limit 1 of each item
|clearpoke
|poke|p1|Muk-Alola, L50, M|
|poke|p1|Smeargle, L50, M|
|poke|p1|Flamigo, L50, M|
|poke|p1|Indeedee, L50, M|
|poke|p1|Weezing-Galar, L50, M|
|poke|p1|Drifblim, L50, M|
|poke|p2|Maushold, L50|
|poke|p2|Annihilape, L50, M|
|poke|p2|Gholdengo, L50|
|poke|p2|Ursaluna-Bloodmoon, L50, M|
|poke|p2|Dragonite, L50, F|
|poke|p2|Sneasler, L50, M|
|teampreview|4
|showteam|p1|Muk-Alola||Leftovers|PowerofAlchemy|KnockOff,Minimize,Substitute,Protect|||M|||50|,,,,,Water]Smeargle||FocusSash|Moody|FakeOut,Spore,FollowMe,SpikyShield|||M|||50|,,,,,Ghost]Flamigo||WhiteHerb|Costar|CloseCombat,BraveBird,Substitute,WideGuard|||M|||50|,,,,,Steel]Indeedee||ChoiceSpecs|PsychicSurge|ExpandingForce,TeraBlast,Trick,DazzlingGleam|||M|||50|,,,,,Psychic]Weezing-Galar||SitrusBerry|NeutralizingGas|StrangeSteam,SludgeBomb,Taunt,Protect|||M|||50|,,,,,Flying]Drifblim||PsychicSeed|Unburden|Tailwind,Acrobatics,StrengthSap,WillOWisp|||M|||50|,,,,,Grass
|showteam|p2|Maushold||SafetyGoggles|FriendGuard|SuperFang,BeatUp,Protect,FollowMe||||||50|,,,,,Ghost]Annihilape||SitrusBerry|Defiant|RageFist,CloseCombat,Protect,FinalGambit|||M|||50|,,,,,Fire]Gholdengo||LifeOrb|GoodasGold|MakeItRain,ShadowBall,Protect,NastyPlot||||||50|,,,,,Water]Ursaluna-Bloodmoon||AssaultVest|MindsEye|HyperVoice,BloodMoon,EarthPower,VacuumWave|||M|||50|,,,,,Ghost]Dragonite||LoadedDice|Multiscale|ScaleShot,Tailwind,Protect,Haze|||F|||50|,,,,,Fairy]Sneasler||FocusSash|Unburden|DireClaw,CloseCombat,Protect,ThroatChop|||M|||50|,,,,,Stellar
|
|t:|1756779551
|teamsize|p1|4
|teamsize|p2|4
|start
|switch|p1a: Indeedee|Indeedee, L50, M, shiny|100/100
|switch|p1b: Drifblim|Drifblim, L50, M, shiny|100/100
|switch|p2a: Gholdengo|Gholdengo, L50|100/100
|switch|p2b: Ursaluna|Ursaluna-Bloodmoon, L50, M|100/100
|-fieldstart|move: Psychic Terrain|[from] ability: Psychic Surge|[of] p1a: Indeedee
|-enditem|p1b: Drifblim|Psychic Seed
|-boost|p1b: Drifblim|spd|1|[from] item: Psychic Seed
|turn|1
|
|t:|1756779563
|-terastallize|p1a: Indeedee|Psychic
|move|p1b: Drifblim|Acrobatics|p2b: Ursaluna
|-damage|p2b: Ursaluna|79/100
|move|p1a: Indeedee|Expanding Force|p2a: Gholdengo|[spread] p2a,p2b
|-resisted|p2a: Gholdengo
|-damage|p2a: Gholdengo|40/100
|-damage|p2b: Ursaluna|6/100
|move|p2a: Gholdengo|Shadow Ball|p1a: Indeedee
|-supereffective|p1a: Indeedee
|-damage|p1a: Indeedee|0 fnt
|faint|p1a: Indeedee
|-damage|p2a: Gholdengo|30/100|[from] item: Life Orb
|move|p2b: Ursaluna|Hyper Voice|p1b: Drifblim
|-damage|p1b: Drifblim|65/100
|
|upkeep
|
|t:|1756779574
|switch|p1a: Flamigo|Flamigo, L50, M, shiny|100/100
|-copyboost|p1a: Flamigo|p1b: Drifblim|[from] ability: Costar
|turn|2
|
|t:|1756779603
|switch|p2b: Dragonite|Dragonite, L50, F|100/100
|move|p1b: Drifblim|Acrobatics|p2a: Gholdengo
|-resisted|p2a: Gholdengo
|-damage|p2a: Gholdengo|11/100
|move|p1a: Flamigo|Brave Bird|p2a: Gholdengo
|-resisted|p2a: Gholdengo
|-damage|p2a: Gholdengo|0 fnt
|faint|p2a: Gholdengo
|-damage|p1a: Flamigo|97/100|[from] Recoil
|
|upkeep
|
|t:|1756779614
|switch|p2a: Sneasler|Sneasler, L50, M|100/100
|turn|3
|
|t:|1756779622
|move|p2a: Sneasler|Protect|p2a: Sneasler
|-singleturn|p2a: Sneasler|Protect
|move|p1b: Drifblim|Will-O-Wisp|p2b: Dragonite|[miss]
|-miss|p1b: Drifblim|p2b: Dragonite
|move|p1a: Flamigo|Substitute|p1a: Flamigo
|-start|p1a: Flamigo|Substitute
|-damage|p1a: Flamigo|72/100
|move|p2b: Dragonite|Tailwind|p2b: Dragonite
|-sidestart|p2: parsley<3|move: Tailwind
|
|upkeep
|turn|4
|
|t:|1756779665
|-terastallize|p2a: Sneasler|Stellar
|move|p2a: Sneasler|Throat Chop|p1b: Drifblim
|-supereffective|p1b: Drifblim
|-damage|p1b: Drifblim|0 fnt
|faint|p1b: Drifblim
|move|p2b: Dragonite|Scale Shot|p1a: Flamigo
|-activate|p1a: Flamigo|move: Substitute|[damage]
|-end|p1a: Flamigo|Substitute
|-damage|p1a: Flamigo|52/100
|-damage|p1a: Flamigo|29/100
|-damage|p1a: Flamigo|6/100
|-hitcount|p1a: Flamigo|5
|-unboost|p2b: Dragonite|def|1
|-boost|p2b: Dragonite|spe|1
|move|p1a: Flamigo|Brave Bird|p2a: Sneasler
|-supereffective|p2a: Sneasler
|-crit|p2a: Sneasler
|-enditem|p2a: Sneasler|Focus Sash
|-damage|p2a: Sneasler|1/100
|-damage|p1a: Flamigo|0 fnt|[from] Recoil
|faint|p1a: Flamigo
|
|upkeep
|-message|MoodyMukVGC forfeited.
|raw|MoodyMukVGC's rating: 1161 → 1146(-15 for losing)
|raw|parsley<3's rating: 1309 → 1321(+12 for winning)
|
|win|parsley<3
