|j|☆tessa scarlet
|j|☆Blitzball Ace
|html|tessa scarletBlitzball Ace    
|uhtml|bestof|Game 2 of a best-of-3
|t:|1755973793
|gametype|doubles
|player|p1|tessa scarlet|170|1382
|player|p2|Blitzball Ace|kamado-armor|1344
|gen|9
|tier|[Gen 9] VGC 2025 Reg H (Bo3)
|rated|
|rule|Species Clause: Limit one of each Pokémon
|rule|Item Clause: Limit 1 of each item
|clearpoke
|poke|p1|Charizard, L50, M|
|poke|p1|Torkoal, L50, F|
|poke|p1|Porygon2, L50|
|poke|p1|Incineroar, L50, M|
|poke|p1|Jumpluff, L50, F|
|poke|p1|Ursaluna, L50, M|
|poke|p2|Garchomp, L50, F|
|poke|p2|Incineroar, L50, M|
|poke|p2|Sneasler, L50, F|
|poke|p2|Dragonite, L50, F|
|poke|p2|Amoonguss, L50, F|
|poke|p2|Hydreigon, L50, M|
|teampreview|4
|showteam|p1|Charizard||ChoiceSpecs|SolarPower|HeatWave,Overheat,WeatherBall,AirSlash|||M|||50|,,,,,Ghost]Torkoal||EjectPack|Drought|Eruption,Overheat,HelpingHand,Protect|||F|||50|,,,,,Fire]Porygon2||Eviolite|Download|IceBeam,TeraBlast,TrickRoom,Recover||||||50|,,,,,Fighting]Incineroar||SitrusBerry|Intimidate|FlareBlitz,KnockOff,FakeOut,PartingShot|||M|||50|,,,,,Ghost]Jumpluff||CovertCloak|Chlorophyll|SleepPowder,SunnyDay,RagePowder,Tailwind|||F|||50|,,,,,Water]Ursaluna||FlameOrb|Guts|HeadlongRush,Facade,Earthquake,Protect|||M|||50|,,,,,Ghost
|showteam|p2|Garchomp||LifeOrb|RoughSkin|Earthquake,DragonClaw,StompingTantrum,Protect|||F|||50|,,,,,Ground]Incineroar||SafetyGoggles|Intimidate|FakeOut,FlareBlitz,KnockOff,PartingShot|||M|||50|,,,,,Ghost]Sneasler||FocusSash|Unburden|FakeOut,Coaching,DireClaw,CloseCombat|||F|||50|,,,,,Ghost]Dragonite||LoadedDice|Multiscale|ScaleShot,Haze,Tailwind,Protect|||F|||50|,,,,,Fairy]Amoonguss||SitrusBerry|Regenerator|Spore,RagePowder,PollenPuff,Protect|||F|||50|,,,,,Water]Hydreigon||ChoiceSpecs|Levitate|HeatWave,DracoMeteor,DarkPulse,Uturn|||M|||50|,,,,,Fire
|inactive|Battle timer is ON: inactive players will automatically lose when time's up. (requested by tessa scarlet)
|inactive|Blitzball Ace has 60 seconds left.
|inactive|Blitzball Ace has 30 seconds left.
|inactive|Blitzball Ace has 20 seconds left.
|inactive|Blitzball Ace has 15 seconds left.
|inactive|Blitzball Ace has 10 seconds left.
|inactive|Blitzball Ace has 5 seconds left.
|
|t:|1755973889
|teamsize|p1|4
|teamsize|p2|4
|start
|switch|p1a: Torkoal|Torkoal, L50, F|100/100
|switch|p1b: Jumpluff|Jumpluff, L50, F|100/100
|switch|p2a: Kaladin|Garchomp, L50, F, shiny|100/100
|switch|p2b: Dalinar|Incineroar, L50, M, shiny|100/100
|-ability|p2b: Dalinar|Intimidate|boost
|-unboost|p1a: Torkoal|atk|1
|-unboost|p1b: Jumpluff|atk|1
|-weather|SunnyDay|[from] ability: Drought|[of] p1a: Torkoal
|-enditem|p1a: Torkoal|Eject Pack
|inactive|tessa scarlet has 60 seconds left.
|inactive|tessa scarlet has 30 seconds left.
|inactive|tessa scarlet has 20 seconds left.
|inactive|tessa scarlet has 15 seconds left.
|inactive|tessa scarlet has 10 seconds left.
|inactive|tessa scarlet has 5 seconds left.
|
|t:|1755973979
|switch|p1a: Charizard|Charizard, L50, M|100/100
|turn|1
|inactive|tessa scarlet has 30 seconds left.
|inactive|Blitzball Ace has 30 seconds left.
|inactive|tessa scarlet has 20 seconds left.
|inactive|Blitzball Ace has 20 seconds left.
|inactive|tessa scarlet has 15 seconds left.
|inactive|Blitzball Ace has 15 seconds left.
|inactive|tessa scarlet has 10 seconds left.
|inactive|Blitzball Ace has 10 seconds left.
|inactive|tessa scarlet has 5 seconds left.
|inactive|Blitzball Ace has 5 seconds left.
|
|t:|1755974035
|move|p2b: Dalinar|Fake Out|p1b: Jumpluff
|-damage|p1b: Jumpluff|85/100
|move|p1b: Jumpluff|Sleep Powder|p2a: Kaladin
|-status|p2a: Kaladin|slp|[from] move: Sleep Powder
|cant|p2a: Kaladin|slp
|move|p1a: Charizard|Heat Wave|p2a: Kaladin|[spread] p2a
|-miss|p1a: Charizard|p2b: Dalinar
|-resisted|p2a: Kaladin
|-damage|p2a: Kaladin|40/100 slp
|
|-weather|SunnyDay|[upkeep]
|-damage|p1a: Charizard|88/100|[from] ability: Solar Power|[of] p1a: Charizard
|upkeep
|turn|2
|inactive|tessa scarlet has 30 seconds left.
|inactive|Blitzball Ace has 30 seconds left.
|inactive|tessa scarlet has 20 seconds left.
|inactive|Blitzball Ace has 20 seconds left.
|inactive|tessa scarlet has 15 seconds left.
|inactive|Blitzball Ace has 15 seconds left.
|inactive|tessa scarlet has 10 seconds left.
|inactive|Blitzball Ace has 10 seconds left.
|inactive|tessa scarlet has 5 seconds left.
|inactive|Blitzball Ace has 5 seconds left.
|
|t:|1755974090
|move|p2b: Dalinar|Fake Out||[still]
|-hint|Fake Out only works on your first turn out.
|-fail|p2b: Dalinar
|move|p1b: Jumpluff|Sleep Powder|p2a: Kaladin
|-fail|p2a: Kaladin|slp
|-curestatus|p2a: Kaladin|slp|[msg]
|move|p2a: Kaladin|Earthquake|p1a: Charizard|[spread] p2b
|-immune|p1a: Charizard
|-immune|p1b: Jumpluff
|-supereffective|p2b: Dalinar
|-damage|p2b: Dalinar|12/100
|-damage|p2a: Kaladin|30/100|[from] item: Life Orb
|move|p1a: Charizard|Heat Wave|p2a: Kaladin|[spread] p2a,p2b
|-resisted|p2a: Kaladin
|-resisted|p2b: Dalinar
|-damage|p2a: Kaladin|0 fnt
|-damage|p2b: Dalinar|0 fnt
|faint|p2a: Kaladin
|faint|p2b: Dalinar
|
|-weather|SunnyDay|[upkeep]
|-damage|p1a: Charizard|76/100|[from] ability: Solar Power|[of] p1a: Charizard
|upkeep
|inactive|Blitzball Ace has 30 seconds left.
|inactive|Blitzball Ace has 20 seconds left.
|inactive|Blitzball Ace has 15 seconds left.
|inactive|Blitzball Ace has 10 seconds left.
|inactive|Blitzball Ace has 5 seconds left.
|
|t:|1755974146
|switch|p2a: Sneasler|Sneasler, L50, F|100/100
|switch|p2b: Dragonite|Dragonite, L50, F|100/100
|turn|3
|inactive|Blitzball Ace has 30 seconds left.
|inactive|Blitzball Ace has 20 seconds left.
|inactive|Blitzball Ace has 15 seconds left.
|inactive|Blitzball Ace has 10 seconds left.
|inactive|Blitzball Ace has 5 seconds left.
|
|t:|1755974201
|move|p2a: Sneasler|Fake Out|p1b: Jumpluff
|-crit|p1b: Jumpluff
|-damage|p1b: Jumpluff|62/100
|move|p1b: Jumpluff|Sleep Powder|p2b: Dragonite
|-status|p2b: Dragonite|slp|[from] move: Sleep Powder
|move|p1a: Charizard|Heat Wave|p2b: Dragonite|[spread] p2a,p2b
|-resisted|p2b: Dragonite
|-enditem|p2a: Sneasler|Focus Sash
|-damage|p2a: Sneasler|1/100
|-damage|p2b: Dragonite|70/100 slp
|cant|p2b: Dragonite|slp
|
|-weather|SunnyDay|[upkeep]
|-damage|p1a: Charizard|63/100|[from] ability: Solar Power|[of] p1a: Charizard
|upkeep
|turn|4
|inactive|tessa scarlet has 30 seconds left.
|inactive|Blitzball Ace has 30 seconds left.
|inactive|tessa scarlet has 20 seconds left.
|inactive|Blitzball Ace has 20 seconds left.
|inactive|tessa scarlet has 15 seconds left.
|inactive|Blitzball Ace has 15 seconds left.
|inactive|tessa scarlet has 10 seconds left.
|inactive|Blitzball Ace has 10 seconds left.
|inactive|tessa scarlet has 5 seconds left.
|inactive|Blitzball Ace has 5 seconds left.
|
|t:|1755974256
|move|p2a: Sneasler|Fake Out||[still]
|-hint|Fake Out only works on your first turn out.
|-fail|p2a: Sneasler
|move|p1b: Jumpluff|Sleep Powder|p2b: Dragonite
|-fail|p2b: Dragonite|slp
|move|p1a: Charizard|Heat Wave|p2a: Sneasler|[spread] p2a,p2b
|-resisted|p2b: Dragonite
|-damage|p2a: Sneasler|0 fnt
|-damage|p2b: Dragonite|12/100 slp
|faint|p2a: Sneasler
|cant|p2b: Dragonite|slp
|
|-weather|SunnyDay|[upkeep]
|-damage|p1a: Charizard|51/100|[from] ability: Solar Power|[of] p1a: Charizard
|upkeep
|turn|5
|inactive|tessa scarlet has 30 seconds left.
|inactive|Blitzball Ace has 30 seconds left.
|inactive|tessa scarlet has 20 seconds left.
|inactive|Blitzball Ace has 20 seconds left.
|inactive|tessa scarlet has 15 seconds left.
|inactive|Blitzball Ace has 15 seconds left.
|inactive|tessa scarlet has 10 seconds left.
|inactive|Blitzball Ace has 10 seconds left.
|inactive|tessa scarlet has 5 seconds left.
|inactive|Blitzball Ace has 5 seconds left.
|
|t:|1755974311
|move|p1b: Jumpluff|Sleep Powder|p2b: Dragonite
|-fail|p2b: Dragonite|slp
|move|p1a: Charizard|Heat Wave|p2b: Dragonite
|-resisted|p2b: Dragonite
|-damage|p2b: Dragonite|0 fnt
|faint|p2b: Dragonite
|
|win|tessa scarlet
|raw|tessa scarlet's rating: 1374 → 1392(+18 for winning)
|raw|Blitzball Ace's rating: 1344 → 1326(-18 for losing)
