|j|☆Anicredible
|j|☆earthmeal
|html|Anicredibleearthmeal    
|uhtml|bestof|Game 3 of a best-of-3
|t:|1784393771
|gametype|doubles
|player|p1|Anicredible|schoolkid-gen4|1053
|player|p2|earthmeal|170|1116
|gen|9
|tier|[Gen 9 Champions] VGC 2026 Reg M-B (Bo3)
|rated|
|rule|Species Clause: Limit one of each Pokémon
|rule|Item Clause: Limit 1 of each item
|clearpoke
|poke|p1|Gholdengo, L50|
|poke|p1|Whimsicott, L50, M|
|poke|p1|Incineroar, L50, F|
|poke|p1|Grimmsnarl, L50, M|
|poke|p1|Garchomp, L50, M|
|poke|p1|Staraptor, L50, F, shiny|
|poke|p2|Jolteon, L50, F|
|poke|p2|Sylveon, L50, F|
|poke|p2|Espeon, L50, F|
|poke|p2|Vaporeon, L50, M|
|poke|p2|Floette-Eternal, L50, F|
|poke|p2|Umbreon, L50, F|
|teampreview|4
|showteam|p1|Gholdengo||MetalCoat|GoodasGold|Protect,NastyPlot,MakeItRain,ShadowBall|Modest|||||50|]Whimsicott||FocusSash|Prankster|Protect,Tailwind,Moonblast,Tickle|Timid||M|||50|]Incineroar||ShucaBerry|Intimidate|FakeOut,FlareBlitz,ThroatChop,PartingShot|Brave||F|||50|]Grimmsnarl||RoseliBerry|Prankster|Imprison,Reflect,PartingShot,SpiritBreak|Careful||M|||50|]Garchomp||LifeOrb|RoughSkin|Protect,DragonClaw,Earthquake,RockSlide|Jolly||M|||50|]Staraptor||Staraptite|Intimidate|Protect,Roost,CloseCombat,BraveBird|Jolly||F|||50|
|showteam|p2|Jolteon||FocusSash|VoltAbsorb|Electroweb,RainDance,Protect,Thunderbolt|Timid||F|||50|]Sylveon||FairyFeather|Pixilate|HyperBeam,Protect,HyperVoice,MysticalFire|Timid||F|||50|]Espeon||ChoiceScarf|MagicBounce|Trick,TrickRoom,PowerGem,Psychic|Rash||F|||50|]Vaporeon||Leftovers|WaterAbsorb|MuddyWater,IcyWind,Protect,Scald|Calm||M|||50|]Floette-Eternal||Floettite|FlowerVeil|LightofRuin,Moonblast,Protect,DazzlingGleam|Modest||F|||50|]Umbreon||SitrusBerry|InnerFocus|FoulPlay,Snarl,Toxic,AlluringVoice|Bold||F|||50|
|inactive|Battle timer is ON: inactive players will automatically lose when time's up. (requested by Anicredible)
|
|t:|1784393786
|teamsize|p1|4
|teamsize|p2|4
|start
|switch|p1a: Grimmsnarl|Grimmsnarl, L50, M|100/100
|switch|p1b: Gholdengo|Gholdengo, L50|100/100
|switch|p2a: Umbreon|Umbreon, L50, F|100/100
|switch|p2b: Espeon|Espeon, L50, F|100/100
|turn|1
|inactive|Anicredible has 30 seconds left.
|
|t:|1784393812
|move|p1a: Grimmsnarl|Parting Shot|p2b: Espeon
|move|p2b: Espeon|Parting Shot|p1a: Grimmsnarl|[from] ability: Magic Bounce
|-unboost|p1a: Grimmsnarl|atk|1
|-unboost|p1a: Grimmsnarl|spa|1
|
|t:|1784393819
|switch|p2b: Floette|Floette-Eternal, L50, F|100/100|[from] Parting Shot
|move|p1b: Gholdengo|Nasty Plot|p1b: Gholdengo
|-boost|p1b: Gholdengo|spa|2
|move|p2a: Umbreon|Toxic|p1a: Grimmsnarl
|-status|p1a: Grimmsnarl|tox
|
|-damage|p1a: Grimmsnarl|94/100 tox|[from] psn
|upkeep
|turn|2
|inactive|Anicredible has 30 seconds left.
|inactive|Anicredible has 20 seconds left.
|inactive|Anicredible has 15 seconds left.
|inactive|Anicredible has 10 seconds left.
|inactive|Anicredible has 5 seconds left.
|
|t:|1784393869
|detailschange|p2b: Floette|Floette-Mega, L50, F
|-mega|p2b: Floette|Floette|Floettite
|-ability|p2b: Floette|Fairy Aura
|move|p2b: Floette|Protect|p2b: Floette
|-singleturn|p2b: Floette|Protect
|move|p1a: Grimmsnarl|Reflect|p1a: Grimmsnarl
|-sidestart|p1: Anicredible|Reflect
|move|p1b: Gholdengo|Nasty Plot|p1b: Gholdengo
|-boost|p1b: Gholdengo|spa|2
|move|p2a: Umbreon|Foul Play|p1b: Gholdengo
|-supereffective|p1b: Gholdengo|1
|-damage|p1b: Gholdengo|69/100
|
|-damage|p1a: Grimmsnarl|82/100 tox|[from] psn
|upkeep
|turn|3
|
|t:|1784393894
|move|p1b: Gholdengo|Protect|p1b: Gholdengo
|-singleturn|p1b: Gholdengo|Protect
|move|p1a: Grimmsnarl|Parting Shot|p2b: Floette
|-unboost|p2b: Floette|atk|1
|-unboost|p2b: Floette|spa|1
|
|t:|1784393900
|switch|p1a: Whimsicott|Whimsicott, L50, M|100/100|[from] Parting Shot
|move|p2b: Floette|Light of Ruin|p1b: Gholdengo
|-activate|p1b: Gholdengo|move: Protect
|move|p2a: Umbreon|Snarl|p1b: Gholdengo|[spread] p1a
|-activate|p1b: Gholdengo|move: Protect
|-resisted|p1a: Whimsicott|1
|-damage|p1a: Whimsicott|93/100
|-unboost|p1a: Whimsicott|spa|1
|
|upkeep
|turn|4
|
|t:|1784393922
|move|p1a: Whimsicott|Tailwind|p1a: Whimsicott
|-sidestart|p1: Anicredible|move: Tailwind
|move|p1b: Gholdengo|Make It Rain|p2a: Umbreon|[spread] p2a,p2b
|-supereffective|p2b: Floette|1
|-damage|p2a: Umbreon|0 fnt
|-damage|p2b: Floette|0 fnt
|-unboost|p1b: Gholdengo|spa|2
|faint|p2a: Umbreon
|faint|p2b: Floette
|
|upkeep
|
|t:|1784393932
|switch|p2b: Espeon|Espeon, L50, F|100/100
|switch|p2a: Jolteon|Jolteon, L50, F|100/100
|turn|5
|inactive|Anicredible has 30 seconds left.
|
|t:|1784393959
|move|p1a: Whimsicott|Moonblast|p2a: Jolteon
|-damage|p2a: Jolteon|70/100
|move|p1b: Gholdengo|Make It Rain|p2b: Espeon|[spread] p2a,p2b
|-resisted|p2a: Jolteon|1
|-damage|p2a: Jolteon|0 fnt
|-damage|p2b: Espeon|0 fnt
|-unboost|p1b: Gholdengo|spa|2
|faint|p2a: Jolteon
|faint|p2b: Espeon
|
|win|Anicredible
|raw|Anicredible's rating: 1053 → 1091(+38 for winning)
|raw|earthmeal's rating: 1116 → 1087(-29 for losing)
|l|☆earthmeal
|player|p2|
|c|☆Anicredible|gggwp
