|j|☆Hackervgc
|j|☆rojo53
|html|Hackervgcrojo53    
|uhtml|bestof|Game 2 of a best-of-3
|t:|1782499318
|gametype|doubles
|player|p1|Hackervgc|gentleman-gen4|1181
|player|p2|rojo53|adaman|1159
|gen|9
|tier|[Gen 9 Champions] VGC 2026 Reg M-B (Bo3)
|rated|
|rule|Species Clause: Limit one of each Pokémon
|rule|Item Clause: Limit 1 of each item
|clearpoke
|poke|p1|Charizard, L50, M|
|poke|p1|Mawile, L50, M|
|poke|p1|Basculegion, L50, M|
|poke|p1|Garchomp, L50, M|
|poke|p1|Whimsicott, L50, M|
|poke|p1|Farigiraf, L50, M|
|poke|p2|Meganium, L50, F|
|poke|p2|Kingambit, L50, M|
|poke|p2|Sneasler, L50, F|
|poke|p2|Hydreigon, L50, M|
|poke|p2|Delphox, L50, F|
|poke|p2|Farigiraf, L50, M|
|teampreview|4
|showteam|p1|Charizard||CharizarditeY|Blaze|WeatherBall,HeatWave,SolarBeam,Protect|Timid||M|||50|]Mawile||Mawilite|HyperCutter|PlayRough,SuckerPunch,BrickBreak,Protect|Adamant||M|||50|]Basculegion||MysticWater|Adaptability|WaveCrash,LastRespects,AquaJet,Protect|Adamant||M|||50|]Garchomp||LifeOrb|RoughSkin|Earthquake,DragonClaw,RockSlide,Protect|Jolly||M|||50|]Whimsicott||FocusSash|Prankster|Moonblast,Encore,Tailwind,Protect|Timid||M|||50|]Farigiraf||SitrusBerry|ArmorTail|TwinBeam,Thunderbolt,TrickRoom,HelpingHand|Bold||M|||50|
|showteam|p2|Meganium||Meganiumite|Overgrow|WeatherBall,DazzlingGleam,SolarBeam,Protect|Modest||F|||50|]Kingambit||BlackGlasses|Defiant|KowtowCleave,SuckerPunch,IronHead,Protect|Adamant||M|||50|]Sneasler||FocusSash|Unburden|CloseCombat,DireClaw,FakeOut,Protect|Adamant||F|||50|]Hydreigon||LifeOrb|Levitate|DracoMeteor,DarkPulse,Tailwind,Protect|Timid||M|||50|]Delphox||Delphoxite|Blaze|HeatWave,Psychic,DazzlingGleam,Protect|Timid||F|||50|]Farigiraf||SitrusBerry|ArmorTail|TwinBeam,HyperVoice,Protect,TrickRoom|Relaxed||M|||50|
|
|t:|1782499337
|teamsize|p1|4
|teamsize|p2|4
|start
|switch|p1a: Charizard|Charizard, L50, M|100/100
|switch|p1b: Garchomp|Garchomp, L50, M|100/100
|switch|p2a: Sneasler|Sneasler, L50, F|100/100
|switch|p2b: Delphox|Delphox, L50, F|100/100
|turn|1
|
|t:|1782499368
|detailschange|p2b: Delphox|Delphox-Mega, L50, F
|-mega|p2b: Delphox|Delphox|Delphoxite
|move|p1a: Charizard|Protect|p1a: Charizard
|-singleturn|p1a: Charizard|Protect
|move|p2b: Delphox|Heat Wave|p1b: Garchomp|[spread] p1b
|-activate|p1a: Charizard|move: Protect
|-resisted|p1b: Garchomp|1
|-damage|p1b: Garchomp|78/100
|move|p2a: Sneasler|Close Combat|p1b: Garchomp
|-damage|p1b: Garchomp|13/100
|-unboost|p2a: Sneasler|def|1
|-unboost|p2a: Sneasler|spd|1
|-damage|p2a: Sneasler|87/100|[from] ability: Rough Skin|[of] p1b: Garchomp
|move|p1b: Garchomp|Rock Slide|p2b: Delphox|[spread] p2a,p2b
|-resisted|p2a: Sneasler|1
|-supereffective|p2b: Delphox|1
|-damage|p2a: Sneasler|57/100
|-damage|p2b: Delphox|29/100
|-damage|p1b: Garchomp|3/100|[from] item: Life Orb
|
|upkeep
|turn|2
|
|t:|1782499392
|detailschange|p1a: Charizard|Charizard-Mega-Y, L50, M
|-mega|p1a: Charizard|Charizard|Charizardite Y
|-weather|SunnyDay|[from] ability: Drought|[of] p1a: Charizard
|move|p2b: Delphox|Heat Wave|p1a: Charizard|[spread] p1a,p1b
|-resisted|p1a: Charizard|1
|-resisted|p1b: Garchomp|1
|-damage|p1a: Charizard|68/100
|-damage|p1b: Garchomp|0 fnt
|faint|p1b: Garchomp
|move|p2a: Sneasler|Dire Claw|p1a: Charizard
|-damage|p1a: Charizard|2/100
|-status|p1a: Charizard|psn
|move|p1a: Charizard|Heat Wave|p2b: Delphox|[spread] p2a,p2b
|-resisted|p2b: Delphox|1
|-damage|p2a: Sneasler|0 fnt
|-damage|p2b: Delphox|1/100
|faint|p2a: Sneasler
|
|-weather|SunnyDay|[upkeep]
|-damage|p1a: Charizard|0 fnt|[from] psn
|faint|p1a: Charizard
|upkeep
|
|t:|1782499405
|switch|p2a: Hydreigon|Hydreigon, L50, M|100/100
|switch|p1b: Mawile|Mawile, L50, M|100/100
|switch|p1a: Farigiraf|Farigiraf, L50, M|100/100
|turn|3
|
|t:|1782499420
|move|p2b: Delphox|Heat Wave|p1b: Mawile|[spread] p1a,p1b
|-supereffective|p1b: Mawile|1
|-damage|p1a: Farigiraf|38/100
|-damage|p1b: Mawile|0 fnt
|-enditem|p1a: Farigiraf|Sitrus Berry|[eat]
|-heal|p1a: Farigiraf|63/100|[from] item: Sitrus Berry
|faint|p1b: Mawile
|move|p2a: Hydreigon|Dark Pulse|p1a: Farigiraf
|-supereffective|p1a: Farigiraf|1
|-damage|p1a: Farigiraf|0 fnt
|faint|p1a: Farigiraf
|-damage|p2a: Hydreigon|90/100|[from] item: Life Orb
|
|win|rojo53
||rojo53 is ready for game 3.
||Hackervgc is ready for game 3.
|uhtml|next|Next: Game 3 of 3
|l|☆rojo53
|player|p2|
|l|☆Hackervgc
|player|p1|
|j|☆Hackervgc
|player|p1|Hackervgc|gentleman-gen4|
