|j|‽Lycanko_
|j|☆sableye_dahora
|html|Lycanko_sableye_dahora    
|uhtml|bestof|Game 1 of a best-of-3
|t:|1784733284
|gametype|doubles
|player|p1|Lycanko_|florian-bb|1109
|player|p2|sableye_dahora|ninjaboy|1113
|gen|9
|tier|[Gen 9 Champions] VGC 2026 Reg M-B (Bo3)
|rated|
|rule|Species Clause: Limit one of each Pokémon
|rule|Item Clause: Limit 1 of each item
|clearpoke
|poke|p1|Sneasler, L50, F, shiny|
|poke|p1|Blastoise, L50, M|
|poke|p1|Kingambit, L50, M, shiny|
|poke|p1|Incineroar, L50, M, shiny|
|poke|p1|Delphox, L50, M, shiny|
|poke|p1|Sinistcha, L50, shiny|
|poke|p2|Annihilape, L50, M|
|poke|p2|Falinks, L50|
|poke|p2|Scizor, L50, M|
|poke|p2|Araquanid, L50, M|
|poke|p2|Arcanine, L50, F|
|poke|p2|Sableye, L50, M|
|teampreview|4
|showteam|p1|Sneasler||FocusSash|PoisonTouch|PoisonJab,CloseCombat,FakeOut,QuickGuard|Jolly||F|||50|]Blastoise||Blastoisinite|RainDish|DarkPulse,WaterSpout,ShellSmash,Protect|Modest||M|||50|]Kingambit||BlackGlasses|Defiant|KowtowCleave,SuckerPunch,SwordsDance,Protect|Adamant||M|||50|]Incineroar||SitrusBerry|Intimidate|FlareBlitz,HelpingHand,PartingShot,FakeOut|Careful||M|||50|]Delphox||Delphoxite|Blaze|HeatWave,NastyPlot,Psyshock,Protect|Modest||M|||50|]Sinistcha||KasibBerry|Hospitality|MatchaGotcha,RagePowder,TrickRoom,Protect|Bold|||||50|
|showteam|p2|Annihilape||Leftovers|Defiant|StormThrow,RageFist,Protect,BulkUp|Adamant||M|||50|]Falinks||Falinksite|Defiant|BeatUp,BodyPress,NoRetreat,ZenHeadbutt|Impish|||||50|]Scizor||MetalCoat|Swarm|BulletPunch,CloseCombat,BugBite,Protect|Adamant||M|||50|]Araquanid||MysticWater|WaterBubble|Surf,StickyWeb,WideGuard,Endeavor|Calm||M|||50|]Arcanine||Charcoal|Justified|HeatWave,Protect,ExtremeSpeed,FlameCharge|Sassy||F|||50|]Sableye||FocusSash|Prankster|Encore,Disable,FakeOut,WillOWisp|Careful||M|||50|
|inactive|Battle timer is ON: inactive players will automatically lose when time's up. (requested by Lycanko_)
|inactive|Lycanko_ has 60 seconds left.
|inactive|sableye_dahora has 60 seconds left.
|
|t:|1784733344
|teamsize|p1|4
|teamsize|p2|4
|start
|switch|p1a: Sneasler|Sneasler, L50, F, shiny|100/100
|switch|p1b: Blastoise|Blastoise, L50, M|100/100
|switch|p2a: Falinks|Falinks, L50|100/100
|switch|p2b: Arcanine|Arcanine, L50, F|100/100
|turn|1
|
|t:|1784733365
|switch|p2b: Scizor|Scizor, L50, M|100/100
|detailschange|p1b: Blastoise|Blastoise-Mega, L50, M
|-mega|p1b: Blastoise|Blastoise|Blastoisinite
|detailschange|p2a: Falinks|Falinks-Mega, L50
|-mega|p2a: Falinks|Falinks|Falinksite
|move|p1a: Sneasler|Fake Out|p2a: Falinks
|-damage|p2a: Falinks|90/100
|-status|p2a: Falinks|psn|[from] ability: Poison Touch|[of] p1a: Sneasler
|cant|p2a: Falinks|flinch
|move|p1b: Blastoise|Shell Smash|p1b: Blastoise
|-unboost|p1b: Blastoise|def|1
|-unboost|p1b: Blastoise|spd|1
|-boost|p1b: Blastoise|atk|2
|-boost|p1b: Blastoise|spa|2
|-boost|p1b: Blastoise|spe|2
|
|-damage|p2a: Falinks|77/100 psn|[from] psn
|upkeep
|turn|2
|inactive|sableye_dahora has 30 seconds left.
|inactive|sableye_dahora has 20 seconds left.
|inactive|sableye_dahora has 15 seconds left.
|inactive|sableye_dahora has 10 seconds left.
|inactive|sableye_dahora has 5 seconds left.
|
|t:|1784733420
|move|p2b: Scizor|Bullet Punch|p1a: Sneasler
|-damage|p1a: Sneasler|52/100
|move|p1b: Blastoise|Water Spout|p2a: Falinks|[spread] p2a,p2b
|-crit|p2a: Falinks
|-damage|p2a: Falinks|0 fnt
|-damage|p2b: Scizor|0 fnt
|faint|p2a: Falinks
|faint|p2b: Scizor
|move|p1a: Sneasler|Close Combat|p2: Falinks|[notarget]
|-fail|p1a: Sneasler
|
|upkeep
|inactive|sableye_dahora has 30 seconds left.
|inactive|sableye_dahora has 20 seconds left.
|inactive|sableye_dahora has 15 seconds left.
|inactive|sableye_dahora has 10 seconds left.
|inactive|sableye_dahora has 5 seconds left.
|
|t:|1784733475
|switch|p2a: Arcanine|Arcanine, L50, F|100/100
|switch|p2b: Annihilape|Annihilape, L50, M|100/100
|turn|3
|inactive|sableye_dahora has 30 seconds left.
|inactive|sableye_dahora has 20 seconds left.
|inactive|sableye_dahora has 15 seconds left.
|inactive|sableye_dahora has 10 seconds left.
|inactive|sableye_dahora has 5 seconds left.
|
|t:|1784733530
|move|p1b: Blastoise|Water Spout|p2a: Arcanine|[spread] p2a,p2b
|-supereffective|p2a: Arcanine|1
|-damage|p2a: Arcanine|0 fnt
|-damage|p2b: Annihilape|0 fnt
|faint|p2a: Arcanine
|faint|p2b: Annihilape
|
|win|Lycanko_
||Lycanko_ is ready for game 2.
|inactive|sableye_dahora has 30 seconds to confirm battle start!
|inactive|sableye_dahora has 20 seconds to confirm battle start!
|inactive|sableye_dahora has 10 seconds to confirm battle start!
|uhtml|next|Next: Game 2 of 3
|l|☆sableye_dahora
|player|p2|
