|j|☆Refanner
|j|☆felasmiguel
|html|Refannerfelasmiguel    
|uhtml|bestof|Game 2 of a best-of-3
|t:|1756579720
|gametype|doubles
|player|p1|Refanner|169|1153
|player|p2|felasmiguel|scientist|1168
|gen|9
|tier|[Gen 9] VGC 2025 Reg H (Bo3)
|rated|
|rule|Species Clause: Limit one of each Pokémon
|rule|Item Clause: Limit 1 of each item
|clearpoke
|poke|p1|Garchomp, L50, F|
|poke|p1|Incineroar, L50, F|
|poke|p1|Tyranitar, L50, F|
|poke|p1|Gholdengo, L50|
|poke|p1|Primarina, L50, F|
|poke|p1|Talonflame, L50, M|
|poke|p2|Metagross, L50|
|poke|p2|Mienshao, L50, F|
|poke|p2|Sinistcha, L50|
|poke|p2|Frosmoth, L50, F|
|poke|p2|Glimmora, L50, M|
|poke|p2|Basculegion, L50, M|
|teampreview|4
|showteam|p1|Garchomp||LifeOrb|RoughSkin|Earthquake,DragonClaw,StompingTantrum,Protect|||F|||50|,,,,,Fire]Incineroar||SitrusBerry|Intimidate|FlareBlitz,KnockOff,PartingShot,FakeOut|||F|||50|,,,,,Grass]Tyranitar||AssaultVest|SandStream|KnockOff,RockSlide,TeraBlast,LowKick|||F|||50|,,,,,Flying]Gholdengo||Leftovers|GoodasGold|MakeItRain,ShadowBall,NastyPlot,Protect||||||50|,,,,,Flying]Primarina||MagoBerry|LiquidVoice|HyperVoice,Moonblast,CalmMind,Protect|||F|||50|,,,,,Poison]Talonflame||CovertCloak|GaleWings|BraveBird,Tailwind,WillOWisp,Taunt|||M|||50|,,,,,Flying
|showteam|p2|Metagross||AssaultVest|ClearBody|HardPress,PsychicFangs,BulletPunch,StompingTantrum||||||50|,,,,,Dragon]Mienshao||FocusSash|InnerFocus|CloseCombat,WideGuard,Taunt,Coaching|||F|||50|,,,,,Fighting]Sinistcha||RockyHelmet|Hospitality|LifeDew,MatchaGotcha,RagePowder,TrickRoom||||||50|,,,,,Dark]Frosmoth||SafetyGoggles|IceScales|QuiverDance,IceBeam,TeraBlast,Protect|||F|||50|,,,,,Electric]Glimmora||PowerHerb|Corrosion|MeteorBeam,Toxic,SpikyShield,EarthPower|||M|||50|,,,,,Grass]Basculegion||ChoiceScarf|Adaptability|FlipTurn,LastRespects,WaveCrash,AquaJet|||M|||50|,,,,,Water
|
|t:|1756579782
|teamsize|p1|4
|teamsize|p2|4
|start
|switch|p1a: Tyranitar|Tyranitar, L50, F|100/100
|switch|p1b: Talonflame|Talonflame, L50, M|100/100
|switch|p2a: Basculegion|Basculegion, L50, M|100/100
|switch|p2b: Frosmoth|Frosmoth, L50, F|100/100
|-weather|Sandstorm|[from] ability: Sand Stream|[of] p1a: Tyranitar
|turn|1
|
|t:|1756579834
|switch|p2b: Glimmora|Glimmora, L50, M|100/100
|move|p2a: Basculegion|Aqua Jet|p1b: Talonflame
|-supereffective|p1b: Talonflame
|-damage|p1b: Talonflame|27/100
|move|p1b: Talonflame|Tailwind|p1b: Talonflame
|-sidestart|p1: Refanner|move: Tailwind
|move|p1a: Tyranitar|Rock Slide|p2a: Basculegion|[spread] p2a,p2b
|-damage|p2a: Basculegion|60/100
|-damage|p2b: Glimmora|59/100
|
|-weather|Sandstorm|[upkeep]
|-damage|p1b: Talonflame|21/100|[from] Sandstorm
|-damage|p2a: Basculegion|54/100|[from] Sandstorm
|upkeep
|turn|2
|
|t:|1756579857
|switch|p2a: Sinistcha|Sinistcha, L50|100/100
|-heal|p2b: Glimmora|84/100|[from] ability: Hospitality|[of] p2a: Sinistcha
|move|p1b: Talonflame|Brave Bird|p2a: Sinistcha
|-supereffective|p2a: Sinistcha
|-damage|p2a: Sinistcha|20/100
|-damage|p1b: Talonflame|5/100|[from] item: Rocky Helmet|[of] p2a: Sinistcha
|-damage|p1b: Talonflame|0 fnt|[from] Recoil
|faint|p1b: Talonflame
|move|p1a: Tyranitar|Rock Slide|p2a: Sinistcha|[spread] p2a,p2b
|-damage|p2a: Sinistcha|0 fnt
|-damage|p2b: Glimmora|47/100
|faint|p2a: Sinistcha
|cant|p2b: Glimmora|flinch
|
|-weather|Sandstorm|[upkeep]
|upkeep
|
|t:|1756579878
|switch|p1b: Garchomp|Garchomp, L50, F|100/100
|switch|p2a: Basculegion|Basculegion, L50, M|54/100
|turn|3
|-message|felasmiguel forfeited.
|raw|Refanner's rating: 1153 → 1179(+26 for winning)
|raw|felasmiguel's rating: 1168 → 1142(-26 for losing)
|
|win|Refanner
|l|☆felasmiguel
|player|p2|
