|j|☆Xfede77
|j|☆ZachWeedFanClub
|html|Xfede77ZachWeedFanClub    
|uhtml|bestof|Game 1 of a best-of-3
|t:|1757174048
|gametype|doubles
|player|p1|Xfede77|giovanni|1119
|player|p2|ZachWeedFanClub|gambler|1189
|gen|9
|tier|[Gen 9] VGC 2025 Reg H (Bo3)
|rated|
|rule|Species Clause: Limit one of each Pokémon
|rule|Item Clause: Limit 1 of each item
|clearpoke
|poke|p1|Gothitelle, L50, F|
|poke|p1|Kingdra, L50, F|
|poke|p1|Politoed, L50, M|
|poke|p1|Archaludon, L50, M|
|poke|p1|Incineroar, L50, M|
|poke|p1|Amoonguss, L50, M|
|poke|p2|Ursaluna, L50, M|
|poke|p2|Amoonguss, L50, F|
|poke|p2|Porygon2, L50|
|poke|p2|Incineroar, L50, F|
|poke|p2|Gholdengo, L50|
|poke|p2|Mienshao, L50, M|
|teampreview|4
|showteam|p1|Gothitelle||SitrusBerry|ShadowTag|FakeOut,Psychic,TrickRoom,Protect|||F|||50|,,,,,Dark]Kingdra||LifeOrb|SwiftSwim|WeatherBall,MuddyWater,Protect,DracoMeteor|||F|||50|,,,,,Stellar]Politoed||Leftovers|Drizzle|WeatherBall,Protect,PerishSong,Encore|||M|||50|,,,,,Grass]Archaludon||PowerHerb|Stamina|ElectroShot,Protect,DragonPulse,FlashCannon|||M|||50|,,,,,Electric]Incineroar||SafetyGoggles|Intimidate|FakeOut,KnockOff,PartingShot,Protect|||M|||50|,,,,,Ghost]Amoonguss||EjectButton|Regenerator|Protect,RagePowder,Spore,PollenPuff|||M|||50|,,,,,Fairy
|showteam|p2|Ursaluna||FlameOrb|Guts|Protect,Facade,HeadlongRush,Substitute|||M|||50|,,,,,Ghost]Amoonguss||CovertCloak|Regenerator|RagePowder,Protect,PollenPuff,Spore|||F|||50|,,,,,Electric]Porygon2||Eviolite|Download|Recover,TeraBlast,IceBeam,TrickRoom||||||50|,,,,,Fighting]Incineroar||SafetyGoggles|Intimidate|PartingShot,FlareBlitz,KnockOff,FakeOut|||F|||50|,,,,,Bug]Gholdengo||LifeOrb|GoodasGold|Protect,MakeItRain,ShadowBall,NastyPlot||||||50|,,,,,Water]Mienshao||FocusSash|InnerFocus|CloseCombat,KnockOff,IceSpinner,WideGuard|||M|||50|,,,,,Stellar
|inactive|Battle timer is ON: inactive players will automatically lose when time's up. (requested by ZachWeedFanClub)
|inactive|Xfede77 has 60 seconds left.
|
|t:|1757174082
|teamsize|p1|4
|teamsize|p2|4
|start
|switch|p1a: Politoed|Politoed, L50, M, shiny|100/100
|switch|p1b: Amoonguss|Amoonguss, L50, M|100/100
|switch|p2a: Incineroar|Incineroar, L50, F, shiny|100/100
|switch|p2b: Gholdengo|Gholdengo, L50, shiny|100/100
|-ability|p2a: Incineroar|Intimidate|boost
|-unboost|p1a: Politoed|atk|1
|-unboost|p1b: Amoonguss|atk|1
|-weather|RainDance|[from] ability: Drizzle|[of] p1a: Politoed
|turn|1
|
|t:|1757174107
|switch|p1a: Kingdra|Kingdra, L50, F|100/100
|switch|p1b: Gothitelle|Gothitelle, L50, F|100/100
|move|p2a: Incineroar|Fake Out|p1a: Kingdra
|-damage|p1a: Kingdra|86/100
|move|p2b: Gholdengo|Nasty Plot|p2b: Gholdengo
|-boost|p2b: Gholdengo|spa|2
|
|-weather|RainDance|[upkeep]
|upkeep
|turn|2
|
|t:|1757174133
|-terastallize|p1a: Kingdra|Stellar
|-terastallize|p2b: Gholdengo|Water
|move|p1b: Gothitelle|Fake Out|p2a: Incineroar
|-damage|p2a: Incineroar|95/100
|move|p1a: Kingdra|Muddy Water|p2a: Incineroar|[spread] p2a,p2b
|-supereffective|p2a: Incineroar
|-resisted|p2b: Gholdengo
|-damage|p2a: Incineroar|0 fnt
|-damage|p2b: Gholdengo|61/100
|-unboost|p2b: Gholdengo|accuracy|1
|faint|p2a: Incineroar
|-damage|p1a: Kingdra|76/100|[from] item: Life Orb
|move|p2b: Gholdengo|Shadow Ball|p1a: Kingdra
|-damage|p1a: Kingdra|0 fnt
|faint|p1a: Kingdra
|-damage|p2b: Gholdengo|51/100|[from] item: Life Orb
|
|-weather|RainDance|[upkeep]
|upkeep
|
|t:|1757174146
|switch|p1a: Amoonguss|Amoonguss, L50, M|100/100
|switch|p2a: Porygon2|Porygon2, L50, shiny|100/100
|-ability|p2a: Porygon2|Download|boost
|-boost|p2a: Porygon2|atk|1
|turn|3
|
|t:|1757174154
|move|p2b: Gholdengo|Make It Rain|p1b: Gothitelle|[spread] p1b
|-miss|p2b: Gholdengo|p1a: Amoonguss
|-damage|p1b: Gothitelle|0 fnt
|-unboost|p2b: Gholdengo|spa|1
|faint|p1b: Gothitelle
|-damage|p2b: Gholdengo|42/100|[from] item: Life Orb
|move|p2a: Porygon2|Tera Blast|p1a: Amoonguss
|-damage|p1a: Amoonguss|69/100
|-enditem|p1a: Amoonguss|Eject Button
|
|t:|1757174166
|switch|p1a: Politoed|Politoed, L50, M, shiny|100/100
|
|-weather|RainDance|[upkeep]
|upkeep
|
|t:|1757174171
|switch|p1b: Amoonguss|Amoonguss, L50, M|100/100
|turn|4
|inactive|ZachWeedFanClub has 30 seconds left.
|
|t:|1757174197
|move|p2b: Gholdengo|Shadow Ball|p1b: Amoonguss|[miss]
|-miss|p2b: Gholdengo|p1b: Amoonguss
|move|p1a: Politoed|Weather Ball|p2b: Gholdengo
|-resisted|p2b: Gholdengo
|-damage|p2b: Gholdengo|14/100
|move|p2a: Porygon2|Ice Beam|p1b: Amoonguss
|-supereffective|p1b: Amoonguss
|-damage|p1b: Amoonguss|59/100
|move|p1b: Amoonguss|Spore|p2a: Porygon2
|-status|p2a: Porygon2|slp|[from] move: Spore
|
|-weather|RainDance|[upkeep]
|upkeep
|turn|5
|
|t:|1757174218
|move|p2b: Gholdengo|Protect|p2b: Gholdengo
|-singleturn|p2b: Gholdengo|Protect
|move|p1a: Politoed|Weather Ball|p2b: Gholdengo
|-activate|p2b: Gholdengo|move: Protect
|cant|p2a: Porygon2|slp
|move|p1b: Amoonguss|Pollen Puff|p1a: Politoed
|
|-weather|none
|upkeep
|turn|6
|
|t:|1757174227
|move|p2b: Gholdengo|Shadow Ball|p1a: Politoed|[miss]
|-miss|p2b: Gholdengo|p1a: Politoed
|move|p1a: Politoed|Weather Ball|p2b: Gholdengo
|-damage|p2b: Gholdengo|4/100
|move|p1b: Amoonguss|Pollen Puff|p1a: Politoed
|cant|p2a: Porygon2|slp
|
|upkeep
|turn|7
|c|☆ZachWeedFanClub|insane
|
|t:|1757174236
|move|p2b: Gholdengo|Shadow Ball|p1b: Amoonguss
|-damage|p1b: Amoonguss|0 fnt
|faint|p1b: Amoonguss
|-damage|p2b: Gholdengo|0 fnt|[from] item: Life Orb
|faint|p2b: Gholdengo
|move|p1a: Politoed|Weather Ball|p2a: Porygon2
|-damage|p2a: Porygon2|94/100 slp
|cant|p2a: Porygon2|slp
|
|upkeep
|
|t:|1757174239
|switch|p2b: Ursaluna|Ursaluna, L50, M, shiny|100/100
|turn|8
|
|t:|1757174244
|move|p2b: Ursaluna|Protect|p2b: Ursaluna
|-singleturn|p2b: Ursaluna|Protect
|move|p1a: Politoed|Perish Song|p1a: Politoed
|-start|p1a: Politoed|perish3|[silent]
|-start|p2a: Porygon2|perish3|[silent]
|-start|p2b: Ursaluna|perish3|[silent]
|-fieldactivate|move: Perish Song
|-curestatus|p2a: Porygon2|slp|[msg]
|move|p2a: Porygon2|Trick Room|p2a: Porygon2
|-fieldstart|move: Trick Room|[of] p2a: Porygon2
|
|-start|p2b: Ursaluna|perish3
|-start|p2a: Porygon2|perish3
|-start|p1a: Politoed|perish3
|-status|p2b: Ursaluna|brn|[from] item: Flame Orb
|upkeep
|turn|9
|
|t:|1757174252
|move|p2b: Ursaluna|Facade|p1a: Politoed
|-damage|p1a: Politoed|0 fnt
|faint|p1a: Politoed
|
|win|ZachWeedFanClub
||ZachWeedFanClub is ready for game 2.
||Xfede77 is ready for game 2.
|uhtml|next|Next: Game 2 of 3
