|j|☆Mclovingods
|j|☆mroreo328
|html|Mclovingodsmroreo328    
|uhtml|bestof|Game 3 of a best-of-3
|t:|1782687180
|gametype|doubles
|player|p1|Mclovingods|266|1197
|player|p2|mroreo328|youngster-gen4dp|1259
|gen|9
|tier|[Gen 9 Champions] VGC 2026 Reg M-B (Bo3)
|rated|
|rule|Species Clause: Limit one of each Pokémon
|rule|Item Clause: Limit 1 of each item
|clearpoke
|poke|p1|Delphox, L50, F|
|poke|p1|Basculegion, L50, M|
|poke|p1|Sinistcha, L50|
|poke|p1|Incineroar, L50, M|
|poke|p1|Garchomp, L50, F|
|poke|p1|Staraptor, L50, F|
|poke|p2|Hatterene, L50, F|
|poke|p2|Farigiraf, L50, M, shiny|
|poke|p2|Vivillon-Pokeball, L50, M, shiny|
|poke|p2|Staraptor, L50, M|
|poke|p2|Kangaskhan, L50, F|
|poke|p2|Camerupt, L50, F|
|teampreview|4
|showteam|p1|Delphox||Delphoxite|Blaze|NastyPlot,HeatWave,Psychic,Protect|Timid||F|||50|]Basculegion||MysticWater|Adaptability|WaveCrash,AquaJet,LastRespects,Protect|Jolly||M|||50|]Sinistcha||CobaBerry|Hospitality|MatchaGotcha,RagePowder,LifeDew,TrickRoom|Calm|||||50|]Incineroar||SitrusBerry|Intimidate|FakeOut,PartingShot,FlareBlitz,DarkestLariat|Careful||M|||50|]Garchomp||LifeOrb|RoughSkin|Earthquake,DragonClaw,RockSlide,Protect|Jolly||F|||50|]Staraptor||Staraptite|Intimidate|CloseCombat,BraveBird,Protect,Roost|Jolly||F|||50|
|showteam|p2|Hatterene||FocusSash|MagicBounce|DazzlingGleam,Psychic,ShadowBall,TrickRoom|Quiet||F|||50|]Farigiraf||ColburBerry|ArmorTail|Psychic,LowKick,SunnyDay,TrickRoom|Relaxed||M|||50|]Vivillon-Pokeball||ChoiceScarf|CompoundEyes|Hurricane,StruggleBug,PollenPuff,SleepPowder|Timid||M|||50|]Staraptor||Staraptite|Intimidate|CloseCombat,BraveBird,Roost,Protect|Brave||M|||50|]Kangaskhan||SilkScarf|Scrappy|LastResort,FakeOut|Brave||F|||50|]Camerupt||Cameruptite|SolidRock|Eruption,EarthPower,AncientPower,Protect|Quiet||F|||50|
|inactive|Battle timer is ON: inactive players will automatically lose when time's up. (requested by mroreo328)
|
|t:|1782687186
|teamsize|p1|4
|teamsize|p2|4
|start
|switch|p1a: Delphox|Delphox, L50, F|100/100
|switch|p1b: Sinistcha|Sinistcha, L50|100/100
|switch|p2a: Farigiraf|Farigiraf, L50, M, shiny|100/100
|switch|p2b: Kangaskhan|Kangaskhan, L50, F|100/100
|turn|1
|
|t:|1782687204
|detailschange|p1a: Delphox|Delphox-Mega, L50, F
|-mega|p1a: Delphox|Delphox|Delphoxite
|move|p2b: Kangaskhan|Fake Out|p1b: Sinistcha
|-damage|p1b: Sinistcha|80/100
|move|p1a: Delphox|Nasty Plot|p1a: Delphox
|-boost|p1a: Delphox|spa|2
|cant|p1b: Sinistcha|flinch
|move|p2a: Farigiraf|Trick Room|p2a: Farigiraf
|-fieldstart|move: Trick Room|[of] p2a: Farigiraf
|
|upkeep
|turn|2
|
|t:|1782687214
|move|p1a: Delphox|Protect|p1a: Delphox
|-singleturn|p1a: Delphox|Protect
|move|p2a: Farigiraf|Psychic|p1b: Sinistcha
|-damage|p1b: Sinistcha|48/100
|move|p2b: Kangaskhan|Last Resort|p1b: Sinistcha
|-damage|p1b: Sinistcha|0 fnt
|faint|p1b: Sinistcha
|
|upkeep
|
|t:|1782687221
|switch|p1b: Garchomp|Garchomp, L50, F|100/100
|turn|3
|
|t:|1782687224
|move|p2a: Farigiraf|Psychic|p1a: Delphox
|-resisted|p1a: Delphox|1
|-damage|p1a: Delphox|84/100
|move|p2b: Kangaskhan|Last Resort|p1a: Delphox
|-damage|p1a: Delphox|0 fnt
|faint|p1a: Delphox
|move|p1b: Garchomp|Earthquake|p2b: Kangaskhan|[spread] p2a,p2b
|-crit|p2b: Kangaskhan
|-damage|p2a: Farigiraf|63/100
|-damage|p2b: Kangaskhan|20/100y
|-damage|p1b: Garchomp|90/100|[from] item: Life Orb
|
|upkeep
|
|t:|1782687232
|switch|p1a: Basculegion|Basculegion, L50, M|100/100
|turn|4
|
|t:|1782687241
|move|p1a: Basculegion|Protect|p1a: Basculegion
|-singleturn|p1a: Basculegion|Protect
|move|p2a: Farigiraf|Psychic|p1b: Garchomp
|-damage|p1b: Garchomp|53/100
|move|p2b: Kangaskhan|Last Resort|p1b: Garchomp
|-damage|p1b: Garchomp|0 fnt
|-damage|p2b: Kangaskhan|8/100|[from] ability: Rough Skin|[of] p1b: Garchomp
|faint|p1b: Garchomp
|
|upkeep
|turn|5
|
|t:|1782687254
|move|p2a: Farigiraf|Psychic|p1a: Basculegion
|-damage|p1a: Basculegion|62/100
|-unboost|p1a: Basculegion|spd|1
|move|p2b: Kangaskhan|Last Resort|p1a: Basculegion
|-crit|p1a: Basculegion
|-damage|p1a: Basculegion|0 fnt
|faint|p1a: Basculegion
|
|win|mroreo328
|raw|Mclovingods's rating: 1197 → 1176(-21 for losing)
|raw|mroreo328's rating: 1259 → 1280(+21 for winning)
|l|☆mroreo328
|player|p2|
