|j|☆yveltyy
|j|☆taj11
|html|yveltyytaj11    
|uhtml|bestof|Game 2 of a best-of-3
|t:|1757840879
|gametype|doubles
|player|p1|yveltyy|plasmagruntf-gen5bw|1066
|player|p2|taj11|265|1244
|gen|9
|tier|[Gen 9] VGC 2025 Reg H (Bo3)
|rated|
|rule|Species Clause: Limit one of each Pokémon
|rule|Item Clause: Limit 1 of each item
|clearpoke
|poke|p1|Ninetales-Alola, L50, F|
|poke|p1|Rotom-Frost, L50|
|poke|p1|Garchomp, L50, F|
|poke|p1|Dragonite, L50, M|
|poke|p1|Amoonguss, L50, M|
|poke|p1|Kingambit, L50, F|
|poke|p2|Volcarona, L50, M|
|poke|p2|Rillaboom, L50, F|
|poke|p2|Baxcalibur, L50, M|
|poke|p2|Kingambit, L50, F|
|poke|p2|Sneasler, L50, M|
|poke|p2|Dondozo, L50, M|
|teampreview|4
|showteam|p1|Ninetales-Alola||FocusSash|SnowWarning|Blizzard,IcyWind,AuroraVeil,Encore|||F|||50|,,,,,Ghost]Rotom-Frost||AssaultVest|Levitate|Blizzard,Thunderbolt,Discharge,TeraBlast||||||50|,,,,,Fire]Garchomp||ChoiceBand|RoughSkin|Earthquake,StompingTantrum,PoisonJab,RockSlide|||F|||50|,,,,,Poison]Dragonite||LoadedDice|Multiscale|ScaleShot,ExtremeSpeed,LowKick,Protect|||M|||50|,,,,,Fairy]Amoonguss||SitrusBerry|Regenerator|RagePowder,Spore,PollenPuff,ClearSmog|||M|||50|,,,,,Psychic]Kingambit||LifeOrb|Defiant|KowtowCleave,SuckerPunch,LowKick,Protect|||F|||50|,,,,,Dark
|showteam|p2|Volcarona||CovertCloak|FlameBody|HeatWave,TeraBlast,QuiverDance,RagePowder|||M|||50|,,,,,Fairy]Rillaboom||AssaultVest|GrassySurge|WoodHammer,GrassyGlide,HighHorsepower,FakeOut|||F|||50|,,,,,Water]Baxcalibur||LoadedDice|ThermalExchange|IceShard,ScaleShot,IcicleSpear,Protect|||M|||50|,,,,,Ghost]Kingambit||BlackGlasses|Defiant|KowtowCleave,SuckerPunch,SwordsDance,Protect|||F|||50|,,,,,Ghost]Sneasler||FocusSash|PoisonTouch|CloseCombat,DireClaw,Coaching,FakeOut|||M|||50|,,,,,Stellar]Dondozo||Leftovers|Unaware|Protect,Liquidation,Yawn,Fissure|||M|||50|,,,,,Poison
|inactive|Battle timer is ON: inactive players will automatically lose when time's up. (requested by yveltyy)
|c|☆yveltyy|glhf
|c|☆taj11|gg
|c|☆taj11|glgf
|c|☆taj11|glhf
|j| aberrantreceptacle
|inactive|yveltyy has 60 seconds left.
|
|t:|1757840911
|teamsize|p1|4
|teamsize|p2|4
|start
|switch|p1a: Amoonguss|Amoonguss, L50, M|100/100
|switch|p1b: Kingambit|Kingambit, L50, F|100/100
|switch|p2a: Godchilla|Baxcalibur, L50, M|100/100
|switch|p2b: Clawbird|Sneasler, L50, M|100/100
|turn|1
|l|☆taj11
|inactive|taj11 disconnected and has a minute to reconnect!
|player|p2|
|inactive|taj11 has 30 seconds left.
|inactive|taj11 has 20 seconds left.
|inactive|taj11 has 15 seconds left.
|inactive|taj11 has 10 seconds left.
|inactive|taj11 has 5 seconds left.
|-message|taj11 lost due to inactivity.
|
|win|yveltyy
||yveltyy is ready for game 3.
|inactive|taj11 has 15 seconds to reconnect!
|j|☆taj11
|player|p2|taj11|265|
||taj11 is ready for game 3.
|uhtml|next|Next: Game 3 of 3
|l| aberrantreceptacle
|l|☆yveltyy
|player|p1|
|l|☆taj11
|player|p2|
