|j|☆lakosrostos12
|j|☆uglybeast
|html|lakosrostos12uglybeast    
|uhtml|bestof|Game 2 of a best-of-3
|t:|1757157816
|gametype|doubles
|player|p1|lakosrostos12|101|1222
|player|p2|uglybeast|lucas|1320
|gen|9
|tier|[Gen 9] VGC 2025 Reg H (Bo3)
|rated|
|rule|Species Clause: Limit one of each Pokémon
|rule|Item Clause: Limit 1 of each item
|clearpoke
|poke|p1|Sneasler, L50, M|
|poke|p1|Indeedee, L50, M|
|poke|p1|Volcarona, L50, F|
|poke|p1|Ursaluna-Bloodmoon, L50, M|
|poke|p1|Annihilape, L50, F|
|poke|p1|Tyranitar, L50, M|
|poke|p2|Murkrow, L50, F|
|poke|p2|Ursaluna-Bloodmoon, L50, M|
|poke|p2|Sneasler, L50, M|
|poke|p2|Dragapult, L50, F|
|poke|p2|Armarouge, L50, M|
|poke|p2|Indeedee-F, L50, F|
|teampreview|4
|showteam|p1|Sneasler||PsychicSeed|Unburden|CloseCombat,DireClaw,ShadowClaw,Protect|||M|||50|,,,,,Ghost]Indeedee||ChoiceScarf|PsychicSurge|ExpandingForce,TeraBlast,Trick,AfterYou|||M|||50|,,,,,Psychic]Volcarona||SitrusBerry|FlameBody|StruggleBug,RagePowder,Tailwind,Overheat|||F|||50|,,,,,Grass]Ursaluna-Bloodmoon||LifeOrb|MindsEye|BloodMoon,HyperVoice,EarthPower,Protect|||M|||50|,,,,,Normal]Annihilape||SafetyGoggles|Defiant|CloseCombat,RageFist,Taunt,FinalGambit|||F|||50|,,,,,Fairy]Tyranitar||AssaultVest|SandStream|RockSlide,KnockOff,TeraBlast,LowKick|||M|||50|,,,,,Flying
|showteam|p2|Murkrow||Eviolite|Prankster|Haze,SunnyDay,Tailwind,BraveBird|||F|||50|,,,,,Ghost]Ursaluna-Bloodmoon||LifeOrb|MindsEye|BloodMoon,HyperVoice,Protect,EarthPower|||M|||50|,,,,,Normal]Sneasler||PsychicSeed|Unburden|ThroatChop,DireClaw,CloseCombat,Protect|||M|||50|,,,,,Dark]Dragapult||ChoiceBand|ClearBody|DragonDarts,Outrage,Uturn,PhantomForce|||F|||50|,,,,,Dragon]Armarouge||PowerHerb|FlashFire|HeatWave,MeteorBeam,ExpandingForce,Protect|||M|||50|,,,,,Grass]Indeedee-F||RockyHelmet|PsychicSurge|DazzlingGleam,FollowMe,HelpingHand,TrickRoom|||F|||50|,,,,,Grass
|inactive|Battle timer is ON: inactive players will automatically lose when time's up. (requested by lakosrostos12)
|
|t:|1757157865
|teamsize|p1|4
|teamsize|p2|4
|start
|switch|p1a: Sneasler|Sneasler, L50, M|100/100
|switch|p1b: Tyranitar|Tyranitar, L50, M|100/100
|switch|p2a: Giandam|Armarouge, L50, M|100/100
|switch|p2b: Blade|Indeedee-F, L50, F|100/100
|-weather|Sandstorm|[from] ability: Sand Stream|[of] p1b: Tyranitar
|-fieldstart|move: Psychic Terrain|[from] ability: Psychic Surge|[of] p2b: Blade
|-enditem|p1a: Sneasler|Psychic Seed
|-boost|p1a: Sneasler|spd|1|[from] item: Psychic Seed
|turn|1
|inactive|lakosrostos12 has 30 seconds left.
|inactive|uglybeast has 30 seconds left.
|inactive|lakosrostos12 has 20 seconds left.
|inactive|uglybeast has 20 seconds left.
|inactive|lakosrostos12 has 15 seconds left.
|inactive|uglybeast has 15 seconds left.
|inactive|lakosrostos12 has 10 seconds left.
|inactive|uglybeast has 10 seconds left.
|
|t:|1757157915
|move|p2b: Blade|Follow Me|p2b: Blade
|-singleturn|p2b: Blade|move: Follow Me
|move|p1a: Sneasler|Close Combat|p2b: Blade
|-damage|p2b: Blade|33/100
|-unboost|p1a: Sneasler|def|1
|-unboost|p1a: Sneasler|spd|1
|-damage|p1a: Sneasler|84/100|[from] item: Rocky Helmet|[of] p2b: Blade
|move|p2a: Giandam|Meteor Beam||[still]
|-prepare|p2a: Giandam|Meteor Beam
|-boost|p2a: Giandam|spa|1
|-enditem|p2a: Giandam|Power Herb
|-anim|p2a: Giandam|Meteor Beam|p1a: Sneasler
|-resisted|p1a: Sneasler
|-damage|p1a: Sneasler|42/100
|move|p1b: Tyranitar|Knock Off|p2b: Blade
|-supereffective|p2b: Blade
|-damage|p2b: Blade|0 fnt
|-damage|p1b: Tyranitar|84/100|[from] item: Rocky Helmet|[of] p2b: Blade
|-enditem|p2b: Blade|Rocky Helmet|[from] move: Knock Off|[of] p1b: Tyranitar
|faint|p2b: Blade
|
|-weather|Sandstorm|[upkeep]
|-damage|p1a: Sneasler|37/100|[from] Sandstorm
|-damage|p2a: Giandam|94/100|[from] Sandstorm
|upkeep
|inactive|uglybeast has 30 seconds left.
|
|t:|1757157950
|switch|p2b: Anagnoman|Sneasler, L50, M|100/100
|-enditem|p2b: Anagnoman|Psychic Seed
|-boost|p2b: Anagnoman|spd|1|[from] item: Psychic Seed
|turn|2
|inactive|lakosrostos12 has 30 seconds left.
|inactive|uglybeast has 30 seconds left.
|inactive|uglybeast has 20 seconds left.
|
|t:|1757157988
|-terastallize|p2a: Giandam|Grass
|-terastallize|p1b: Tyranitar|Flying
|move|p2b: Anagnoman|Protect|p2b: Anagnoman
|-singleturn|p2b: Anagnoman|Protect
|move|p1a: Sneasler|Shadow Claw|p2a: Giandam
|-damage|p2a: Giandam|65/100
|move|p2a: Giandam|Expanding Force|p1b: Tyranitar|[spread] p1a,p1b
|-supereffective|p1a: Sneasler
|-damage|p1a: Sneasler|0 fnt
|-damage|p1b: Tyranitar|32/100
|faint|p1a: Sneasler
|move|p1b: Tyranitar|Tera Blast|p2b: Anagnoman|[anim] Tera Blast Flying
|-activate|p2b: Anagnoman|move: Protect
|
|-weather|Sandstorm|[upkeep]
|-damage|p2b: Anagnoman|95/100|[from] Sandstorm
|-damage|p2a: Giandam|59/100|[from] Sandstorm
|-damage|p1b: Tyranitar|26/100|[from] Sandstorm
|upkeep
|
|t:|1757158012
|switch|p1a: Annihilape|Annihilape, L50, F|100/100
|turn|3
|inactive|uglybeast has 30 seconds left.
|inactive|uglybeast has 20 seconds left.
|inactive|uglybeast has 15 seconds left.
|inactive|uglybeast has 10 seconds left.
|
|t:|1757158059
|move|p2b: Anagnoman|Dire Claw|p1b: Tyranitar
|-damage|p1b: Tyranitar|0 fnt
|faint|p1b: Tyranitar
|move|p1a: Annihilape|Close Combat|p2a: Giandam
|-damage|p2a: Giandam|2/100
|-unboost|p1a: Annihilape|def|1
|-unboost|p1a: Annihilape|spd|1
|move|p2a: Giandam|Expanding Force|p1a: Annihilape
|-supereffective|p1a: Annihilape
|-damage|p1a: Annihilape|0 fnt
|faint|p1a: Annihilape
|
|-weather|Sandstorm|[upkeep]
|-damage|p2b: Anagnoman|89/100|[from] Sandstorm
|-damage|p2a: Giandam|0 fnt|[from] Sandstorm
|faint|p2a: Giandam
|upkeep
|
|t:|1757158075
|switch|p2a: Paschalis|Ursaluna-Bloodmoon, L50, M|100/100
|switch|p1b: Indeedee|Indeedee, L50, M|100/100
|turn|4
|-message|lakosrostos12 forfeited.
|
|win|uglybeast
||lakosrostos12 is ready for game 3.
||uglybeast is ready for game 3.
|uhtml|next|Next: Game 3 of 3
|l|☆lakosrostos12
|player|p1|
