|j|☆izmatti
|j|☆ChickenZX
|html|izmattiChickenZX    
|uhtml|bestof|Game 2 of a best-of-3
|t:|1757830567
|gametype|doubles
|player|p1|izmatti|266|
|player|p2|ChickenZX|fisherman-gen4|
|gen|9
|tier|[Gen 9] VGC 2025 Reg H (Bo3)
|rule|Species Clause: Limit one of each Pokémon
|rule|Item Clause: Limit 1 of each item
|clearpoke
|poke|p1|Corviknight, L50, M|
|poke|p1|Tyranitar, L50, F|
|poke|p1|Excadrill, L50, F|
|poke|p1|Annihilape, L50, F|
|poke|p1|Indeedee-F, L50, F|
|poke|p1|Delphox, L50, M|
|poke|p2|Lilligant-Hisui, L50, F|
|poke|p2|Torkoal, L50, M|
|poke|p2|Ursaluna-Bloodmoon, L50, M|
|poke|p2|Dragonite, L50, M|
|poke|p2|Rillaboom, L50, M|
|poke|p2|Kingambit, L50, M|
|teampreview|4
|showteam|p1|Corviknight||PsychicSeed|MirrorArmor|BraveBird,PowerTrip,BulkUp,Roost|||M|||50|,,,,,Dragon]Tyranitar||AssaultVest|SandStream|TeraBlast,RockSlide,LowKick,KnockOff|||F|||50|,,,,,Flying]Excadrill||FocusSash|SandRush|SwordsDance,IronHead,Earthquake,Protect|||F|||50|,,,,,Ground]Annihilape||SafetyGoggles|Defiant|CloseCombat,Protect,FinalGambit,RageFist|||F|||50|,,,,,Grass]Indeedee-F||RockyHelmet|PsychicSurge|FollowMe,HelpingHand,TrickRoom,AlluringVoice|||F|||50|,,,,,Flying]Delphox||LifeOrb|Blaze|ExpandingForce,HeatWave,Protect,TeraBlast|||M|||50|,,,,,Fighting
|showteam|p2|Lilligant-Hisui||FocusSash|Chlorophyll|CloseCombat,TripleAxel,SolarBlade,AfterYou|||F|||50|,,,,,Ghost]Torkoal||Charcoal|Drought|Eruption,WeatherBall,HelpingHand,Protect|||M|||50|,,,,,Fire]Ursaluna-Bloodmoon||LifeOrb|MindsEye|BloodMoon,HyperVoice,EarthPower,Protect|||M|||50|,,,,,Normal]Dragonite||LoadedDice|Multiscale|ScaleShot,Protect,Tailwind,Haze|||M|||50|,,,,,Fairy]Rillaboom||AssaultVest|GrassySurge|WoodHammer,GrassyGlide,HighHorsepower,FakeOut|||M|||50|,,,,,Fire]Kingambit||SafetyGoggles|Defiant|KowtowCleave,SuckerPunch,SwordsDance,Protect|||M|||50|,,,,,Dark
|inactive|Battle timer is ON: inactive players will automatically lose when time's up. (requested by ChickenZX)
|inactive|izmatti has 60 seconds left.
|inactive|ChickenZX has 60 seconds left.
|
|t:|1757830624
|teamsize|p1|4
|teamsize|p2|4
|start
|switch|p1a: Delphox|Delphox, L50, M|100/100
|switch|p1b: Tyranitar|Tyranitar, L50, F|100/100
|switch|p2a: Dragonite|Dragonite, L50, M|100/100
|switch|p2b: Ursaluna|Ursaluna-Bloodmoon, L50, M|100/100
|-weather|Sandstorm|[from] ability: Sand Stream|[of] p1b: Tyranitar
|turn|1
|inactive|izmatti has 30 seconds left.
|inactive|ChickenZX has 30 seconds left.
|inactive|izmatti has 20 seconds left.
|inactive|ChickenZX has 20 seconds left.
|
|t:|1757830663
|-terastallize|p2a: Dragonite|Fairy
|-terastallize|p1b: Tyranitar|Flying
|move|p2b: Ursaluna|Protect|p2b: Ursaluna
|-singleturn|p2b: Ursaluna|Protect
|move|p1a: Delphox|Heat Wave|p2a: Dragonite|[spread] p2a
|-activate|p2b: Ursaluna|move: Protect
|-damage|p2a: Dragonite|78/100
|-damage|p1a: Delphox|90/100|[from] item: Life Orb
|move|p2a: Dragonite|Scale Shot|p1a: Delphox
|-damage|p1a: Delphox|66/100
|-damage|p1a: Delphox|44/100
|-damage|p1a: Delphox|20/100
|-damage|p1a: Delphox|0 fnt
|faint|p1a: Delphox
|-hitcount|p1: Delphox|4
|-unboost|p2a: Dragonite|def|1
|-boost|p2a: Dragonite|spe|1
|move|p1b: Tyranitar|Rock Slide|p2a: Dragonite|[spread] p2a
|-activate|p2b: Ursaluna|move: Protect
|-damage|p2a: Dragonite|26/100
|
|-weather|Sandstorm|[upkeep]
|-damage|p2a: Dragonite|20/100|[from] Sandstorm
|-damage|p1b: Tyranitar|95/100|[from] Sandstorm
|upkeep
|
|t:|1757830681
|switch|p1a: Indeedee|Indeedee-F, L50, F|100/100
|-fieldstart|move: Psychic Terrain|[from] ability: Psychic Surge|[of] p1a: Indeedee
|turn|2
|
|t:|1757830697
|switch|p2a: Torkoal|Torkoal, L50, M|100/100
|-weather|SunnyDay|[from] ability: Drought|[of] p2a: Torkoal
|move|p2b: Ursaluna|Blood Moon|p1b: Tyranitar
|-damage|p1b: Tyranitar|33/100
|-damage|p2b: Ursaluna|90/100|[from] item: Life Orb
|move|p1b: Tyranitar|Low Kick|p2b: Ursaluna
|-supereffective|p2b: Ursaluna
|-damage|p2b: Ursaluna|19/100
|move|p1a: Indeedee|Trick Room|p1a: Indeedee
|-fieldstart|move: Trick Room|[of] p1a: Indeedee
|
|-weather|SunnyDay|[upkeep]
|upkeep
|turn|3
|-message|izmatti forfeited.
|
|win|ChickenZX
|l|☆izmatti
|player|p1|
||izmatti is ready for game 3.
||ChickenZX is ready for game 3.
|uhtml|next|Next: Game 3 of 3
