|j|☆lolgz
|j|☆giallone55
|html|lolgzgiallone55    
|uhtml|bestof|Game 1 of a best-of-3
|t:|1782433613
|gametype|doubles
|player|p1|lolgz|dawn|1143
|player|p2|giallone55|170|1140
|gen|9
|tier|[Gen 9 Champions] VGC 2026 Reg M-B (Bo3)
|rated|
|rule|Species Clause: Limit one of each Pokémon
|rule|Item Clause: Limit 1 of each item
|clearpoke
|poke|p1|Mawile, L50, M|
|poke|p1|Sneasler, L50, M|
|poke|p1|Farigiraf, L50, M|
|poke|p1|Ampharos, L50, F|
|poke|p1|Vileplume, L50, F|
|poke|p1|Torkoal, L50, F|
|poke|p2|Whimsicott, L50, M|
|poke|p2|Sylveon, L50, M|
|poke|p2|Staraptor, L50, M|
|poke|p2|Maushold-Four, L50|
|poke|p2|Gholdengo, L50|
|poke|p2|Garchomp, L50, F|
|teampreview|4
|showteam|p1|Mawile||Mawilite|HyperCutter|PlayRough,SuckerPunch,SwordsDance,Protect|Serious||M|||50|]Sneasler||IronBall|PoisonTouch|FakeOut,DireClaw,CloseCombat,RockTomb|Brave||M|||50|]Farigiraf||SitrusBerry|ArmorTail|TrickRoom,Thunderbolt,Psychic,HelpingHand|Relaxed||M|||50|]Ampharos||Ampharosite|Static|Thunderbolt,DragonPulse,Protect,FocusBlast|Brave||F|||50|]Vileplume||FocusSash|Chlorophyll|SleepPowder,SludgeBomb,EnergyBall,AfterYou|Timid||F|||50|]Torkoal||Charcoal|Drought|Eruption,WeatherBall,EarthPower,Protect|Quiet||F|||50|
|showteam|p2|Whimsicott||FocusSash|Prankster|Moonblast,Tailwind,SunnyDay,Encore|Calm||M|||50|]Sylveon||Leftovers|Pixilate|HyperVoice,CalmMind,MysticalFire,Detect|Modest||M|||50|]Staraptor||Staraptite|Intimidate|CloseCombat,BraveBird,Roost,BlazeKick|Adamant||M|||50|]Maushold-Four||WideLens|Technician|PopulationBomb,FollowMe,Taunt,Charm|Jolly|||||50|]Gholdengo||LifeOrb|GoodasGold|NastyPlot,ShadowBall,Thunderbolt,MakeItRain|Timid|||||50|]Garchomp||SitrusBerry|RoughSkin|SwordsDance,StealthRock,DragonClaw,PoisonJab|Impish||F|||50|
|inactive|Battle timer is ON: inactive players will automatically lose when time's up. (requested by lolgz)
|
|t:|1782433630
|teamsize|p1|4
|teamsize|p2|4
|start
|switch|p1a: Farigiraf|Farigiraf, L50, M|100/100
|switch|p1b: Sneasler|Sneasler, L50, M|100/100
|switch|p2a: Maushold|Maushold-Four, L50|100/100
|switch|p2b: Staraptor|Staraptor, L50, M|100/100
|-ability|p2b: Staraptor|Intimidate|boost
|-unboost|p1a: Farigiraf|atk|1
|-unboost|p1b: Sneasler|atk|1
|turn|1
|
|t:|1782433646
|detailschange|p2b: Staraptor|Staraptor-Mega, L50, M
|-mega|p2b: Staraptor|Staraptor|Staraptite
|move|p1b: Sneasler|Fake Out|p2b: Staraptor
|-damage|p2b: Staraptor|89/100
|move|p2a: Maushold|Taunt|p1a: Farigiraf
|-start|p1a: Farigiraf|move: Taunt
|cant|p2b: Staraptor|flinch
|cant|p1a: Farigiraf|move: Taunt|Trick Room
|
|upkeep
|turn|2
|
|t:|1782433660
|move|p2a: Maushold|Charm|p2b: Staraptor
|-boost|p2b: Staraptor|atk|2
|move|p2b: Staraptor|Close Combat|p1b: Sneasler
|-resisted|p1b: Sneasler|1
|-damage|p1b: Sneasler|1/100
|-boost|p2b: Staraptor|def|1
|-boost|p2b: Staraptor|spd|1
|move|p1a: Farigiraf|Psychic|p2b: Staraptor
|-supereffective|p2b: Staraptor|1
|-damage|p2b: Staraptor|41/100
|move|p1b: Sneasler|Close Combat|p2a: Maushold
|-supereffective|p2a: Maushold|1
|-damage|p2a: Maushold|0 fnt
|-unboost|p1b: Sneasler|def|1
|-unboost|p1b: Sneasler|spd|1
|faint|p2a: Maushold
|
|upkeep
|
|t:|1782433673
|switch|p2a: Garchomp|Garchomp, L50, F|100/100
|turn|3
|
|t:|1782433681
|move|p2b: Staraptor|Close Combat|p1a: Farigiraf
|-damage|p1a: Farigiraf|0 fnt
|-boost|p2b: Staraptor|def|1
|-boost|p2b: Staraptor|spd|1
|faint|p1a: Farigiraf
|move|p2a: Garchomp|Stealth Rock|p1b: Sneasler
|-sidestart|p1: lolgz|move: Stealth Rock
|move|p1b: Sneasler|Close Combat|p2a: Garchomp
|-damage|p2a: Garchomp|67/100
|-unboost|p1b: Sneasler|def|1
|-unboost|p1b: Sneasler|spd|1
|-damage|p1b: Sneasler|0 fnt|[from] ability: Rough Skin|[of] p2a: Garchomp
|-status|p2a: Garchomp|psn|[from] ability: Poison Touch|[of] p1b: Sneasler
|faint|p1b: Sneasler
|
|-damage|p2a: Garchomp|54/100 psn|[from] psn
|upkeep
|
|t:|1782433684
|switch|p1b: Mawile|Mawile, L50, M|100/100
|switch|p1a: Torkoal|Torkoal, L50, F|100/100
|-damage|p1b: Mawile|94/100|[from] Stealth Rock
|-damage|p1a: Torkoal|75/100|[from] Stealth Rock
|-weather|SunnyDay|[from] ability: Drought|[of] p1a: Torkoal
|turn|4
|-message|lolgz forfeited.
|
|win|giallone55
