|j|☆gastero
|j|☆SuprEpcGuy
|html|gasteroSuprEpcGuy    
|uhtml|bestof|Game 3 of a best-of-3
|t:|1783375053
|gametype|doubles
|player|p1|gastero|carmine|1206
|player|p2|SuprEpcGuy|shauntal|1186
|gen|9
|tier|[Gen 9 Champions] VGC 2026 Reg M-B (Bo3)
|rated|
|rule|Species Clause: Limit one of each Pokémon
|rule|Item Clause: Limit 1 of each item
|clearpoke
|poke|p1|Charizard, L50, F, shiny|
|poke|p1|Milotic, L50, F|
|poke|p1|Sinistcha, L50|
|poke|p1|Metagross, L50, shiny|
|poke|p1|Sneasler, L50, F, shiny|
|poke|p1|Kleavor, L50, F, shiny|
|poke|p2|Zoroark-Hisui, L50, F|
|poke|p2|Aerodactyl, L50, M|
|poke|p2|Kingambit, L50, F, shiny|
|poke|p2|Basculegion, L50, M|
|poke|p2|Incineroar, L50, M|
|poke|p2|Sylveon, L50, F|
|teampreview|4
|showteam|p1|Charizard||CharizarditeX|Blaze|FlareBlitz,DragonClaw,DragonDance,Roost|Adamant||F|||50|]Milotic||SitrusBerry|Competitive|Scald,IcyWind,LifeDew,Protect|Modest||F|||50|]Sinistcha||ColburBerry|Hospitality|MatchaGotcha,RagePowder,TrickRoom,Protect|Calm|||||50|]Metagross||Metagrossite|ClearBody|MeteorMash,PsychicFangs,IcePunch,Protect|Jolly|||||50|]Sneasler||FocusSash|Unburden|CloseCombat,DireClaw,Coaching,Protect|Jolly||F|||50|]Kleavor||ChoiceScarf|Sharpness|StoneAxe,XScissor,CloseCombat,NightSlash|Adamant||F|||50|
|showteam|p2|Zoroark-Hisui||FocusSash|Illusion|ShadowBall,WillOWisp,Taunt,Snarl|Timid||F|||50|]Aerodactyl||Aerodactylite|RockHead|RockSlide,IceFang,DualWingbeat,Tailwind|Jolly||M|||50|]Kingambit||ChopleBerry|Defiant|SuckerPunch,KowtowCleave,LowKick,Protect|Adamant||F|||50|]Basculegion||MysticWater|Adaptability|AquaJet,Liquidation,LastRespects,Protect|Adamant||M|||50|]Incineroar||SitrusBerry|Intimidate|FlareBlitz,ThroatChop,PartingShot,FakeOut|Careful||M|||50|]Sylveon||FairyFeather|Pixilate|HyperVoice,QuickAttack,HyperBeam,Detect|Modest||F|||50|
|inactive|Battle timer is ON: inactive players will automatically lose when time's up. (requested by SuprEpcGuy)
|inactive|SuprEpcGuy has 60 seconds left.
|
|t:|1783375086
|teamsize|p1|4
|teamsize|p2|4
|start
|switch|p1a: Milotic|Milotic, L50, F|100/100
|switch|p1b: Kleavor|Kleavor, L50, F, shiny|100/100
|switch|p2a: Freight|Aerodactyl, L50, M|100/100
|switch|p2b: Paraselene|Kingambit, L50, F, shiny|100/100
|turn|1
|inactive|gastero has 30 seconds left.
|inactive|gastero has 20 seconds left.
|inactive|gastero has 15 seconds left.
|inactive|gastero has 10 seconds left.
|inactive|gastero has 5 seconds left.
|
|t:|1783375141
|detailschange|p2a: Freight|Aerodactyl-Mega, L50, M
|-mega|p2a: Freight|Aerodactyl|Aerodactylite
|move|p2b: Paraselene|Sucker Punch|p1b: Kleavor
|-damage|p1b: Kleavor|50/100g
|move|p2a: Freight|Rock Slide|p1b: Kleavor|[spread] p1a
|-miss|p2a: Freight|p1b: Kleavor
|-damage|p1a: Milotic|68/100
|move|p1b: Kleavor|Stone Axe|p2b: Paraselene
|-resisted|p2b: Paraselene|1
|-damage|p2b: Paraselene|79/100
|-sidestart|p2: SuprEpcGuy|move: Stealth Rock
|move|p1a: Milotic|Scald|p2b: Paraselene
|-damage|p2b: Paraselene|42/100
|
|upkeep
|turn|2
|inactive|gastero has 30 seconds left.
|inactive|SuprEpcGuy has 30 seconds left.
|inactive|gastero has 20 seconds left.
|inactive|SuprEpcGuy has 20 seconds left.
|inactive|gastero has 15 seconds left.
|inactive|SuprEpcGuy has 15 seconds left.
|inactive|gastero has 10 seconds left.
|inactive|SuprEpcGuy has 10 seconds left.
|inactive|gastero has 5 seconds left.
|
|t:|1783375196
|move|p2a: Freight|Tailwind|p2a: Freight
|-sidestart|p2: SuprEpcGuy|move: Tailwind
|move|p1b: Kleavor|Stone Axe|p2a: Freight
|-supereffective|p2a: Freight|1
|-damage|p2a: Freight|0 fnt
|faint|p2a: Freight
|move|p2b: Paraselene|Kowtow Cleave|p1b: Kleavor
|-damage|p1b: Kleavor|0 fnt
|faint|p1b: Kleavor
|move|p1a: Milotic|Scald|p2b: Paraselene
|-damage|p2b: Paraselene|6/100
|-status|p2b: Paraselene|brn
|
|-damage|p2b: Paraselene|1/100 brn|[from] brn
|upkeep
|inactive|gastero has 30 seconds left.
|inactive|gastero has 20 seconds left.
|inactive|gastero has 15 seconds left.
|inactive|gastero has 10 seconds left.
|inactive|gastero has 5 seconds left.
|
|t:|1783375251
|switch|p2a: Reverence|Basculegion, L50, M|100/100
|switch|p1b: Sneasler|Sneasler, L50, F, shiny|100/100
|-damage|p2a: Reverence|87/100|[from] Stealth Rock
|turn|3
|inactive|gastero has 30 seconds left.
|inactive|SuprEpcGuy has 30 seconds left.
|inactive|gastero has 20 seconds left.
|inactive|SuprEpcGuy has 20 seconds left.
|inactive|gastero has 15 seconds left.
|inactive|SuprEpcGuy has 15 seconds left.
|inactive|gastero has 10 seconds left.
|inactive|SuprEpcGuy has 10 seconds left.
|inactive|gastero has 5 seconds left.
|inactive|SuprEpcGuy has 5 seconds left.
|
|t:|1783375309
|move|p2a: Reverence|Liquidation|p1b: Sneasler
|-enditem|p1b: Sneasler|Focus Sash
|-damage|p1b: Sneasler|1/100
|move|p1b: Sneasler|Close Combat|p2b: Paraselene
|-supereffective|p2b: Paraselene|2
|-enditem|p2b: Paraselene|Chople Berry|[eat]
|-enditem|p2b: Paraselene|Chople Berry|[weaken]
|-damage|p2b: Paraselene|0 fnt
|-unboost|p1b: Sneasler|def|1
|-unboost|p1b: Sneasler|spd|1
|faint|p2b: Paraselene
|move|p1a: Milotic|Scald|p2a: Reverence
|-resisted|p2a: Reverence|1
|-damage|p2a: Reverence|70/100
|
|upkeep
|
|t:|1783375322
|switch|p2b: Big Purr|Incineroar, L50, M|100/100
|-damage|p2b: Big Purr|75/100|[from] Stealth Rock
|-ability|p2b: Big Purr|Intimidate|boost
|-unboost|p1a: Milotic|atk|1
|-ability|p1a: Milotic|Competitive|boost
|-boost|p1a: Milotic|spa|2
|-unboost|p1b: Sneasler|atk|1
|turn|4
|inactive|gastero has 30 seconds left.
|inactive|gastero has 20 seconds left.
|inactive|gastero has 15 seconds left.
|inactive|gastero has 10 seconds left.
|inactive|gastero has 5 seconds left.
|
|t:|1783375377
|move|p2b: Big Purr|Fake Out|p1a: Milotic
|-damage|p1a: Milotic|57/100
|move|p1b: Sneasler|Close Combat|p2b: Big Purr
|-supereffective|p2b: Big Purr|1
|-damage|p2b: Big Purr|3/100
|-unboost|p1b: Sneasler|def|1
|-unboost|p1b: Sneasler|spd|1
|-enditem|p2b: Big Purr|Sitrus Berry|[eat]
|-heal|p2b: Big Purr|28/100|[from] item: Sitrus Berry
|move|p2a: Reverence|Last Respects|p1a: Milotic
|-damage|p1a: Milotic|0 fnt
|faint|p1a: Milotic
|
|upkeep
|inactive|gastero has 30 seconds left.
|inactive|gastero has 20 seconds left.
|inactive|gastero has 15 seconds left.
|inactive|gastero has 10 seconds left.
|inactive|gastero has 5 seconds left.
|
|t:|1783375432
|switch|p1a: Metagross|Metagross, L50, shiny|100/100
|turn|5
|inactive|gastero has 30 seconds left.
|inactive|gastero has 20 seconds left.
|inactive|gastero has 15 seconds left.
|inactive|gastero has 10 seconds left.
|inactive|gastero has 5 seconds left.
|inactive|SuprEpcGuy has 30 seconds left.
|
|t:|1783375487
|move|p2a: Reverence|Aqua Jet|p1b: Sneasler
|-damage|p1b: Sneasler|0 fnt
|faint|p1b: Sneasler
|move|p2b: Big Purr|Throat Chop|p1a: Metagross
|-supereffective|p1a: Metagross|1
|-damage|p1a: Metagross|37/100
|-start|p1a: Metagross|Throat Chop|[silent]
|move|p1a: Metagross|Meteor Mash|p2a: Reverence
|-resisted|p2a: Reverence|1
|-damage|p2a: Reverence|43/100
|-boost|p1a: Metagross|atk|1
|
|-sideend|p2: SuprEpcGuy|move: Tailwind
|upkeep
|turn|6
|inactive|gastero has 30 seconds left.
|inactive|gastero has 20 seconds left.
|inactive|gastero has 15 seconds left.
|inactive|gastero has 10 seconds left.
|inactive|SuprEpcGuy has 30 seconds left.
|inactive|gastero has 5 seconds left.
|inactive|SuprEpcGuy has 20 seconds left.
|-message|gastero lost due to inactivity.
|
|win|SuprEpcGuy
|raw|gastero's rating: 1206 → 1180(-26 for losing)
|raw|SuprEpcGuy's rating: 1186 → 1212(+26 for winning)
