|j|☆thepartysneverover
|j|☆Awesome Person III
|html|thepartysneveroverAwesome Person III    
|uhtml|bestof|Game 2 of a best-of-3
|t:|1755190656
|gametype|doubles
|player|p1|thepartysneverover|2|1311
|player|p2|Awesome Person III|fisherman-gen4|1422
|gen|9
|tier|[Gen 9] VGC 2025 Reg H (Bo3)
|rated|
|rule|Species Clause: Limit one of each Pokémon
|rule|Item Clause: Limit 1 of each item
|clearpoke
|poke|p1|Ribombee, L50, M|
|poke|p1|Exeggutor, L50, M|
|poke|p1|Typhlosion, L50, M|
|poke|p1|Torkoal, L50, M|
|poke|p1|Indeedee-F, L50, F|
|poke|p1|Archaludon, L50, F|
|poke|p2|Weezing-Galar, L50, M|
|poke|p2|Typhlosion-Hisui, L50, M|
|poke|p2|Garchomp, L50, M|
|poke|p2|Corviknight, L50, M|
|poke|p2|Toedscruel, L50, M|
|poke|p2|Baxcalibur, L50, M|
|teampreview|4
|showteam|p1|Ribombee||FocusSash|ShieldDust|Moonblast,Tailwind,FakeTears,SunnyDay|||M|||50|,,,,,Fairy]Exeggutor||LifeOrb|Chlorophyll|ExpandingForce,LeafStorm,TrickRoom,Protect|||M|||50|,,,,,Psychic]Typhlosion||ChoiceSpecs|FlashFire|Eruption,HeatWave,Overheat,ScorchingSands|||M|||50|,,,,,Fire]Torkoal||EjectPack|Drought|Overheat,Eruption,HelpingHand,Protect|||M|||50|,,,,,Fire]Indeedee-F||PsychicSeed|PsychicSurge|FollowMe,HelpingHand,HyperVoice,TrickRoom|||F|||50|,,,,,Poison]Archaludon||PowerHerb|Sturdy|Protect,ElectroShot,FlashCannon,AuraSphere|||F|||50|,,,,,Stellar
|showteam|p2|Weezing-Galar||ChoiceSpecs|NeutralizingGas|SludgeBomb,StrangeSteam,DazzlingGleam,Flamethrower|||M|||50|,,,,,Flying]Typhlosion-Hisui||ChoiceScarf|Blaze|Overheat,Eruption,ShadowBall,HeatWave|||M|||50|,,,,,Fire]Garchomp||LifeOrb|RoughSkin|DragonClaw,StompingTantrum,Earthquake,Protect|||M|||50|,,,,,Ground]Corviknight||SitrusBerry|MirrorArmor|BraveBird,Roost,Tailwind,BulkUp|||M|||50|,,,,,Dragon]Toedscruel||CovertCloak|MyceliumMight|EarthPower,AcidSpray,Spore,RagePowder|||M|||50|,,,,,Fire]Baxcalibur||LoadedDice|ThermalExchange|IcicleSpear,ScaleShot,Protect,SwordsDance|||M|||50|,,,,,Ghost
|inactive|Battle timer is ON: inactive players will automatically lose when time's up. (requested by Awesome Person III)
|inactive|Awesome Person III has 60 seconds left.
|inactive|Awesome Person III has 30 seconds left.
|inactive|Awesome Person III has 20 seconds left.
|
|t:|1755190732
|teamsize|p1|4
|teamsize|p2|4
|start
|switch|p1a: Archaludon|Archaludon, L50, F|100/100
|switch|p1b: Ribombee|Ribombee, L50, M|100/100
|switch|p2a: Garchomp|Garchomp, L50, M|100/100
|switch|p2b: Toedscruel|Toedscruel, L50, M|100/100
|turn|1
|inactive|thepartysneverover has 30 seconds left.
|inactive|Awesome Person III has 30 seconds left.
|inactive|thepartysneverover has 20 seconds left.
|
|t:|1755190767
|move|p1a: Archaludon|Protect|p1a: Archaludon
|-singleturn|p1a: Archaludon|Protect
|move|p1b: Ribombee|Tailwind|p1b: Ribombee
|-sidestart|p1: thepartysneverover|move: Tailwind
|move|p2a: Garchomp|Stomping Tantrum|p1a: Archaludon
|-activate|p1a: Archaludon|move: Protect
|move|p2b: Toedscruel|Spore|p1b: Ribombee
|-status|p1b: Ribombee|slp|[from] move: Spore
|
|upkeep
|turn|2
|
|t:|1755190788
|cant|p1b: Ribombee|slp
|move|p1a: Archaludon|Flash Cannon|p2b: Toedscruel
|-damage|p2b: Toedscruel|62/100
|move|p2a: Garchomp|Stomping Tantrum|p1a: Archaludon
|-supereffective|p1a: Archaludon
|-damage|p1a: Archaludon|9/100
|-damage|p2a: Garchomp|91/100|[from] item: Life Orb
|move|p2b: Toedscruel|Earth Power|p1a: Archaludon
|-supereffective|p1a: Archaludon
|-damage|p1a: Archaludon|0 fnt
|faint|p1a: Archaludon
|
|upkeep
|
|t:|1755190796
|switch|p1a: Typhlosion|Typhlosion, L50, M|100/100
|turn|3
|
|t:|1755190807
|-terastallize|p1a: Typhlosion|Fire
|-terastallize|p2b: Toedscruel|Fire
|move|p2b: Toedscruel|Rage Powder|p2b: Toedscruel
|-singleturn|p2b: Toedscruel|move: Rage Powder
|-curestatus|p1b: Ribombee|slp|[msg]
|move|p1b: Ribombee|Moonblast|p2b: Toedscruel
|-resisted|p2b: Toedscruel
|-damage|p2b: Toedscruel|45/100
|move|p1a: Typhlosion|Eruption|p2b: Toedscruel|[spread] p2a,p2b
|-resisted|p2a: Garchomp
|-resisted|p2b: Toedscruel
|-damage|p2a: Garchomp|31/100
|-damage|p2b: Toedscruel|0 fnt
|faint|p2b: Toedscruel
|move|p2a: Garchomp|Earthquake|p1b: Ribombee|[spread] p1a,p1b
|-supereffective|p1a: Typhlosion
|-resisted|p1b: Ribombee
|-damage|p1a: Typhlosion|0 fnt
|-damage|p1b: Ribombee|50/100
|faint|p1a: Typhlosion
|-damage|p2a: Garchomp|22/100|[from] item: Life Orb
|
|upkeep
|inactive|thepartysneverover has 30 seconds left.
|inactive|thepartysneverover has 20 seconds left.
|inactive|thepartysneverover has 15 seconds left.
|inactive|thepartysneverover has 10 seconds left.
|inactive|thepartysneverover has 5 seconds left.
|
|t:|1755190862
|switch|p2b: Corviknight|Corviknight, L50, M|100/100
|switch|p1a: Exeggutor|Exeggutor, L50, M|100/100
|turn|4
|
|t:|1755190878
|move|p2a: Garchomp|Protect|p2a: Garchomp
|-singleturn|p2a: Garchomp|Protect
|move|p1b: Ribombee|Moonblast|p2a: Garchomp
|-activate|p2a: Garchomp|move: Protect
|move|p1a: Exeggutor|Leaf Storm|p2b: Corviknight
|-resisted|p2b: Corviknight
|-damage|p2b: Corviknight|81/100
|-unboost|p1a: Exeggutor|spa|2
|-damage|p1a: Exeggutor|91/100|[from] item: Life Orb
|move|p2b: Corviknight|Brave Bird|p1a: Exeggutor
|-supereffective|p1a: Exeggutor
|-crit|p1a: Exeggutor
|-damage|p1a: Exeggutor|0 fnt
|faint|p1a: Exeggutor
|-damage|p2b: Corviknight|55/100|[from] Recoil
|
|-sideend|p1: thepartysneverover|move: Tailwind
|upkeep
|turn|5
|-message|thepartysneverover forfeited.
|raw|thepartysneverover's rating: 1311 → 1297(-14 for losing)
|raw|Awesome Person III's rating: 1422 → 1436(+14 for winning)
|
|win|Awesome Person III
