|j|☆DOCTVGC
|j|☆andiom123
|html|DOCTVGCandiom123    
|uhtml|bestof|Game 3 of a best-of-3
|t:|1783183125
|gametype|doubles
|player|p1|DOCTVGC|benga|1151
|player|p2|andiom123|red|1051
|gen|9
|tier|[Gen 9 Champions] VGC 2026 Reg M-B (Bo3)
|rated|
|rule|Species Clause: Limit one of each Pokémon
|rule|Item Clause: Limit 1 of each item
|clearpoke
|poke|p1|Staraptor, L50, M|
|poke|p1|Gholdengo, L50|
|poke|p1|Raichu, L50, M|
|poke|p1|Grimmsnarl, L50, M|
|poke|p1|Toxapex, L50, M|
|poke|p1|Hydreigon, L50, M|
|poke|p2|Incineroar, L50, F|
|poke|p2|Farigiraf, L50, M|
|poke|p2|Sylveon, L50, M|
|poke|p2|Torkoal, L50, M|
|poke|p2|Kangaskhan, L50, F|
|poke|p2|Mawile, L50, F|
|teampreview|4
|showteam|p1|Staraptor||Staraptite|Intimidate|Protect,BlazeKick,BraveBird,CloseCombat|Jolly||M|||50|]Gholdengo||LifeOrb|GoodasGold|Protect,NastyPlot,MakeItRain,ShadowBall|Timid|||||50|]Raichu||FocusSash|LightningRod|Protect,FakeOut,Encore,Thunderbolt|Timid||M|||50|]Grimmsnarl||IronBall|Prankster|Trick,PartingShot,Protect,SpiritBreak|Adamant||M|||50|]Toxapex||Leftovers|Regenerator|BanefulBunker,WideGuard,Toxic,Infestation|Sassy||M|||50|]Hydreigon||ChoiceScarf|Levitate|DarkPulse,EarthPower,FlashCannon,DracoMeteor|Modest||M|||50|
|showteam|p2|Incineroar||MuscleBand|Intimidate|ThroatChop,FlareBlitz,FakeOut,PartingShot|Brave||F|||50|]Farigiraf||SitrusBerry|ArmorTail|FoulPlay,Psyshock,TrickRoom,HelpingHand|Relaxed||M|||50|]Sylveon||LifeOrb|Pixilate|HyperVoice,HyperBeam,QuickAttack,Detect|Modest||M|||50|]Torkoal||Charcoal|Drought|Eruption,EarthPower,Flamethrower,Protect|Quiet||M|||50|]Kangaskhan||Kangaskhanite|Scrappy|DoubleEdge,FakeOut,IcePunch,HammerArm|Brave||F|||50|]Mawile||Mawilite|HyperCutter|RockSlide,PlayRough,SuckerPunch,Protect|Brave||F|||50|
|inactive|Battle timer is ON: inactive players will automatically lose when time's up. (requested by andiom123)
|
|t:|1783183168
|teamsize|p1|4
|teamsize|p2|4
|start
|switch|p1a: Hydreigon|Hydreigon, L50, M|100/100
|switch|p1b: Grimmsnarl|Grimmsnarl, L50, M|100/100
|switch|p2a: Farigiraf|Farigiraf, L50, M|100/100
|switch|p2b: Incineroar|Incineroar, L50, F|100/100
|-ability|p2b: Incineroar|Intimidate|boost
|-unboost|p1a: Hydreigon|atk|1
|-unboost|p1b: Grimmsnarl|atk|1
|turn|1
|
|t:|1783183189
|move|p2b: Incineroar|Fake Out|p1a: Hydreigon
|-damage|p1a: Hydreigon|82/100
|cant|p1a: Hydreigon|flinch
|move|p1b: Grimmsnarl|Spirit Break|p2a: Farigiraf
|-damage|p2a: Farigiraf|82/100
|-unboost|p2a: Farigiraf|spa|1
|move|p2a: Farigiraf|Trick Room|p2a: Farigiraf
|-fieldstart|move: Trick Room|[of] p2a: Farigiraf
|
|upkeep
|turn|2
|inactive|andiom123 has 30 seconds left.
|inactive|DOCTVGC has 30 seconds left.
|
|t:|1783183222
|switch|p2a: Sylveon|Sylveon, L50, M|100/100
|move|p1b: Grimmsnarl|Spirit Break|p2b: Incineroar
|-damage|p2b: Incineroar|77/100
|-unboost|p2b: Incineroar|spa|1
|move|p2b: Incineroar|Parting Shot|p1a: Hydreigon
|-unboost|p1a: Hydreigon|atk|1
|-unboost|p1a: Hydreigon|spa|1
|
|t:|1783183232
|switch|p2b: Kangaskhan|Kangaskhan, L50, F|100/100|[from] Parting Shot
|move|p1a: Hydreigon|Dark Pulse|p2a: Sylveon
|-resisted|p2a: Sylveon|1
|-damage|p2a: Sylveon|88/100
|
|upkeep
|turn|3
|inactive|DOCTVGC has 30 seconds left.
|
|t:|1783183263
|switch|p2b: Farigiraf|Farigiraf, L50, M|82/100
|move|p1b: Grimmsnarl|Trick||[still]
|cant|p2b: Farigiraf|ability: Armor Tail|Trick|[of] p1b: Grimmsnarl
|move|p2a: Sylveon|Hyper Voice|p1a: Hydreigon|[spread] p1a,p1b
|-supereffective|p1a: Hydreigon|2
|-supereffective|p1b: Grimmsnarl|1
|-damage|p1a: Hydreigon|0 fnt
|-damage|p1b: Grimmsnarl|1/100
|faint|p1a: Hydreigon
|-damage|p2a: Sylveon|79/100|[from] item: Life Orb
|
|upkeep
|
|t:|1783183273
|switch|p1a: Toxapex|Toxapex, L50, M|100/100
|turn|4
|
|t:|1783183291
|move|p1a: Toxapex|Wide Guard|p1a: Toxapex
|-singleturn|p1a: Toxapex|Wide Guard
|move|p2a: Sylveon|Quick Attack|p1b: Grimmsnarl
|-supereffective|p1b: Grimmsnarl|1
|-damage|p1b: Grimmsnarl|0 fnt
|faint|p1b: Grimmsnarl
|-damage|p2a: Sylveon|69/100|[from] item: Life Orb
|move|p2b: Farigiraf|Psyshock|p1a: Toxapex
|-supereffective|p1a: Toxapex|1
|-damage|p1a: Toxapex|56/100
|
|-heal|p1a: Toxapex|61/100|[from] item: Leftovers
|upkeep
|-message|DOCTVGC forfeited.
|
|win|andiom123
|raw|DOCTVGC's rating: 1151 → 1119(-32 for losing)
|raw|andiom123's rating: 1051 → 1092(+41 for winning)
|l|☆DOCTVGC
|player|p1|
