|j|☆aldishh
|j|☆dragonkenergy
|html|aldishhdragonkenergy    
|uhtml|bestof|Game 3 of a best-of-3
|t:|1755046271
|gametype|doubles
|player|p1|aldishh|101|1264
|player|p2|dragonkenergy|collector|1281
|gen|9
|tier|[Gen 9] VGC 2025 Reg H (Bo3)
|rated|
|rule|Species Clause: Limit one of each Pokémon
|rule|Item Clause: Limit 1 of each item
|clearpoke
|poke|p1|Kommo-o, L50, M|
|poke|p1|Farigiraf, L50, M|
|poke|p1|Rillaboom, L50, M|
|poke|p1|Torkoal, L50, F|
|poke|p1|Gallade, L50, M|
|poke|p1|Sneasler, L50, M|
|poke|p2|Murkrow, L50, F|
|poke|p2|Basculegion, L50, M|
|poke|p2|Gholdengo, L50|
|poke|p2|Kommo-o, L50, M|
|poke|p2|Volcarona, L50, M|
|poke|p2|Hippowdon, L50, M|
|teampreview|4
|showteam|p1|Kommo-o||Leftovers|Overcoat|ClangingScales,BodyPress,IronDefense,Protect|||M|||50|,,,,,Dark]Farigiraf||GrassySeed|ArmorTail|Imprison,TrickRoom,Protect,Psychic|||M|||50|,,,,,Fairy]Rillaboom||AssaultVest|GrassySurge|WoodHammer,GrassyGlide,FakeOut,Uturn|||M|||50|,,,,,Fire]Torkoal||ChoiceSpecs|Drought|HeatWave,Eruption,EarthPower,Overheat|||F|||50|,,,,,Fire]Gallade||FocusSash|Sharpness|SacredSword,TrickRoom,PsychoCut,Protect|||M|||50|,,,,,Ghost]Sneasler||LifeOrb|Unburden|FakeOut,CloseCombat,DireClaw,ThroatChop|||M|||50|,,,,,Dark
|showteam|p2|Murkrow||Eviolite|Prankster|BraveBird,Tailwind,Quash,Haze|||F|||50|,,,,,Ghost]Basculegion||ChoiceScarf|Adaptability|WaveCrash,AquaJet,LastRespects,FlipTurn|||M|||50|,,,,,Grass]Gholdengo||ChoiceSpecs|GoodasGold|MakeItRain,ShadowBall,PowerGem,Trick||||||50|,,,,,Steel]Kommo-o||LifeOrb|Soundproof|AuraSphere,ClangingScales,Flamethrower,Protect|||M|||50|,,,,,Fire]Volcarona||CovertCloak|FlameBody|StruggleBug,FieryDance,RagePowder,Protect|||M|||50|,,,,,Grass]Hippowdon||RockyHelmet|SandStream|Protect,Yawn,IceFang,HighHorsepower|||M|||50|,,,,,Water
|
|t:|1755046290
|teamsize|p1|4
|teamsize|p2|4
|start
|switch|p1a: Gallade|Gallade, L50, M, shiny|100/100
|switch|p1b: Sneasler|Sneasler, L50, M|100/100
|switch|p2a: Volcarona|Volcarona, L50, M|100/100
|switch|p2b: Gholdengo|Gholdengo, L50|100/100
|turn|1
|
|t:|1755046312
|-terastallize|p1b: Sneasler|Dark
|move|p2a: Volcarona|Rage Powder|p2a: Volcarona
|-singleturn|p2a: Volcarona|move: Rage Powder
|move|p1b: Sneasler|Throat Chop|p2a: Volcarona
|-damage|p2a: Volcarona|29/100
|-damage|p1b: Sneasler|91/100|[from] item: Life Orb
|move|p2b: Gholdengo|Make It Rain|p1a: Gallade|[spread] p1a,p1b
|-damage|p1a: Gallade|26/100
|-damage|p1b: Sneasler|0 fnt
|-unboost|p2b: Gholdengo|spa|1
|faint|p1b: Sneasler
|move|p1a: Gallade|Psycho Cut|p2a: Volcarona
|-damage|p2a: Volcarona|0 fnt
|faint|p2a: Volcarona
|
|upkeep
|
|t:|1755046327
|switch|p1b: Torkoal|Torkoal, L50, F, shiny|100/100
|switch|p2a: Kommo-o|Kommo-o, L50, M|100/100
|-weather|SunnyDay|[from] ability: Drought|[of] p1b: Torkoal
|turn|2
|
|t:|1755046354
|switch|p1b: Rillaboom|Rillaboom, L50, M, shiny|100/100
|-fieldstart|move: Grassy Terrain|[from] ability: Grassy Surge|[of] p1b: Rillaboom
|move|p1a: Gallade|Protect|p1a: Gallade
|-singleturn|p1a: Gallade|Protect
|move|p2a: Kommo-o|Clanging Scales|p1b: Rillaboom|[spread] p1b
|-activate|p1a: Gallade|move: Protect
|-damage|p1b: Rillaboom|57/100
|-unboost|p2a: Kommo-o|def|1
|-damage|p2a: Kommo-o|91/100|[from] item: Life Orb
|move|p2b: Gholdengo|Make It Rain|p1a: Gallade|[spread] p1b
|-activate|p1a: Gallade|move: Protect
|-damage|p1b: Rillaboom|15/100
|-unboost|p2b: Gholdengo|spa|1
|
|-weather|SunnyDay|[upkeep]
|-heal|p2a: Kommo-o|97/100|[from] Grassy Terrain
|-heal|p1a: Gallade|32/100|[from] Grassy Terrain
|-heal|p1b: Rillaboom|20/100|[from] Grassy Terrain
|upkeep
|turn|3
|
|t:|1755046380
|move|p1b: Rillaboom|Fake Out|p2a: Kommo-o
|-damage|p2a: Kommo-o|76/100
|cant|p2a: Kommo-o|flinch
|move|p2b: Gholdengo|Make It Rain|p1b: Rillaboom|[spread] p1a,p1b
|-crit|p1a: Gallade
|-damage|p1a: Gallade|0 fnt
|-damage|p1b: Rillaboom|0 fnt
|-unboost|p2b: Gholdengo|spa|1
|faint|p1a: Gallade
|faint|p1b: Rillaboom
|
|-weather|SunnyDay|[upkeep]
|-heal|p2a: Kommo-o|82/100|[from] Grassy Terrain
|upkeep
|inactive|Battle timer is ON: inactive players will automatically lose when time's up. (requested by aldishh)
|-message|aldishh forfeited.
|
|win|dragonkenergy
|raw|aldishh's rating: 1264 → 1240(-24 for losing)
|raw|dragonkenergy's rating: 1281 → 1305(+24 for winning)
|l|☆aldishh
|player|p1|
