|j|☆Hactor-gv128
|j|☆washingtongargacha
|html|Hactor-gv128washingtongargacha    
|uhtml|bestof|Game 3 of a best-of-3
|t:|1756814588
|gametype|doubles
|player|p1|Hactor-gv128|1|1046
|player|p2|washingtongargacha|1|1173
|gen|9
|tier|[Gen 9] VGC 2025 Reg H (Bo3)
|rated|
|rule|Species Clause: Limit one of each Pokémon
|rule|Item Clause: Limit 1 of each item
|clearpoke
|poke|p1|Whimsicott, L50, F|
|poke|p1|Kingambit, L50, F|
|poke|p1|Ursaluna-Bloodmoon, L50, M|
|poke|p1|Electabuzz, L50, M|
|poke|p1|Basculegion, L50, M|
|poke|p1|Sneasler, L50, M|
|poke|p2|Talonflame, L50, M|
|poke|p2|Gholdengo, L50|
|poke|p2|Dragonite, L50, F|
|poke|p2|Archaludon, L50, F|
|poke|p2|Tyranitar, L50, F|
|poke|p2|Garchomp, L50, M|
|teampreview|4
|showteam|p1|Whimsicott||CovertCloak|Prankster|Tailwind,Encore,Moonblast,LightScreen|||F|||50|,,,,,Water]Kingambit||BlackGlasses|Defiant|KowtowCleave,SuckerPunch,SwordsDance,Protect|||F|||50|,,,,,Dark]Ursaluna-Bloodmoon||LifeOrb|MindsEye|HyperVoice,EarthPower,BloodMoon,Protect|||M|||50|,,,,,Normal]Electabuzz||Eviolite|VitalSpirit|Electroweb,Taunt,FollowMe,Protect|||M|||50|,,,,,Dragon]Basculegion||ChoiceBand|Adaptability|WaveCrash,LastRespects,HeadSmash,AquaJet|||M|||50|,,,,,Water]Sneasler||FocusSash|Unburden|FakeOut,DireClaw,CloseCombat,Protect|||M|||50|,,,,,Stellar
|showteam|p2|Talonflame||CovertCloak|GaleWings|Tailwind,BraveBird,Taunt,WillOWisp|||M|||50|,,,,,Ghost]Gholdengo||ChoiceSpecs|GoodasGold|MakeItRain,SteelBeam,ShadowBall,PowerGem||||||50|,,,,,Steel]Dragonite||LoadedDice|Multiscale|ScaleShot,IceSpinner,Haze,Protect|||F|||50|,,,,,Steel]Archaludon||PowerHerb|Sturdy|FlashCannon,ElectroShot,DracoMeteor,Protect|||F|||50|,,,,,Flying]Tyranitar||AssaultVest|SandStream|KnockOff,RockSlide,TeraBlast,LowKick|||F|||50|,,,,,Flying]Garchomp||LifeOrb|RoughSkin|DragonClaw,StompingTantrum,Earthquake,Protect|||M|||50|,,,,,Steel
|
|t:|1756814606
|teamsize|p1|4
|teamsize|p2|4
|start
|switch|p1a: Whimsicott|Whimsicott, L50, F|100/100
|switch|p1b: Ursaluna|Ursaluna-Bloodmoon, L50, M|100/100
|switch|p2a: Talonflame|Talonflame, L50, M|100/100
|switch|p2b: Gholdengo|Gholdengo, L50|100/100
|turn|1
|
|t:|1756814618
|-terastallize|p2b: Gholdengo|Steel
|move|p2a: Talonflame|Tailwind|p2a: Talonflame
|-sidestart|p2: washingtongargacha|move: Tailwind
|move|p1a: Whimsicott|Tailwind|p1a: Whimsicott
|-sidestart|p1: Hactor-gv128|move: Tailwind
|move|p2b: Gholdengo|Make It Rain|p1a: Whimsicott|[spread] p1a,p1b
|-supereffective|p1a: Whimsicott
|-crit|p1a: Whimsicott
|-damage|p1a: Whimsicott|0 fnt
|-damage|p1b: Ursaluna|0 fnt
|-unboost|p2b: Gholdengo|spa|1
|faint|p1a: Whimsicott
|faint|p1b: Ursaluna
|
|upkeep
|
|t:|1756814625
|switch|p1a: Electabuzz|Electabuzz, L50, M|100/100
|switch|p1b: Kingambit|Kingambit, L50, F|100/100
|turn|2
|
|t:|1756814635
|move|p1a: Electabuzz|Follow Me|p1a: Electabuzz
|-singleturn|p1a: Electabuzz|move: Follow Me
|move|p1b: Kingambit|Sucker Punch|p2b: Gholdengo
|-damage|p2b: Gholdengo|54/100
|move|p2a: Talonflame|Will-O-Wisp|p1a: Electabuzz
|-status|p1a: Electabuzz|brn
|move|p2b: Gholdengo|Make It Rain|p1b: Kingambit|[spread] p1a,p1b
|-resisted|p1a: Electabuzz
|-resisted|p1b: Kingambit
|-damage|p1a: Electabuzz|78/100 brn
|-damage|p1b: Kingambit|68/100
|-unboost|p2b: Gholdengo|spa|1
|
|-damage|p1a: Electabuzz|73/100 brn|[from] brn
|upkeep
|turn|3
|
|t:|1756814654
|switch|p2b: Tyranitar|Tyranitar, L50, F|100/100
|-weather|Sandstorm|[from] ability: Sand Stream|[of] p2b: Tyranitar
|-terastallize|p1b: Kingambit|Dark
|move|p1b: Kingambit|Sucker Punch||[still]
|-fail|p1b: Kingambit
|move|p2a: Talonflame|Taunt|p1a: Electabuzz
|-start|p1a: Electabuzz|move: Taunt
|move|p1a: Electabuzz|Electroweb|p2a: Talonflame|[spread] p2a,p2b
|-supereffective|p2a: Talonflame
|-damage|p2a: Talonflame|64/100
|-damage|p2b: Tyranitar|95/100
|-unboost|p2b: Tyranitar|spe|1
|
|-weather|Sandstorm|[upkeep]
|-damage|p2a: Talonflame|57/100|[from] Sandstorm
|-damage|p1a: Electabuzz|67/100 brn|[from] Sandstorm
|-damage|p1b: Kingambit|62/100|[from] Sandstorm
|-damage|p1a: Electabuzz|61/100 brn|[from] brn
|upkeep
|turn|4
|-message|Hactor-gv128 forfeited.
|raw|Hactor-gv128's rating: 1046 → 1035(-11 for losing)
|raw|washingtongargacha's rating: 1173 → 1189(+16 for winning)
|
|win|washingtongargacha
