|j|☆Drubird
|j|☆3rdPlaceTennis
|html|Drubird3rdPlaceTennis    
|uhtml|bestof|Game 1 of a best-of-3
|t:|1756776998
|gametype|doubles
|player|p1|Drubird|1|1032
|player|p2|3rdPlaceTennis|bugcatcher-gen4dp|1132
|gen|9
|tier|[Gen 9] VGC 2025 Reg H (Bo3)
|rated|
|rule|Species Clause: Limit one of each Pokémon
|rule|Item Clause: Limit 1 of each item
|clearpoke
|poke|p1|Politoed, L50, M|
|poke|p1|Gothitelle, L50, M|
|poke|p1|Incineroar, L50, M|
|poke|p1|Archaludon, L50, M|
|poke|p1|Rillaboom, L50, M|
|poke|p1|Volcarona, L50, M|
|poke|p2|Dragonite, L50, F|
|poke|p2|Ribombee, L50, F|
|poke|p2|Archaludon, L50, F|
|poke|p2|Mimikyu, L50, F|
|poke|p2|Incineroar, L50, M|
|poke|p2|Typhlosion-Hisui, L50, F|
|teampreview|4
|showteam|p1|Politoed||EjectPack|Drizzle|WeatherBall,IceBeam,PerishSong,Protect|||M|||50|,,,,,Grass]Gothitelle||Leftovers|ShadowTag|FakeOut,Psychic,Protect,TrickRoom|||M|||50|,,,,,Dark]Incineroar||SafetyGoggles|Intimidate|FakeOut,KnockOff,FlareBlitz,PartingShot|||M|||50|,,,,,Ghost]Archaludon||AssaultVest|Stamina|ElectroShot,BodyPress,DarkPulse,DracoMeteor|||M|||50|,,,,,Grass]Rillaboom||MiracleSeed|GrassySurge|WoodHammer,GrassyGlide,FakeOut,Uturn|||M|||50|,,,,,Grass]Volcarona||RockyHelmet|FlameBody|Protect,RagePowder,StruggleBug,Hurricane|||M|||50|,,,,,Water
|showteam|p2|Dragonite||LoadedDice|Multiscale|ScaleShot,LowKick,ExtremeSpeed,Protect|||F|||50|,,,,,Fairy]Ribombee||FocusSash|ShieldDust|Moonblast,Tailwind,FakeTears,Protect|||F|||50|,,,,,Fairy]Archaludon||PowerHerb|Sturdy|ElectroShot,DracoMeteor,Thunderbolt,Protect|||F|||50|,,,,,Electric]Mimikyu||LifeOrb|Disguise|WoodHammer,ShadowSneak,PlayRough,TrickRoom|||F|||50|,,,,,Grass]Incineroar||AssaultVest|Intimidate|FlareBlitz,KnockOff,Uturn,FakeOut|||M|||50|,,,,,Bug]Typhlosion-Hisui||ChoiceSpecs|Blaze|Eruption,Overheat,ShadowBall,HeatWave|||F|||50|,,,,,Fire
|
|t:|1756777030
|teamsize|p1|4
|teamsize|p2|4
|start
|switch|p1a: Incineroar|Incineroar, L50, M|100/100
|switch|p1b: Volcarona|Volcarona, L50, M|100/100
|switch|p2a: Archaludon|Archaludon, L50, F, shiny|100/100
|switch|p2b: Ribombee|Ribombee, L50, F, shiny|100/100
|-ability|p1a: Incineroar|Intimidate|boost
|-unboost|p2a: Archaludon|atk|1
|-unboost|p2b: Ribombee|atk|1
|turn|1
|
|t:|1756777060
|move|p2a: Archaludon|Protect|p2a: Archaludon
|-singleturn|p2a: Archaludon|Protect
|move|p2b: Ribombee|Fake Tears|p1b: Volcarona
|-unboost|p1b: Volcarona|spd|2
|move|p1b: Volcarona|Hurricane|p2b: Ribombee
|-supereffective|p2b: Ribombee
|-enditem|p2b: Ribombee|Focus Sash
|-damage|p2b: Ribombee|1/100
|move|p1a: Incineroar|Parting Shot|p2a: Archaludon
|-activate|p2a: Archaludon|move: Protect
|
|upkeep
|turn|2
|
|t:|1756777082
|-terastallize|p2a: Archaludon|Electric
|move|p2b: Ribombee|Fake Tears|p1a: Incineroar
|-unboost|p1a: Incineroar|spd|2
|move|p2a: Archaludon|Electro Shot||[still]
|-prepare|p2a: Archaludon|Electro Shot
|-boost|p2a: Archaludon|spa|1
|-enditem|p2a: Archaludon|Power Herb
|-anim|p2a: Archaludon|Electro Shot|p1a: Incineroar
|-crit|p1a: Incineroar
|-damage|p1a: Incineroar|0 fnt
|faint|p1a: Incineroar
|move|p1b: Volcarona|Struggle Bug|p2a: Archaludon|[spread] p2a,p2b
|-resisted|p2b: Ribombee
|-damage|p2a: Archaludon|74/100
|-damage|p2b: Ribombee|0 fnt
|-unboost|p2a: Archaludon|spa|1
|faint|p2b: Ribombee
|
|upkeep
|
|t:|1756777093
|switch|p2b: Dragonite|Dragonite, L50, F, shiny|100/100
|switch|p1a: Archaludon|Archaludon, L50, M|100/100
|turn|3
|
|t:|1756777113
|-terastallize|p1a: Archaludon|Grass
|move|p2a: Archaludon|Protect|p2a: Archaludon
|-singleturn|p2a: Archaludon|Protect
|move|p1b: Volcarona|Rage Powder|p1b: Volcarona
|-singleturn|p1b: Volcarona|move: Rage Powder
|move|p2b: Dragonite|Scale Shot|p1b: Volcarona
|-damage|p1b: Volcarona|86/100
|-damage|p1b: Volcarona|70/100
|-damage|p1b: Volcarona|54/100
|-damage|p1b: Volcarona|38/100
|-damage|p1b: Volcarona|22/100
|-hitcount|p1b: Volcarona|5
|-unboost|p2b: Dragonite|def|1
|-boost|p2b: Dragonite|spe|1
|move|p1a: Archaludon|Body Press|p2a: Archaludon
|-activate|p2a: Archaludon|move: Protect
|
|upkeep
|turn|4
|
|t:|1756777132
|move|p1b: Volcarona|Rage Powder|p1b: Volcarona
|-singleturn|p1b: Volcarona|move: Rage Powder
|move|p2b: Dragonite|Scale Shot|p1b: Volcarona
|-damage|p1b: Volcarona|5/100
|-damage|p1b: Volcarona|0 fnt
|faint|p1b: Volcarona
|-hitcount|p1: Volcarona|2
|-unboost|p2b: Dragonite|def|1
|-boost|p2b: Dragonite|spe|1
|move|p2a: Archaludon|Draco Meteor|p1a: Archaludon
|-damage|p1a: Archaludon|57/100
|-unboost|p2a: Archaludon|spa|2
|-ability|p1a: Archaludon|Stamina|boost
|-boost|p1a: Archaludon|def|1
|move|p1a: Archaludon|Body Press|p2a: Archaludon
|-damage|p2a: Archaludon|45/100
|
|upkeep
|-message|Drubird forfeited.
|
|win|3rdPlaceTennis
