|j|☆mikelpoyarzabal
|j|☆O.RUDD
|html|mikelpoyarzabalO.RUDD    
|uhtml|bestof|Game 1 of a best-of-3
|t:|1784751240
|gametype|doubles
|player|p1|mikelpoyarzabal|arven-s|1265
|player|p2|O.RUDD|102|1067
|gen|9
|tier|[Gen 9 Champions] VGC 2026 Reg M-B (Bo3)
|rated|
|rule|Species Clause: Limit one of each Pokémon
|rule|Item Clause: Limit 1 of each item
|clearpoke
|poke|p1|Tyranitar, L50, F|
|poke|p1|Excadrill, L50, M|
|poke|p1|Gholdengo, L50|
|poke|p1|Milotic, L50, F|
|poke|p1|Sinistcha, L50|
|poke|p1|Staraptor, L50, M|
|poke|p2|Chesnaught, L50, M|
|poke|p2|Grimmsnarl, L50, M|
|poke|p2|Sinistcha, L50|
|poke|p2|Volcarona, L50, F|
|poke|p2|Eelektross, L50, M|
|poke|p2|Farigiraf, L50, M|
|teampreview|4
|showteam|p1|Tyranitar||Tyranitarite|SandStream|RockSlide,KnockOff,LowKick,Protect|Jolly||F|||50|]Excadrill||FocusSash|SandRush|HighHorsepower,IronHead,RockSlide,Protect|Adamant||M|||50|]Gholdengo||LifeOrb|GoodasGold|ShadowBall,MakeItRain,NastyPlot,Protect|Modest|||||50|]Milotic||SitrusBerry|Competitive|Scald,IceBeam,IcyWind,Protect|Calm||F|||50|]Sinistcha||ColburBerry|Hospitality|MatchaGotcha,ShadowBall,RagePowder,Protect|Bold|||||50|]Staraptor||Staraptite|Intimidate|BraveBird,CloseCombat,Tailwind,Protect|Jolly||M|||50|
|showteam|p2|Chesnaught||Chesnaughtite|Bulletproof|BodyPress,IronDefense,WoodHammer,Synthesis|Brave||M|||50|]Grimmsnarl||LightClay|Prankster|Reflect,LightScreen,SuckerPunch,PartingShot|Adamant||M|||50|]Sinistcha||SitrusBerry|Hospitality|LifeDew,ShadowBall,MatchaGotcha,TrickRoom|Modest|||||50|]Volcarona||LifeOrb|FlameBody|SunnyDay,FieryDance,Protect,WillOWisp|Modest||F|||50|]Eelektross||Eelektrossite|Levitate|SupercellSlam,CloseCombat,KnockOff,Protect|Brave||M|||50|]Farigiraf||Leftovers|ArmorTail|TrickRoom,NastyPlot,HyperVoice,TwinBeam|Modest||M|||50|
|inactive|Battle timer is ON: inactive players will automatically lose when time's up. (requested by mikelpoyarzabal)
|c|☆O.RUDD|:|
|c|☆O.RUDD|i just played this no skill
|inactive|mikelpoyarzabal has 60 seconds left.
|inactive|O.RUDD has 60 seconds left.
|c|☆O.RUDD|get a job
|inactive|mikelpoyarzabal has 30 seconds left.
|inactive|mikelpoyarzabal has 20 seconds left.
|inactive|mikelpoyarzabal has 15 seconds left.
|inactive|mikelpoyarzabal has 10 seconds left.
|
|t:|1784751324
|teamsize|p1|4
|teamsize|p2|4
|start
|switch|p1a: Staraptor|Staraptor, L50, M|100/100
|switch|p1b: Sinistcha|Sinistcha, L50|100/100
|switch|p2a: Chesnaught|Chesnaught, L50, M|100/100
|switch|p2b: Grimmsnarl|Grimmsnarl, L50, M|100/100
|-ability|p1a: Staraptor|Intimidate|boost
|-unboost|p2a: Chesnaught|atk|1
|-unboost|p2b: Grimmsnarl|atk|1
|turn|1
|
|t:|1784751346
|switch|p1b: Gholdengo|Gholdengo, L50|100/100
|detailschange|p1a: Staraptor|Staraptor-Mega, L50, M
|-mega|p1a: Staraptor|Staraptor|Staraptite
|move|p2b: Grimmsnarl|Reflect|p2b: Grimmsnarl
|-sidestart|p2: O.RUDD|Reflect
|move|p1a: Staraptor|Close Combat|p2b: Grimmsnarl
|-damage|p2b: Grimmsnarl|55/100
|-boost|p1a: Staraptor|def|1
|-boost|p1a: Staraptor|spd|1
|move|p2a: Chesnaught|Iron Defense|p2a: Chesnaught
|-boost|p2a: Chesnaught|def|2
|
|upkeep
|turn|2
|inactive|O.RUDD has 30 seconds left.
|inactive|O.RUDD has 20 seconds left.
|
|t:|1784751384
|detailschange|p2a: Chesnaught|Chesnaught-Mega, L50, M
|-mega|p2a: Chesnaught|Chesnaught|Chesnaughtite
|move|p2b: Grimmsnarl|Sucker Punch||[still]
|-fail|p2b: Grimmsnarl
|move|p1a: Staraptor|Close Combat|p2b: Grimmsnarl
|-damage|p2b: Grimmsnarl|11/100
|-boost|p1a: Staraptor|def|1
|-boost|p1a: Staraptor|spd|1
|move|p1b: Gholdengo|Nasty Plot|p1b: Gholdengo
|-boost|p1b: Gholdengo|spa|2
|move|p2a: Chesnaught|Iron Defense|p2a: Chesnaught
|-boost|p2a: Chesnaught|def|2
|
|upkeep
|turn|3
|inactive|O.RUDD has 30 seconds left.
|
|t:|1784751410
|move|p2b: Grimmsnarl|Light Screen|p2b: Grimmsnarl
|-sidestart|p2: O.RUDD|move: Light Screen
|move|p1a: Staraptor|Close Combat|p2b: Grimmsnarl
|-damage|p2b: Grimmsnarl|0 fnt
|-boost|p1a: Staraptor|def|1
|-boost|p1a: Staraptor|spd|1
|faint|p2b: Grimmsnarl
|move|p1b: Gholdengo|Nasty Plot|p1b: Gholdengo
|-boost|p1b: Gholdengo|spa|2
|move|p2a: Chesnaught|Body Press|p1a: Staraptor
|-resisted|p1a: Staraptor|1
|-damage|p1a: Staraptor|75/100
|
|upkeep
|
|t:|1784751422
|switch|p2b: Farigiraf|Farigiraf, L50, M|100/100
|turn|4
|inactive|O.RUDD has 30 seconds left.
|
|t:|1784751449
|move|p1a: Staraptor|Close Combat|p2b: Farigiraf
|-damage|p2b: Farigiraf|59/100
|-boost|p1a: Staraptor|def|1
|-boost|p1a: Staraptor|spd|1
|move|p1b: Gholdengo|Make It Rain|p2a: Chesnaught|[spread] p2a,p2b
|-damage|p2a: Chesnaught|11/100
|-damage|p2b: Farigiraf|0 fnt
|-unboost|p1b: Gholdengo|spa|2
|faint|p2b: Farigiraf
|-damage|p1b: Gholdengo|90/100|[from] item: Life Orb
|move|p2a: Chesnaught|Wood Hammer|p1b: Gholdengo
|-resisted|p1b: Gholdengo|1
|-damage|p1b: Gholdengo|67/100
|-damage|p2a: Chesnaught|4/100|[from] Recoil
|
|upkeep
|c|☆O.RUDD|the skill is too powefull
|inactive|O.RUDD has 30 seconds left.
|c|☆O.RUDD|i cant handle it
|inactive|O.RUDD has 20 seconds left.
|inactive|O.RUDD has 15 seconds left.
|c|☆O.RUDD|end your life
|inactive|O.RUDD has 10 seconds left.
|-message|O.RUDD forfeited.
|raw|mikelpoyarzabal's rating: 1265 → 1277(+12 for winning)
|raw|O.RUDD's rating: 1067 → 1057(-10 for losing)
|
|win|mikelpoyarzabal
