|j|☆helloworld369
|j|☆Athrys
|html|helloworld369Athrys    
|uhtml|bestof|Game 2 of a best-of-3
|t:|1783149724
|gametype|doubles
|player|p1|helloworld369|roxie|1000
|player|p2|Athrys|guitarist|1000
|gen|9
|tier|[Gen 9 Champions] VGC 2026 Reg M-B (Bo3)
|rated|
|rule|Species Clause: Limit one of each Pokémon
|rule|Item Clause: Limit 1 of each item
|clearpoke
|poke|p1|Toxapex, L50, M|
|poke|p1|Venusaur, L50, F|
|poke|p1|Incineroar, L50, F|
|poke|p1|Grimmsnarl, L50, M|
|poke|p1|Aerodactyl, L50, F|
|poke|p1|Mamoswine, L50, F|
|poke|p2|Scolipede, L50, F|
|poke|p2|Scrafty, L50, F|
|poke|p2|Sinistcha, L50|
|poke|p2|Aerodactyl, L50, M|
|poke|p2|Sylveon, L50, M|
|poke|p2|Garchomp, L50, F|
|teampreview|4
|showteam|p1|Toxapex||Leftovers|Merciless|BanefulBunker,WideGuard,Haze,Toxic|Bold||M|||50|]Venusaur||Venusaurite|Overgrow|GigaDrain,SludgeBomb,LeechSeed,Protect|Bold||F|||50|]Incineroar||PasshoBerry|Intimidate|FakeOut,WillOWisp,ThroatChop,PartingShot|Careful||F|||50|]Grimmsnarl||LightClay|Prankster|LightScreen,Reflect,PartingShot,SpiritBreak|Careful||M|||50|]Aerodactyl||Aerodactylite|Unnerve|DualWingbeat,RockSlide,Taunt,Protect|Jolly||F|||50|]Mamoswine||FocusSash|Oblivious|IcicleCrash,IceShard,HighHorsepower,Protect|Jolly||F|||50|
|showteam|p2|Scolipede||Scolipite|SpeedBoost|Protect,PoisonJab,LeechLife,SwordsDance|Adamant||F|||50|]Scrafty||Scraftinite|Intimidate|Protect,FakeOut,KnockOff,DrainPunch|Adamant||F|||50|]Sinistcha||KasibBerry|Hospitality|Protect,MatchaGotcha,TrickRoom,RagePowder|Bold|||||50|]Aerodactyl||FocusSash|Unnerve|Protect,Tailwind,RockSlide,DualWingbeat|Jolly||M|||50|]Sylveon||FairyFeather|Pixilate|Protect,CalmMind,HyperVoice,QuickAttack|Modest||M|||50|]Garchomp||ChoiceScarf|RoughSkin|DragonClaw,Earthquake,PoisonJab,RockSlide|Adamant||F|||50|
|inactive|Battle timer is ON: inactive players will automatically lose when time's up. (requested by helloworld369)
|
|t:|1783149747
|teamsize|p1|4
|teamsize|p2|4
|start
|switch|p1a: Aerodactyl|Aerodactyl, L50, F|100/100
|switch|p1b: Mamoswine|Mamoswine, L50, F|100/100
|switch|p2a: Sylveon|Sylveon, L50, M|100/100
|switch|p2b: Aerodactyl|Aerodactyl, L50, M|100/100
|-ability|p2b: Aerodactyl|Unnerve
|-ability|p1a: Aerodactyl|Unnerve
|turn|1
|
|t:|1783149770
|detailschange|p1a: Aerodactyl|Aerodactyl-Mega, L50, F
|-mega|p1a: Aerodactyl|Aerodactyl|Aerodactylite
|move|p1a: Aerodactyl|Taunt|p2b: Aerodactyl
|-start|p2b: Aerodactyl|move: Taunt
|cant|p2b: Aerodactyl|move: Taunt|Tailwind
|move|p1b: Mamoswine|Icicle Crash|p2a: Sylveon
|-damage|p2a: Sylveon|32/100
|move|p2a: Sylveon|Calm Mind|p2a: Sylveon
|-boost|p2a: Sylveon|spa|1
|-boost|p2a: Sylveon|spd|1
|
|upkeep
|turn|2
|inactive|Athrys has 30 seconds left.
|inactive|Athrys has 20 seconds left.
|inactive|Athrys has 15 seconds left.
|inactive|Athrys has 10 seconds left.
|
|t:|1783149818
|switch|p2b: Sinistcha|Sinistcha, L50|100/100
|-heal|p2a: Sylveon|57/100|[from] ability: Hospitality|[of] p2b: Sinistcha
|move|p2a: Sylveon|Protect|p2a: Sylveon
|-singleturn|p2a: Sylveon|Protect
|move|p1a: Aerodactyl|Rock Slide|p2b: Sinistcha|[spread] p2b
|-activate|p2a: Sylveon|move: Protect
|-damage|p2b: Sinistcha|77/100
|move|p1b: Mamoswine|Icicle Crash|p2a: Sylveon
|-activate|p2a: Sylveon|move: Protect
|
|upkeep
|turn|3
|
|t:|1783149840
|switch|p2b: Aerodactyl|Aerodactyl, L50, M|100/100
|-ability|p2b: Aerodactyl|Unnerve
|move|p1a: Aerodactyl|Dual Wingbeat|p2b: Aerodactyl
|-resisted|p2b: Aerodactyl|1
|-damage|p2b: Aerodactyl|78/100
|-resisted|p2b: Aerodactyl|1
|-damage|p2b: Aerodactyl|57/100
|-hitcount|p2b: Aerodactyl|2
|move|p1b: Mamoswine|Icicle Crash|p2a: Sylveon
|-damage|p2a: Sylveon|0 fnt
|faint|p2a: Sylveon
|
|upkeep
|
|t:|1783149852
|switch|p2a: Scolipede|Scolipede, L50, F|100/100
|turn|4
|inactive|Athrys has 30 seconds left.
|inactive|helloworld369 has 30 seconds left.
|
|t:|1783149884
|detailschange|p2a: Scolipede|Scolipede-Mega, L50, F
|-mega|p2a: Scolipede|Scolipede|Scolipite
|move|p2b: Aerodactyl|Protect|p2b: Aerodactyl
|-singleturn|p2b: Aerodactyl|Protect
|move|p1a: Aerodactyl|Rock Slide|p2a: Scolipede|[spread] p2a
|-activate|p2b: Aerodactyl|move: Protect
|-supereffective|p2a: Scolipede|1
|-damage|p2a: Scolipede|47/100
|move|p1b: Mamoswine|Icicle Crash|p2a: Scolipede
|-damage|p2a: Scolipede|7/100
|cant|p2a: Scolipede|flinch
|
|upkeep
|turn|5
|-message|Athrys forfeited.
|
|win|helloworld369
|raw|helloworld369's rating: 1000 → 1040(+40 for winning)
|raw|Athrys's rating: 1000 → 1000(+0 for losing)
