|j|☆impurities2
|j|☆Goat Pincurchin
|html|impurities2Goat Pincurchin    
|uhtml|bestof|Game 1 of a best-of-3
|t:|1756423174
|gametype|doubles
|player|p1|impurities2|miku-ghost|1204
|player|p2|Goat Pincurchin|ghetsis|1173
|gen|9
|tier|[Gen 9] VGC 2025 Reg H (Bo3)
|rated|
|rule|Species Clause: Limit one of each Pokémon
|rule|Item Clause: Limit 1 of each item
|clearpoke
|poke|p1|Gholdengo, L50|
|poke|p1|Incineroar, L50, F|
|poke|p1|Amoonguss, L50, M|
|poke|p1|Archaludon, L50, F|
|poke|p1|Pelipper, L50, F|
|poke|p1|Basculegion, L50, M|
|poke|p2|Sneasler, L50, M|
|poke|p2|Rillaboom, L50, F|
|poke|p2|Dragapult, L50, F|
|poke|p2|Gholdengo, L50|
|poke|p2|Primarina, L50, F|
|poke|p2|Magmar, L50, M|
|teampreview|4
|showteam|p1|Gholdengo||LifeOrb|GoodasGold|MakeItRain,ShadowBall,NastyPlot,Protect||||||50|,,,,,Water]Incineroar||RockyHelmet|Intimidate|Taunt,KnockOff,PartingShot,FakeOut|||F|||50|,,,,,Ghost]Amoonguss||SitrusBerry|Regenerator|PollenPuff,Spore,RagePowder,Protect|||M|||50|,,,,,Water]Archaludon||AssaultVest|Stamina|DragonPulse,FlashCannon,ElectroShot,BodyPress|||F|||50|,,,,,Fairy]Pelipper||FocusSash|Drizzle|WeatherBall,Hurricane,Tailwind,Protect|||F|||50|,,,,,Ground]Basculegion||ChoiceBand|SwiftSwim|WaveCrash,LastRespects,FlipTurn,AquaJet|||M|||50|,,,,,Water
|showteam|p2|Sneasler||FocusSash|Unburden|DireClaw,CloseCombat,Protect,FakeOut|||M|||50|,,,,,Stellar]Rillaboom||MiracleSeed|GrassySurge|FakeOut,WoodHammer,GrassyGlide,HighHorsepower|||F|||50|,,,,,Fire]Dragapult||ChoiceBand|ClearBody|DragonDarts,Outrage,PhantomForce,Uturn|||F|||50|,,,,,Dragon]Gholdengo||LifeOrb|GoodasGold|MakeItRain,ShadowBall,Protect,NastyPlot||||||50|,,,,,Steel]Primarina||AssaultVest|LiquidVoice|HyperVoice,Moonblast,IcyWind,AquaJet|||F|||50|,,,,,Poison]Magmar||Eviolite|VitalSpirit|Overheat,WillOWisp,Taunt,FollowMe|||M|||50|,,,,,Grass
|inactive|Battle timer is ON: inactive players will automatically lose when time's up. (requested by Goat Pincurchin)
|j| 0-6day2
|inactive|impurities2 has 60 seconds left.
|inactive|Goat Pincurchin has 60 seconds left.
|
|t:|1756423227
|teamsize|p1|4
|teamsize|p2|4
|start
|switch|p1a: Pelipper|Pelipper, L50, F|100/100
|switch|p1b: Archaludon|Archaludon, L50, F|100/100
|switch|p2a: Dragapult|Dragapult, L50, F|100/100
|switch|p2b: Primarina|Primarina, L50, F|100/100
|-weather|RainDance|[from] ability: Drizzle|[of] p1a: Pelipper
|turn|1
|
|t:|1756423248
|-terastallize|p2a: Dragapult|Dragon
|move|p2a: Dragapult|Dragon Darts|p1a: Pelipper
|-damage|p1a: Pelipper|26/100
|-anim|p2a: Dragapult|Dragon Darts|p1b: Archaludon
|-damage|p1b: Archaludon|62/100
|-ability|p1b: Archaludon|Stamina|boost
|-boost|p1b: Archaludon|def|1
|move|p1b: Archaludon|Dragon Pulse|p2a: Dragapult
|-supereffective|p2a: Dragapult
|-damage|p2a: Dragapult|0 fnt
|faint|p2a: Dragapult
|move|p1a: Pelipper|Tailwind|p1a: Pelipper
|-sidestart|p1: impurities2|move: Tailwind
|move|p2b: Primarina|Moonblast|p1b: Archaludon
|-damage|p1b: Archaludon|19/100
|-ability|p1b: Archaludon|Stamina|boost
|-boost|p1b: Archaludon|def|1
|
|-weather|RainDance|[upkeep]
|upkeep
|
|t:|1756423269
|switch|p2a: Gholdengo|Gholdengo, L50|100/100
|turn|2
|inactive|impurities2 has 30 seconds left.
|inactive|impurities2 has 20 seconds left.
|
|t:|1756423307
|move|p1b: Archaludon|Electro Shot||[still]
|-prepare|p1b: Archaludon|Electro Shot
|-boost|p1b: Archaludon|spa|1
|-anim|p1b: Archaludon|Electro Shot|p2b: Primarina
|-supereffective|p2b: Primarina
|-crit|p2b: Primarina
|-damage|p2b: Primarina|0 fnt
|faint|p2b: Primarina
|move|p1a: Pelipper|Weather Ball|p2a: Gholdengo
|-damage|p2a: Gholdengo|22/100
|move|p2a: Gholdengo|Make It Rain|p1b: Archaludon|[spread] p1a,p1b
|-resisted|p1a: Pelipper
|-resisted|p1b: Archaludon
|-damage|p1a: Pelipper|0 fnt
|-damage|p1b: Archaludon|0 fnt
|-unboost|p2a: Gholdengo|spa|1
|faint|p1a: Pelipper
|faint|p1b: Archaludon
|-damage|p2a: Gholdengo|12/100|[from] item: Life Orb
|
|-weather|RainDance|[upkeep]
|upkeep
|
|t:|1756423325
|switch|p1b: Gholdengo|Gholdengo, L50|100/100
|switch|p1a: Incineroar|Incineroar, L50, F|100/100
|switch|p2b: Sneasler|Sneasler, L50, M|100/100
|-ability|p1a: Incineroar|Intimidate|boost
|-unboost|p2a: Gholdengo|atk|1
|-unboost|p2b: Sneasler|atk|1
|turn|3
|-message|Goat Pincurchin forfeited.
|
|win|impurities2
