|j|☆follacaballo
|j|☆JuanGuerrero09
|html|follacaballoJuanGuerrero09    
|uhtml|bestof|Game 1 of a best-of-3
|t:|1757002985
|gametype|doubles
|player|p1|follacaballo|2|1000
|player|p2|JuanGuerrero09|1|1040
|gen|9
|tier|[Gen 9] VGC 2025 Reg H (Bo3)
|rated|
|rule|Species Clause: Limit one of each Pokémon
|rule|Item Clause: Limit 1 of each item
|clearpoke
|poke|p1|Dragonite, L50, M|
|poke|p1|Rillaboom, L50, M|
|poke|p1|Palafin, L50, M|
|poke|p1|Talonflame, L50, M|
|poke|p1|Incineroar, L50, F|
|poke|p1|Amoonguss, L50, M|
|poke|p2|Sneasler, L50, M|
|poke|p2|Indeedee, L50, M|
|poke|p2|Tyranitar, L50, M|
|poke|p2|Excadrill, L50, M|
|poke|p2|Gholdengo, L50|
|poke|p2|Incineroar, L50, M|
|teampreview|4
|showteam|p1|Dragonite||LifeOrb|Multiscale|ExtremeSpeed,Earthquake,DragonDance,Protect|||M|||50|,,,,,Normal]Rillaboom||AssaultVest|GrassySurge|GrassyGlide,FakeOut,KnockOff,WoodHammer|||M|||50|,,,,,Fire]Palafin||MysticWater|ZerotoHero|FlipTurn,CloseCombat,WaveCrash,Protect|||M|||50|,,,,,Water]Talonflame||CovertCloak|GaleWings|Tailwind,BraveBird,FlareBlitz,Protect|||M|||50|,,,,,Ghost]Incineroar||SafetyGoggles|Intimidate|FakeOut,KnockOff,PartingShot,FlareBlitz|||F|||50|,,,,,Grass]Amoonguss||RockyHelmet|Regenerator|Spore,RagePowder,PollenPuff,Protect|||M|||50|,,,,,Water
|showteam|p2|Sneasler||WhiteHerb|Unburden|CloseCombat,DireClaw,FakeOut,Protect|||M|||50|,,,,,Dark]Indeedee||ChoiceScarf|PsychicSurge|ExpandingForce,TeraBlast,Trick,Protect|||M|||50|,,,,,Fire]Tyranitar||AssaultVest|SandStream|RockSlide,KnockOff,TeraBlast,LowKick|||M|||50|,,,,,Flying]Excadrill||FocusSash|SandRush|HighHorsepower,Earthquake,IronHead,Protect|||M|||50|,,,,,Ground]Gholdengo||MetalCoat|GoodasGold|ShadowBall,Protect,MakeItRain,NastyPlot||||||50|,,,,,Water]Incineroar||SafetyGoggles|Intimidate|FakeOut,KnockOff,FlareBlitz,PartingShot|||M|||50|,,,,,Ghost
|
|t:|1757003025
|teamsize|p1|4
|teamsize|p2|4
|start
|switch|p1a: pota|Talonflame, L50, M, shiny|100/100
|switch|p1b: traba|Palafin, L50, M|100/100
|switch|p2a: Tyranitar|Tyranitar, L50, M|100/100
|switch|p2b: Sneasler|Sneasler, L50, M|100/100
|-weather|Sandstorm|[from] ability: Sand Stream|[of] p2a: Tyranitar
|turn|1
|
|t:|1757003054
|move|p1a: pota|Tailwind|p1a: pota
|-sidestart|p1: follacaballo|move: Tailwind
|move|p1b: traba|Flip Turn|p2a: Tyranitar
|-supereffective|p2a: Tyranitar
|-damage|p2a: Tyranitar|59/100
|
|t:|1757003073
|detailschange|p1b: traba|Palafin-Hero, L50, M
|switch|p1b: nine|Amoonguss, L50, M, shiny|100/100|[from] Flip Turn
|move|p2b: Sneasler|Dire Claw|p1b: nine
|-damage|p1b: nine|59/100
|-damage|p2b: Sneasler|84/100|[from] item: Rocky Helmet|[of] p1b: nine
|move|p2a: Tyranitar|Rock Slide|p1b: nine|[spread] p1a,p1b
|-supereffective|p1a: pota
|-damage|p1a: pota|0 fnt
|-damage|p1b: nine|31/100
|faint|p1a: pota
|
|-weather|Sandstorm|[upkeep]
|-damage|p2b: Sneasler|79/100|[from] Sandstorm
|-damage|p1b: nine|25/100|[from] Sandstorm
|upkeep
|
|t:|1757003096
|switch|p1a: croto|Dragonite, L50, M|100/100
|turn|2
|
|t:|1757003109
|switch|p2b: Incineroar|Incineroar, L50, M|100/100
|-ability|p2b: Incineroar|Intimidate|boost
|-unboost|p1a: croto|atk|1
|-unboost|p1b: nine|atk|1
|-terastallize|p2a: Tyranitar|Flying
|move|p1a: croto|Dragon Dance|p1a: croto
|-boost|p1a: croto|atk|1
|-boost|p1a: croto|spe|1
|move|p1b: nine|Spore|p2b: Incineroar
|-activate|p2b: Incineroar|item: Safety Goggles|Spore
|move|p2a: Tyranitar|Rock Slide|p1a: croto|[spread] p1a,p1b
|-supereffective|p1a: croto
|-damage|p1a: croto|64/100
|-damage|p1b: nine|0 fnt
|faint|p1b: nine
|
|-weather|Sandstorm|[upkeep]
|-damage|p1a: croto|58/100|[from] Sandstorm
|-damage|p2a: Tyranitar|53/100|[from] Sandstorm
|upkeep
|
|t:|1757003126
|switch|p1b: traba|Palafin-Hero, L50, M|100/100
|-activate|p1b: traba|ability: Zero to Hero
|turn|3
|
|t:|1757003149
|move|p2b: Incineroar|Fake Out|p1b: traba
|-damage|p1b: traba|90/100
|move|p1a: croto|Earthquake|p2a: Tyranitar|[spread] p1b,p2b
|-immune|p2a: Tyranitar
|-supereffective|p2b: Incineroar
|-damage|p1b: traba|54/100
|-damage|p2b: Incineroar|34/100
|-damage|p1a: croto|48/100|[from] item: Life Orb
|cant|p1b: traba|flinch
|move|p2a: Tyranitar|Rock Slide|p1a: croto|[spread] p1a,p1b
|-supereffective|p1a: croto
|-damage|p1a: croto|0 fnt
|-damage|p1b: traba|23/100
|faint|p1a: croto
|
|-weather|Sandstorm|[upkeep]
|-damage|p1b: traba|17/100|[from] Sandstorm
|-damage|p2a: Tyranitar|47/100|[from] Sandstorm
|upkeep
|turn|4
|
|t:|1757003170
|move|p1b: traba|Wave Crash|p2b: Incineroar
|-supereffective|p2b: Incineroar
|-damage|p2b: Incineroar|0 fnt
|faint|p2b: Incineroar
|-damage|p1b: traba|6/100|[from] Recoil
|move|p2a: Tyranitar|Knock Off|p1b: traba
|-crit|p1b: traba
|-damage|p1b: traba|0 fnt
|-enditem|p1b: traba|Mystic Water|[from] move: Knock Off|[of] p2a: Tyranitar
|faint|p1b: traba
|
|win|JuanGuerrero09
