|j|☆GT=HLR
|j|☆derainer
|html|GT=HLRderainer    
|uhtml|bestof|Game 1 of a best-of-3
|t:|1784608887
|gametype|doubles
|player|p1|GT=HLR|liza|1058
|player|p2|derainer|hilbert|1069
|gen|9
|tier|[Gen 9 Champions] VGC 2026 Reg M-B (Bo3)
|rated|
|rule|Species Clause: Limit one of each Pokémon
|rule|Item Clause: Limit 1 of each item
|clearpoke
|poke|p1|Feraligatr, L50, M|
|poke|p1|Whimsicott, L50, F|
|poke|p1|Farigiraf, L50, M|
|poke|p1|Chesnaught, L50, F, shiny|
|poke|p1|Aegislash, L50, F|
|poke|p1|Armarouge, L50, M|
|poke|p2|Polteageist-Antique, L50|
|poke|p2|Maushold-Four, L50|
|poke|p2|Whimsicott, L50, M|
|poke|p2|Tsareena, L50, F|
|poke|p2|Aerodactyl, L50, F|
|poke|p2|Blastoise, L50, M|
|teampreview|4
|showteam|p1|Feraligatr||Feraligite|SheerForce|Liquidation,Protect,SwordsDance,DoubleEdge|Adamant||M|||50|]Whimsicott||FocusSash|Prankster|Moonblast,Tailwind,Encore,Taunt|Timid||F|||50|]Farigiraf||MentalHerb|ArmorTail|HyperVoice,Imprison,TrickRoom,TwinBeam|Bold||M|||50|]Chesnaught||Chesnaughtite|Bulletproof|BodyPress,WideGuard,WoodHammer,RockSlide|Sassy||F|||50|]Aegislash||OccaBerry|StanceChange|SacredSword,KingsShield,IronHead,Poltergeist|Adamant||F|||50|]Armarouge||LifeOrb|FlashFire|ArmorCannon,Protect,Psychic,AuraSphere|Modest||M|||50|
|showteam|p2|Polteageist-Antique||WhiteHerb|CursedBody|ShellSmash,StoredPower,ShadowBall,Protect|Modest|||||50|]Maushold-Four||SitrusBerry|FriendGuard|FollowMe,Encore,Uturn,PopulationBomb|Impish|||||50|]Whimsicott||FocusSash|Prankster|Tailwind,Encore,DazzlingGleam,SunnyDay|Bold||M|||50|]Tsareena||LifeOrb|QueenlyMajesty|TripleAxel,TropKick,LowKick,Protect|Jolly||F|||50|]Aerodactyl||HardStone|Unnerve|RockSlide,WideGuard,DualWingbeat,Protect|Jolly||F|||50|]Blastoise||Blastoisinite|Torrent|ShellSmash,WaterPulse,FakeOut,DarkPulse|Rash||M|||50|
|inactive|Battle timer is ON: inactive players will automatically lose when time's up. (requested by GT=HLR)
|inactive|GT=HLR has 60 seconds left.
|inactive|GT=HLR has 30 seconds left.
|l|☆derainer
|inactive|derainer disconnected and has a minute to reconnect!
|player|p2|
|j|☆derainer
|inactive|derainer reconnected.
|player|p2|derainer|hilbert|
|inactive|GT=HLR has 20 seconds left.
|
|t:|1784608960
|teamsize|p1|4
|teamsize|p2|4
|start
|switch|p1a: Chesnaught|Chesnaught, L50, F, shiny|100/100
|switch|p1b: Farigiraf|Farigiraf, L50, M|100/100
|switch|p2a: Polteageist|Polteageist-Antique, L50|100/100
|switch|p2b: Maushold|Maushold-Four, L50|100/100
|turn|1
|inactive|derainer has 30 seconds left.
|
|t:|1784608989
|detailschange|p1a: Chesnaught|Chesnaught-Mega, L50, F, shiny
|-mega|p1a: Chesnaught|Chesnaught|Chesnaughtite
|move|p2b: Maushold|Follow Me|p2b: Maushold
|-singleturn|p2b: Maushold|move: Follow Me
|move|p2a: Polteageist|Shell Smash|p2a: Polteageist
|-unboost|p2a: Polteageist|def|1
|-unboost|p2a: Polteageist|spd|1
|-boost|p2a: Polteageist|atk|2
|-boost|p2a: Polteageist|spa|2
|-boost|p2a: Polteageist|spe|2
|-enditem|p2a: Polteageist|White Herb
|-clearnegativeboost|p2a: Polteageist|[silent]
|move|p1a: Chesnaught|Body Press|p2b: Maushold
|-supereffective|p2b: Maushold|1
|-damage|p2b: Maushold|0 fnt
|faint|p2b: Maushold
|move|p1b: Farigiraf|Trick Room|p1b: Farigiraf
|-fieldstart|move: Trick Room|[of] p1b: Farigiraf
|
|upkeep
|
|t:|1784608995
|switch|p2b: Whimsicott|Whimsicott, L50, M|100/100
|turn|2
|
|t:|1784609005
|move|p1a: Chesnaught|Wood Hammer|p2a: Polteageist
|-damage|p2a: Polteageist|0 fnt
|faint|p2a: Polteageist
|-damage|p1a: Chesnaught|75/100|[from] Recoil
|move|p1b: Farigiraf|Twin Beam|p2b: Whimsicott
|-damage|p2b: Whimsicott|80/100
|-damage|p2b: Whimsicott|56/100
|-hitcount|p2b: Whimsicott|2
|move|p2b: Whimsicott|Dazzling Gleam|p1a: Chesnaught|[spread] p1a,p1b
|-supereffective|p1a: Chesnaught|1
|-damage|p1a: Chesnaught|53/100
|-damage|p1b: Farigiraf|82/100
|
|upkeep
|c|☆derainer|Yo
|c|☆derainer|That's a lot tf
|
|t:|1784609016
|switch|p2a: Blastoise|Blastoise, L50, M|100/100
|turn|3
|-message|derainer forfeited.
|raw|GT=HLR's rating: 1058 → 1090(+32 for winning)
|raw|derainer's rating: 1069 → 1048(-21 for losing)
|
|win|GT=HLR
|c|☆GT=HLR|Chesnaught
