|j|☆IngeVGC
|j|☆jdog1613
|html|IngeVGCjdog1613    
|uhtml|bestof|Game 2 of a best-of-3
|t:|1784046442
|gametype|doubles
|player|p1|IngeVGC|265|1000
|player|p2|jdog1613|266|1027
|gen|9
|tier|[Gen 9 Champions] VGC 2026 Reg M-B (Bo3)
|rated|
|rule|Species Clause: Limit one of each Pokémon
|rule|Item Clause: Limit 1 of each item
|clearpoke
|poke|p1|Aerodactyl, L50, M|
|poke|p1|Kingambit, L50, M, shiny|
|poke|p1|Farigiraf, L50, F, shiny|
|poke|p1|Charizard, L50, M, shiny|
|poke|p1|Sylveon, L50, F, shiny|
|poke|p1|Garchomp, L50, F, shiny|
|poke|p2|Pelipper, L50, M|
|poke|p2|Swampert, L50, F|
|poke|p2|Archaludon, L50, M|
|poke|p2|Grimmsnarl, L50, M|
|poke|p2|Farigiraf, L50, M|
|poke|p2|Mawile, L50, M|
|teampreview|4
|showteam|p1|Aerodactyl||Aerodactylite|Unnerve|IceFang,DualWingbeat,RockSlide,Tailwind|Jolly||M|||50|]Kingambit||FocusSash|Defiant|KowtowCleave,IronHead,SuckerPunch,LowKick|Adamant||M|||50|]Farigiraf||SitrusBerry|ArmorTail|TrickRoom,Psychic,Thunderbolt,Roar|Bold||F|||50|]Charizard||CharizarditeY|SolarPower|HeatWave,WeatherBall,SolarBeam,Protect|Modest||M|||50|]Sylveon||FairyFeather|Pixilate|Detect,HyperVoice,HyperBeam,QuickAttack|Modest||F|||50|]Garchomp||LifeOrb|RoughSkin|Protect,DragonClaw,Earthquake,StompingTantrum|Jolly||F|||50|
|showteam|p2|Pelipper||LifeOrb|Drizzle|WideGuard,WeatherBall,Hurricane,Tailwind|Modest||M|||50|]Swampert||Swampertite|Damp|Earthquake,WaveCrash,IcePunch,Protect|Adamant||F|||50|]Archaludon||Leftovers|Stamina|ElectroShot,DragonPulse,FlashCannon,Protect|Modest||M|||50|]Grimmsnarl||LightClay|Prankster|PartingShot,FoulPlay,Reflect,LightScreen|Careful||M|||50|]Farigiraf||SitrusBerry|ArmorTail|Psychic,TrickRoom,Protect,Thunderbolt|Quiet||M|||50|]Mawile||Mawilite|Intimidate|PlayRough,IronHead,SuckerPunch,Protect|Adamant||M|||50|
|
|t:|1784046466
|teamsize|p1|4
|teamsize|p2|4
|start
|switch|p1a: Farigiraf|Farigiraf, L50, F, shiny|100/100
|switch|p1b: Sylveon|Sylveon, L50, F, shiny|100/100
|switch|p2a: Grimmsnarl|Grimmsnarl, L50, M|100/100
|switch|p2b: Archaludon|Archaludon, L50, M|100/100
|turn|1
|
|t:|1784046479
|move|p2a: Grimmsnarl|Light Screen|p2a: Grimmsnarl
|-sidestart|p2: jdog1613|move: Light Screen
|move|p2b: Archaludon|Flash Cannon|p1b: Sylveon
|-supereffective|p1b: Sylveon|1
|-damage|p1b: Sylveon|28/100
|move|p1b: Sylveon|Hyper Voice|p2a: Grimmsnarl|[spread] p2a,p2b
|-supereffective|p2a: Grimmsnarl|1
|-damage|p2a: Grimmsnarl|46/100
|-damage|p2b: Archaludon|56/100
|-ability|p2b: Archaludon|Stamina|boost
|-boost|p2b: Archaludon|def|1
|move|p1a: Farigiraf|Trick Room|p1a: Farigiraf
|-fieldstart|move: Trick Room|[of] p1a: Farigiraf
|
|-heal|p2b: Archaludon|62/100|[from] item: Leftovers
|upkeep
|turn|2
|
|t:|1784046503
|move|p2a: Grimmsnarl|Reflect|p2a: Grimmsnarl
|-sidestart|p2: jdog1613|Reflect
|move|p1a: Farigiraf|Thunderbolt|p2a: Grimmsnarl
|-damage|p2a: Grimmsnarl|32/100
|move|p1b: Sylveon|Hyper Voice|p2b: Archaludon|[spread] p2a,p2b
|-supereffective|p2a: Grimmsnarl|1
|-damage|p2a: Grimmsnarl|0 fnt
|-damage|p2b: Archaludon|20/100y
|-ability|p2b: Archaludon|Stamina|boost
|-boost|p2b: Archaludon|def|1
|faint|p2a: Grimmsnarl
|move|p2b: Archaludon|Flash Cannon|p1b: Sylveon
|-supereffective|p1b: Sylveon|1
|-damage|p1b: Sylveon|0 fnt
|faint|p1b: Sylveon
|
|-heal|p2b: Archaludon|26/100|[from] item: Leftovers
|upkeep
|
|t:|1784046523
|switch|p2a: Pelipper|Pelipper, L50, M|100/100
|switch|p1b: Charizard|Charizard, L50, M, shiny|100/100
|-weather|RainDance|[from] ability: Drizzle|[of] p2a: Pelipper
|turn|3
|
|t:|1784046557
|switch|p2a: Swampert|Swampert, L50, F|100/100
|detailschange|p1b: Charizard|Charizard-Mega-Y, L50, M, shiny
|-mega|p1b: Charizard|Charizard|Charizardite Y
|-weather|SunnyDay|[from] ability: Drought|[of] p1b: Charizard
|move|p1a: Farigiraf|Thunderbolt|p2a: Swampert
|-immune|p2a: Swampert
|move|p2b: Archaludon|Dragon Pulse|p1b: Charizard
|-damage|p1b: Charizard|60/100
|move|p1b: Charizard|Solar Beam||[still]
|-prepare|p1b: Charizard|Solar Beam
|-anim|p1b: Charizard|Solar Beam|p2a: Swampert
|-supereffective|p2a: Swampert|2
|-damage|p2a: Swampert|0 fnt
|faint|p2a: Swampert
|
|-weather|SunnyDay|[upkeep]
|-heal|p2b: Archaludon|32/100|[from] item: Leftovers
|upkeep
|-message|jdog1613 forfeited.
|
|win|IngeVGC
|l|☆jdog1613
|player|p2|
||jdog1613 is ready for game 3.
||IngeVGC is ready for game 3.
|uhtml|next|Next: Game 3 of 3
