|j|☆cakepopdance
|j|☆yetiyoupi
|html|cakepopdanceyetiyoupi    
|uhtml|bestof|Game 1 of a best-of-3
|t:|1757740093
|gametype|doubles
|player|p1|cakepopdance|101|1115
|player|p2|yetiyoupi|169|1121
|gen|9
|tier|[Gen 9] VGC 2025 Reg H (Bo3)
|rated|
|rule|Species Clause: Limit one of each Pokémon
|rule|Item Clause: Limit 1 of each item
|clearpoke
|poke|p1|Dragapult, L50, F|
|poke|p1|Incineroar, L50, F|
|poke|p1|Amoonguss, L50, M|
|poke|p1|Primarina, L50, F|
|poke|p1|Sneasler, L50, M|
|poke|p1|Whimsicott, L50, F|
|poke|p2|Amoonguss, L50, M|
|poke|p2|Politoed, L50, M|
|poke|p2|Annihilape, L50, M|
|poke|p2|Gholdengo, L50|
|poke|p2|Archaludon, L50, F|
|poke|p2|Whimsicott, L50, M|
|teampreview|4
|showteam|p1|Dragapult||ChoiceBand|ClearBody|DragonDarts,TeraBlast,PhantomForce,Uturn|||F|||50|,,,,,Ghost]Incineroar||SafetyGoggles|Intimidate|FakeOut,FlareBlitz,KnockOff,PartingShot|||F|||50|,,,,,Grass]Amoonguss||SitrusBerry|Regenerator|Spore,RagePowder,PollenPuff,Protect|||M|||50|,,,,,Water]Primarina||ThroatSpray|LiquidVoice|HyperVoice,Moonblast,AquaJet,Protect|||F|||50|,,,,,Water]Sneasler||FocusSash|Unburden|DireClaw,CloseCombat,FakeOut,Protect|||M|||50|,,,,,Ghost]Whimsicott||CovertCloak|Prankster|Tailwind,Encore,Moonblast,Taunt|||F|||50|,,,,,Dark
|showteam|p2|Amoonguss||RockyHelmet|Regenerator|SludgeBomb,Protect,Spore,RagePowder|||M|||50|,,,,,Water]Politoed||SitrusBerry|Drizzle|IceBeam,WeatherBall,Protect,Encore|||M|||50|,,,,,Grass]Annihilape||AssaultVest|Defiant|IcePunch,RageFist,DrainPunch,Uturn|||M|||50|,,,,,Steel]Gholdengo||LifeOrb|GoodasGold|NastyPlot,ShadowBall,MakeItRain,Protect||||||50|,,,,,Fairy]Archaludon||PowerHerb|Stamina|ElectroShot,DracoMeteor,Protect,BodyPress|||F|||50|,,,,,Electric]Whimsicott||FocusSash|Prankster|Tailwind,BeatUp,Moonblast,Taunt|||M|||50|,,,,,Ghost
|inactive|Battle timer is ON: inactive players will automatically lose when time's up. (requested by cakepopdance)
|inactive|cakepopdance has 60 seconds left.
|inactive|yetiyoupi has 60 seconds left.
|inactive|yetiyoupi has 30 seconds left.
|inactive|yetiyoupi has 20 seconds left.
|inactive|yetiyoupi has 15 seconds left.
|
|t:|1757740171
|teamsize|p1|4
|teamsize|p2|4
|start
|switch|p1a: Incineroar|Incineroar, L50, F|100/100
|switch|p1b: Dragapult|Dragapult, L50, F|100/100
|switch|p2a: Whimsicott|Whimsicott, L50, M|100/100
|switch|p2b: Annihilape|Annihilape, L50, M|100/100
|-ability|p1a: Incineroar|Intimidate|boost
|-unboost|p2a: Whimsicott|atk|1
|-unboost|p2b: Annihilape|atk|1
|-ability|p2b: Annihilape|Defiant|boost
|-boost|p2b: Annihilape|atk|2
|turn|1
|inactive|cakepopdance has 30 seconds left.
|inactive|yetiyoupi has 30 seconds left.
|inactive|cakepopdance has 20 seconds left.
|inactive|yetiyoupi has 20 seconds left.
|inactive|cakepopdance has 15 seconds left.
|inactive|yetiyoupi has 15 seconds left.
|inactive|cakepopdance has 10 seconds left.
|inactive|yetiyoupi has 10 seconds left.
|inactive|yetiyoupi has 5 seconds left.
|
|t:|1757740224
|-terastallize|p2b: Annihilape|Steel
|move|p2a: Whimsicott|Tailwind|p2a: Whimsicott
|-sidestart|p2: yetiyoupi|move: Tailwind
|move|p2b: Annihilape|Rage Fist|p1b: Dragapult
|-supereffective|p1b: Dragapult
|-damage|p1b: Dragapult|0 fnt
|faint|p1b: Dragapult
|move|p1a: Incineroar|Flare Blitz|p2a: Whimsicott
|-supereffective|p2a: Whimsicott
|-enditem|p2a: Whimsicott|Focus Sash
|-damage|p2a: Whimsicott|1/100
|-damage|p1a: Incineroar|78/100|[from] Recoil
|
|upkeep
|
|t:|1757740242
|switch|p1b: Sneasler|Sneasler, L50, M|100/100
|turn|2
|inactive|yetiyoupi has 30 seconds left.
|inactive|yetiyoupi has 20 seconds left.
|inactive|yetiyoupi has 15 seconds left.
|
|t:|1757740283
|move|p2a: Whimsicott|Moonblast|p1a: Incineroar
|-damage|p1a: Incineroar|47/100
|move|p2b: Annihilape|Drain Punch|p1a: Incineroar
|-supereffective|p1a: Incineroar
|-damage|p1a: Incineroar|0 fnt
|faint|p1a: Incineroar
|move|p1b: Sneasler|Close Combat|p2b: Annihilape
|-supereffective|p2b: Annihilape
|-damage|p2b: Annihilape|0 fnt
|-unboost|p1b: Sneasler|def|1
|-unboost|p1b: Sneasler|spd|1
|faint|p2b: Annihilape
|
|upkeep
|
|t:|1757740295
|switch|p2b: Gholdengo|Gholdengo, L50|100/100
|switch|p1a: Primarina|Primarina, L50, F|100/100
|turn|3
|inactive|cakepopdance has 30 seconds left.
|inactive|yetiyoupi has 30 seconds left.
|
|t:|1757740331
|-terastallize|p1a: Primarina|Water
|move|p1b: Sneasler|Protect|p1b: Sneasler
|-singleturn|p1b: Sneasler|Protect
|move|p2a: Whimsicott|Beat Up|p1b: Sneasler
|-activate|p1b: Sneasler|move: Protect
|move|p2b: Gholdengo|Make It Rain|p1b: Sneasler|[spread] p1a
|-activate|p1b: Sneasler|move: Protect
|-resisted|p1a: Primarina
|-damage|p1a: Primarina|73/100
|-unboost|p2b: Gholdengo|spa|1
|-damage|p2b: Gholdengo|91/100|[from] item: Life Orb
|move|p1a: Primarina|Hyper Voice|p2b: Gholdengo|[spread] p2a,p2b
|-resisted|p2a: Whimsicott
|-damage|p2a: Whimsicott|0 fnt
|-damage|p2b: Gholdengo|28/100
|faint|p2a: Whimsicott
|-enditem|p1a: Primarina|Throat Spray
|-boost|p1a: Primarina|spa|1|[from] item: Throat Spray
|
|upkeep
|
|t:|1757740349
|switch|p2a: Amoonguss|Amoonguss, L50, M|100/100
|turn|4
|inactive|cakepopdance has 30 seconds left.
|
|t:|1757740375
|move|p2a: Amoonguss|Rage Powder|p2a: Amoonguss
|-singleturn|p2a: Amoonguss|move: Rage Powder
|move|p2b: Gholdengo|Shadow Ball|p1a: Primarina
|-damage|p1a: Primarina|42/100
|-damage|p2b: Gholdengo|18/100|[from] item: Life Orb
|move|p1b: Sneasler|Dire Claw|p2a: Amoonguss
|-damage|p2a: Amoonguss|52/100
|-damage|p1b: Sneasler|84/100|[from] item: Rocky Helmet|[of] p2a: Amoonguss
|move|p1a: Primarina|Hyper Voice|p2a: Amoonguss|[spread] p2a,p2b
|-resisted|p2a: Amoonguss
|-damage|p2a: Amoonguss|19/100
|-damage|p2b: Gholdengo|0 fnt
|faint|p2b: Gholdengo
|
|-sideend|p2: yetiyoupi|move: Tailwind
|upkeep
|turn|5
|-message|yetiyoupi forfeited.
|
|win|cakepopdance
|l|☆yetiyoupi
|player|p2|
||cakepopdance is ready for game 2.
||yetiyoupi is ready for game 2.
|uhtml|next|Next: Game 2 of 3
