|j|☆PATRIOTS_VG
|j|☆SquisProjects
|html|PATRIOTS_VGSquisProjects    
|uhtml|bestof|Game 3 of a best-of-3
|t:|1782248829
|gametype|doubles
|player|p1|PATRIOTS_VG|drayden|1207
|player|p2|SquisProjects|1|1136
|gen|9
|tier|[Gen 9 Champions] VGC 2026 Reg M-B (Bo3)
|rated|
|rule|Species Clause: Limit one of each Pokémon
|rule|Item Clause: Limit 1 of each item
|clearpoke
|poke|p1|Charizard, L50, M|
|poke|p1|Sylveon, L50, F|
|poke|p1|Kingambit, L50, M|
|poke|p1|Basculegion, L50, M|
|poke|p1|Garchomp, L50, M|
|poke|p1|Aerodactyl, L50, M|
|poke|p2|Raichu, L50, F, shiny|
|poke|p2|Froslass, L50, F|
|poke|p2|Talonflame, L50, F|
|poke|p2|Gholdengo, L50|
|poke|p2|Hydreigon, L50, M|
|poke|p2|Farigiraf, L50, F|
|teampreview|4
|showteam|p1|Charizard||CharizarditeY|Blaze|HeatWave,SolarBeam,WeatherBall,Protect|Modest||M|||50|]Sylveon||FairyFeather|Pixilate|Detect,HyperVoice,Yawn,QuickAttack|Modest||F|||50|]Kingambit||ChopleBerry|Defiant|SuckerPunch,KowtowCleave,LowKick,IronHead|Adamant||M|||50|]Basculegion||FocusSash|Adaptability|Protect,LastRespects,AquaJet,Liquidation|Adamant||M|||50|]Garchomp||LifeOrb|RoughSkin|RockSlide,Earthquake,DragonClaw,Protect|Jolly||M|||50|]Aerodactyl||Aerodactylite|Unnerve|Tailwind,DualWingbeat,RockSlide,WideGuard|Jolly||M|||50|
|showteam|p2|Raichu||RaichuniteY|LightningRod|GrassKnot,Protect,ZapCannon,FocusBlast|Timid||F|||50|]Froslass||Froslassite|SnowCloak|AuroraVeil,Blizzard,ShadowBall,Protect|Timid||F|||50|]Talonflame||ExpertBelt|GaleWings|Tailwind,Protect,FlareBlitz,BraveBird|Jolly||F|||50|]Gholdengo||LifeOrb|GoodasGold|MakeItRain,ShadowBall,Protect,NastyPlot|Modest|||||50|]Hydreigon||FocusSash|Levitate|DarkPulse,DracoMeteor,Protect,EarthPower|Serious||M|||50|]Farigiraf||SitrusBerry|ArmorTail|DazzlingGleam,HyperVoice,Psychic,Protect|Modest||F|||50|
|
|t:|1782248854
|teamsize|p1|4
|teamsize|p2|4
|start
|switch|p1a: Sylveon|Sylveon, L50, F|100/100
|switch|p1b: Garchomp|Garchomp, L50, M|100/100
|switch|p2a: Gholdengo|Gholdengo, L50|100/100
|switch|p2b: Froslass|Froslass, L50, F|100/100
|turn|1
|inactive|Battle timer is ON: inactive players will automatically lose when time's up. (requested by PATRIOTS_VG)
|
|t:|1782248869
|detailschange|p2b: Froslass|Froslass-Mega, L50, F
|-mega|p2b: Froslass|Froslass|Froslassite
|-weather|Snowscape|[from] ability: Snow Warning|[of] p2b: Froslass
|move|p1a: Sylveon|Detect|p1a: Sylveon
|-singleturn|p1a: Sylveon|Protect
|move|p2b: Froslass|Blizzard|p1b: Garchomp|[spread] p1b
|-activate|p1a: Sylveon|move: Protect
|-supereffective|p1b: Garchomp|2
|-damage|p1b: Garchomp|0 fnt
|faint|p1b: Garchomp
|move|p2a: Gholdengo|Make It Rain|p1a: Sylveon
|-activate|p1a: Sylveon|move: Protect
|
|-weather|Snowscape|[upkeep]
|upkeep
|
|t:|1782248883
|switch|p1b: Kingambit|Kingambit, L50, M|100/100
|turn|2
|
|t:|1782248898
|switch|p2a: Hydreigon|Hydreigon, L50, M|100/100
|move|p2b: Froslass|Blizzard|p1a: Sylveon|[spread] p1a,p1b
|-resisted|p1b: Kingambit|1
|-damage|p1a: Sylveon|62/100
|-damage|p1b: Kingambit|76/100
|move|p1a: Sylveon|Yawn|p2b: Froslass
|-start|p2b: Froslass|move: Yawn|[of] p1a: Sylveon
|move|p1b: Kingambit|Kowtow Cleave|p2a: Hydreigon
|-resisted|p2a: Hydreigon|1
|-damage|p2a: Hydreigon|71/100
|
|-weather|Snowscape|[upkeep]
|upkeep
|turn|3
|
|t:|1782248920
|move|p1a: Sylveon|Quick Attack|p2a: Hydreigon
|-supereffective|p2a: Hydreigon|2
|-damage|p2a: Hydreigon|7/100
|move|p2b: Froslass|Blizzard|p1b: Kingambit|[spread] p1a,p1b
|-resisted|p1b: Kingambit|1
|-damage|p1a: Sylveon|28/100
|-damage|p1b: Kingambit|54/100
|move|p2a: Hydreigon|Earth Power|p1b: Kingambit
|-supereffective|p1b: Kingambit|1
|-damage|p1b: Kingambit|0 fnt
|faint|p1b: Kingambit
|
|-weather|Snowscape|[upkeep]
|-end|p2b: Froslass|move: Yawn|[silent]
|-status|p2b: Froslass|slp
|upkeep
|
|t:|1782248926
|switch|p1b: Basculegion|Basculegion, L50, M|100/100
|turn|4
|
|t:|1782248946
|switch|p2b: Farigiraf|Farigiraf, L50, F|100/100
|move|p1a: Sylveon|Quick Attack||[still]
|cant|p2b: Farigiraf|ability: Armor Tail|Quick Attack|[of] p1a: Sylveon
|move|p2a: Hydreigon|Dark Pulse|p1b: Basculegion
|-supereffective|p1b: Basculegion|1
|-damage|p1b: Basculegion|1/100
|move|p1b: Basculegion|Last Respects|p2b: Farigiraf
|-immune|p2b: Farigiraf
|
|-weather|Snowscape|[upkeep]
|upkeep
|turn|5
|-message|PATRIOTS_VG forfeited.
|
|win|SquisProjects
|raw|PATRIOTS_VG's rating: 1207 → 1177(-30 for losing)
|raw|SquisProjects's rating: 1136 → 1166(+30 for winning)
|l|☆PATRIOTS_VG
|player|p1|
