|j|☆standardamerican
|j|☆jvpv7
|html|standardamericanjvpv7    
|uhtml|bestof|Game 3 of a best-of-3
|t:|1784818120
|gametype|doubles
|player|p1|standardamerican|169|1203
|player|p2|jvpv7|rosa|1104
|gen|9
|tier|[Gen 9 Champions] VGC 2026 Reg M-B (Bo3)
|rated|
|rule|Species Clause: Limit one of each Pokémon
|rule|Item Clause: Limit 1 of each item
|clearpoke
|poke|p1|Sinistcha, L50|
|poke|p1|Incineroar, L50, M|
|poke|p1|Milotic, L50, M|
|poke|p1|Raichu, L50, F|
|poke|p1|Gardevoir, L50, F|
|poke|p1|Ceruledge, L50, M|
|poke|p2|Meganium, L50, F|
|poke|p2|Mawile, L50, M|
|poke|p2|Sinistcha, L50|
|poke|p2|Ceruledge, L50, M|
|poke|p2|Milotic, L50, M|
|poke|p2|Incineroar, L50, F|
|teampreview|4
|showteam|p1|Sinistcha||KasibBerry|Hospitality|MatchaGotcha,Imprison,RagePowder,Protect|Bold|||||50|]Incineroar||SitrusBerry|Intimidate|FlareBlitz,DarkestLariat,FakeOut,PartingShot|Careful||M|||50|]Milotic||Leftovers|Competitive|MuddyWater,Coil,Hypnosis,Protect|Calm||M|||50|]Raichu||RaichuniteY|LightningRod|ZapCannon,FocusBlast,FakeOut,Protect|Timid||F|||50|]Gardevoir||Gardevoirite|Trace|HyperVoice,Psyshock,TrickRoom,Protect|Modest||F|||50|]Ceruledge||ColburBerry|FlashFire|BitterBlade,ShadowSneak,BulkUp,Protect|Adamant||M|||50|
|showteam|p2|Meganium||Meganiumite|LeafGuard|SolarBeam,Protect,DazzlingGleam,WeatherBall|Timid||F|||50|]Mawile||Mawilite|HyperCutter|PlayRough,SuckerPunch,IronHead,Protect|Adamant||M|||50|]Sinistcha||KasibBerry|Hospitality|Protect,MatchaGotcha,ShadowBall,RagePowder|Bold|||||50|]Ceruledge||ColburBerry|FlashFire|BitterBlade,ShadowSneak,BulkUp,Protect|Jolly||M|||50|]Milotic||Leftovers|Competitive|Protect,LifeDew,IceBeam,Scald|Bold||M|||50|]Incineroar||SitrusBerry|Intimidate|FlareBlitz,FakeOut,PartingShot,ThroatChop|Adamant||F|||50|
|inactive|Battle timer is ON: inactive players will automatically lose when time's up. (requested by jvpv7)
|
|t:|1784818148
|teamsize|p1|4
|teamsize|p2|4
|start
|switch|p1a: Raichu|Raichu, L50, F|100/100
|switch|p1b: Ceruledge|Ceruledge, L50, M|100/100
|switch|p2a: Milotic|Milotic, L50, M|100/100
|switch|p2b: Ceruledge|Ceruledge, L50, M|100/100
|turn|1
|
|t:|1784818168
|detailschange|p1a: Raichu|Raichu-Mega-Y, L50, F
|-mega|p1a: Raichu|Raichu|Raichunite Y
|move|p2a: Milotic|Protect|p2a: Milotic
|-singleturn|p2a: Milotic|Protect
|move|p1a: Raichu|Zap Cannon|p2b: Ceruledge
|-damage|p2b: Ceruledge|22/100
|-status|p2b: Ceruledge|par
|move|p1b: Ceruledge|Bulk Up|p1b: Ceruledge
|-boost|p1b: Ceruledge|atk|1
|-boost|p1b: Ceruledge|def|1
|cant|p2b: Ceruledge|par
|
|upkeep
|turn|2
|inactive|standardamerican has 30 seconds left.
|
|t:|1784818200
|move|p1b: Ceruledge|Shadow Sneak|p2a: Milotic
|-damage|p2a: Milotic|76/100
|move|p2b: Ceruledge|Shadow Sneak|p1b: Ceruledge
|-supereffective|p1b: Ceruledge|1
|-damage|p1b: Ceruledge|72/100
|move|p1a: Raichu|Zap Cannon|p2a: Milotic
|-supereffective|p2a: Milotic|1
|-damage|p2a: Milotic|0 fnt
|faint|p2a: Milotic
|
|upkeep
|-message|jvpv7 forfeited.
|
|win|standardamerican
|raw|standardamerican's rating: 1203 → 1221(+18 for winning)
|raw|jvpv7's rating: 1104 → 1086(-18 for losing)
|l|☆jvpv7
|player|p2|
