|j|☆AxolatiletheSecond
|j|☆sparrow.d.ace
|html|AxolatiletheSecondsparrow.d.ace    
|uhtml|bestof|Game 2 of a best-of-3
|t:|1756993349
|gametype|doubles
|player|p1|AxolatiletheSecond|iris|1079
|player|p2|sparrow.d.ace|benga|1152
|gen|9
|tier|[Gen 9] VGC 2025 Reg H (Bo3)
|rated|
|rule|Species Clause: Limit one of each Pokémon
|rule|Item Clause: Limit 1 of each item
|clearpoke
|poke|p1|Ceruledge, L50, M|
|poke|p1|Whimsicott, L50, M|
|poke|p1|Hydreigon, L50, F|
|poke|p1|Farigiraf, L50, M|
|poke|p1|Garchomp, L50, F|
|poke|p1|Talonflame, L50, F|
|poke|p2|Basculegion, L50, M|
|poke|p2|Pelipper, L50, M|
|poke|p2|Archaludon, L50, M|
|poke|p2|Sneasler, L50, F|
|poke|p2|Rillaboom, L50, M|
|poke|p2|Incineroar, L50, F|
|teampreview|4
|showteam|p1|Ceruledge||LifeOrb|FlashFire|CloseCombat,Poltergeist,FlareBlitz,Protect|||M|||50|,,,,,Fighting]Whimsicott||FocusSash|Prankster|Moonblast,Tailwind,Encore,SunnyDay|||M|||50|,,,,,Ghost]Hydreigon||ChoiceSpecs|Levitate|EarthPower,DarkPulse,DragonPulse,HeatWave|||F|||50|,,,,,Fire]Farigiraf||ThroatSpray|ArmorTail|HyperVoice,Psychic,TrickRoom,Imprison|||M|||50|,,,,,Fairy]Garchomp||ClearAmulet|RoughSkin|Earthquake,StompingTantrum,Protect,DragonClaw|||F|||50|,,,,,Ground]Talonflame||ChoiceBand|GaleWings|DualWingbeat,BraveBird,Uturn,FlareBlitz|||F|||50|,,,,,Ghost
|showteam|p2|Basculegion||ChoiceBand|SwiftSwim|WaveCrash,FlipTurn,LastRespects,AquaJet|||M|||50|,,,,,Water]Pelipper||CovertCloak|Drizzle|WeatherBall,Hurricane,Tailwind,Protect|||M|||50|,,,,,Stellar]Archaludon||AssaultVest|Stamina|ElectroShot,DragonPulse,FlashCannon,BodyPress|||M|||50|,,,,,Bug]Sneasler||FocusSash|PoisonTouch|DireClaw,CloseCombat,ThroatChop,Protect|||F|||50|,,,,,Ghost]Rillaboom||MiracleSeed|GrassySurge|WoodHammer,GrassyGlide,Uturn,FakeOut|||M|||50|,,,,,Fire]Incineroar||SafetyGoggles|Intimidate|Taunt,FakeOut,PartingShot,KnockOff|||F|||50|,,,,,Ghost
|inactive|Battle timer is ON: inactive players will automatically lose when time's up. (requested by sparrow.d.ace)
|
|t:|1756993390
|teamsize|p1|4
|teamsize|p2|4
|start
|switch|p1a: Hydreigon|Hydreigon, L50, F|100/100
|switch|p1b: Whimsicott|Whimsicott, L50, M|100/100
|switch|p2a: Sneasler|Sneasler, L50, F|100/100
|switch|p2b: Pelipper|Pelipper, L50, M, shiny|100/100
|-weather|RainDance|[from] ability: Drizzle|[of] p2b: Pelipper
|turn|1
|
|t:|1756993405
|-terastallize|p1a: Hydreigon|Fire
|move|p1b: Whimsicott|Sunny Day|p1b: Whimsicott
|-weather|SunnyDay
|move|p2a: Sneasler|Close Combat|p1a: Hydreigon
|-damage|p1a: Hydreigon|25/100
|-unboost|p2a: Sneasler|def|1
|-unboost|p2a: Sneasler|spd|1
|-status|p1a: Hydreigon|psn|[from] ability: Poison Touch|[of] p2a: Sneasler
|move|p1a: Hydreigon|Heat Wave|p2a: Sneasler|[spread] p2a,p2b
|-resisted|p2b: Pelipper
|-enditem|p2a: Sneasler|Focus Sash
|-damage|p2a: Sneasler|1/100
|-damage|p2b: Pelipper|26/100
|move|p2b: Pelipper|Tailwind|p2b: Pelipper
|-sidestart|p2: sparrow.d.ace|move: Tailwind
|
|-weather|SunnyDay|[upkeep]
|-damage|p1a: Hydreigon|12/100 psn|[from] psn
|upkeep
|turn|2
|
|t:|1756993431
|switch|p2b: Incineroar|Incineroar, L50, F|100/100
|-ability|p2b: Incineroar|Intimidate|boost
|-unboost|p1a: Hydreigon|atk|1
|-unboost|p1b: Whimsicott|atk|1
|switch|p1a: Ceruledge|Ceruledge, L50, M|100/100
|move|p2a: Sneasler|Dire Claw|p1b: Whimsicott
|-supereffective|p1b: Whimsicott
|-enditem|p1b: Whimsicott|Focus Sash
|-damage|p1b: Whimsicott|1/100
|move|p1b: Whimsicott|Moonblast|p2a: Sneasler
|-damage|p2a: Sneasler|0 fnt
|faint|p2a: Sneasler
|
|-weather|SunnyDay|[upkeep]
|upkeep
|
|t:|1756993445
|switch|p2a: Pelipper|Pelipper, L50, M, shiny|26/100
|-weather|RainDance|[from] ability: Drizzle|[of] p2a: Pelipper
|turn|3
|
|t:|1756993459
|switch|p1a: Farigiraf|Farigiraf, L50, M|100/100
|move|p2b: Incineroar|Fake Out||[still]
|cant|p1a: Farigiraf|ability: Armor Tail|Fake Out|[of] p2b: Incineroar
|move|p1b: Whimsicott|Sunny Day|p1b: Whimsicott
|-weather|SunnyDay
|move|p2a: Pelipper|Weather Ball|p1a: Farigiraf
|-damage|p1a: Farigiraf|56/100
|
|-weather|SunnyDay|[upkeep]
|upkeep
|turn|4
|
|t:|1756993474
|switch|p2a: Basculegion|Basculegion, L50, M, shiny|100/100
|move|p1b: Whimsicott|Tailwind|p1b: Whimsicott
|-sidestart|p1: AxolatiletheSecond|move: Tailwind
|move|p1a: Farigiraf|Hyper Voice|p2b: Incineroar|[spread] p2b
|-immune|p2a: Basculegion
|-damage|p2b: Incineroar|76/100
|-enditem|p1a: Farigiraf|Throat Spray
|-boost|p1a: Farigiraf|spa|1|[from] item: Throat Spray
|move|p2b: Incineroar|Knock Off|p1a: Farigiraf
|-supereffective|p1a: Farigiraf
|-damage|p1a: Farigiraf|0 fnt
|faint|p1a: Farigiraf
|
|-weather|SunnyDay|[upkeep]
|-sideend|p2: sparrow.d.ace|move: Tailwind
|upkeep
|
|t:|1756993496
|switch|p1a: Hydreigon|Hydreigon, L50, F, tera:Fire|12/100 psn
|turn|5
|
|t:|1756993506
|-terastallize|p2a: Basculegion|Water
|move|p2a: Basculegion|Aqua Jet|p1a: Hydreigon
|-supereffective|p1a: Hydreigon
|-damage|p1a: Hydreigon|0 fnt
|faint|p1a: Hydreigon
|move|p1b: Whimsicott|Moonblast|p2a: Basculegion
|-damage|p2a: Basculegion|62/100
|move|p2b: Incineroar|Knock Off|p1b: Whimsicott
|-resisted|p1b: Whimsicott
|-crit|p1b: Whimsicott
|-damage|p1b: Whimsicott|0 fnt
|faint|p1b: Whimsicott
|
|-weather|SunnyDay|[upkeep]
|upkeep
|
|t:|1756993517
|switch|p1a: Ceruledge|Ceruledge, L50, M|100/100
|turn|6
|
|t:|1756993523
|switch|p2b: Pelipper|Pelipper, L50, M, shiny|26/100
|-weather|RainDance|[from] ability: Drizzle|[of] p2b: Pelipper
|move|p2a: Basculegion|Aqua Jet|p1a: Ceruledge
|-supereffective|p1a: Ceruledge
|-damage|p1a: Ceruledge|0 fnt
|faint|p1a: Ceruledge
|
|win|sparrow.d.ace
||AxolatiletheSecond is ready for game 3.
||sparrow.d.ace is ready for game 3.
|uhtml|next|Next: Game 3 of 3
|l|☆AxolatiletheSecond
|player|p1|
