|j|☆Koiizumi
|j|☆Cucaro macaro
|html|KoiizumiCucaro macaro    
|uhtml|bestof|Game 2 of a best-of-3
|t:|1784162030
|gametype|doubles
|player|p1|Koiizumi|170|1272
|player|p2|Cucaro macaro|giovanni|1242
|gen|9
|tier|[Gen 9 Champions] VGC 2026 Reg M-B (Bo3)
|rated|
|rule|Species Clause: Limit one of each Pokémon
|rule|Item Clause: Limit 1 of each item
|clearpoke
|poke|p1|Raichu, L50, M|
|poke|p1|Mamoswine, L50, M|
|poke|p1|Sylveon, L50, F|
|poke|p1|Incineroar, L50, M|
|poke|p1|Sinistcha, L50|
|poke|p1|Basculegion, L50, M|
|poke|p2|Alakazam, L50, F|
|poke|p2|Corviknight, L50, F|
|poke|p2|Meowscarada, L50, M|
|poke|p2|Sneasler, L50, M, shiny|
|poke|p2|Arcanine-Hisui, L50, F|
|poke|p2|Primarina, L50, M, shiny|
|teampreview|4
|showteam|p1|Raichu||RaichuniteY|Static|ZapCannon,FocusBlast,FakeOut,Protect|Timid||M|||50|]Mamoswine||LifeOrb|Oblivious|HighHorsepower,IcicleCrash,IceShard,Protect|Adamant||M|||50|]Sylveon||FairyFeather|Pixilate|HyperVoice,HyperBeam,Detect,Yawn|Modest||F|||50|]Incineroar||PasshoBerry|Intimidate|ThroatChop,FlareBlitz,FakeOut,PartingShot|Impish||M|||50|]Sinistcha||SitrusBerry|Hospitality|RagePowder,MatchaGotcha,TrickRoom,Protect|Relaxed|||||50|]Basculegion||ChoiceScarf|Adaptability|WaveCrash,LastRespects,AquaJet,FlipTurn|Jolly||M|||50|
|showteam|p2|Alakazam||Alakazite|InnerFocus|Psychic,NastyPlot,DazzlingGleam,Protect|Timid||F|||50|]Corviknight||Leftovers|Pressure|Tailwind,Protect,BraveBird,BodyPress|Impish||F|||50|]Meowscarada||FocusSash|Overgrow|Protect,FlowerTrick,KnockOff,SuckerPunch|Jolly||M|||50|]Sneasler||WhiteHerb|Unburden|Protect,QuickGuard,DireClaw,CloseCombat|Adamant||M|||50|]Arcanine-Hisui||ChopleBerry|Intimidate|ExtremeSpeed,FlareBlitz,RockSlide,Protect|Jolly||F|||50|]Primarina||BrightPowder|LiquidVoice|HyperVoice,Moonblast,Protect,Amnesia|Calm||M|||50|
|inactive|Battle timer is ON: inactive players will automatically lose when time's up. (requested by Cucaro macaro)
|
|t:|1784162071
|teamsize|p1|4
|teamsize|p2|4
|start
|switch|p1a: Raichu|Raichu, L50, M|100/100
|switch|p1b: Mamoswine|Mamoswine, L50, M|100/100
|switch|p2a: Meowscarada|Meowscarada, L50, M|100/100
|switch|p2b: Arcanine|Arcanine-Hisui, L50, F|100/100
|-ability|p2b: Arcanine|Intimidate|boost
|-unboost|p1a: Raichu|atk|1
|-fail|p1b: Mamoswine|unboost|Attack|[from] ability: Oblivious|[of] p1b: Mamoswine
|turn|1
|
|t:|1784162095
|detailschange|p1a: Raichu|Raichu-Mega-Y, L50, M
|-mega|p1a: Raichu|Raichu|Raichunite Y
|move|p2a: Meowscarada|Protect|p2a: Meowscarada
|-singleturn|p2a: Meowscarada|Protect
|move|p2b: Arcanine|Protect|p2b: Arcanine
|-singleturn|p2b: Arcanine|Protect
|move|p1a: Raichu|Fake Out|p2b: Arcanine
|-activate|p2b: Arcanine|move: Protect
|move|p1b: Mamoswine|Icicle Crash|p2a: Meowscarada
|-activate|p2a: Meowscarada|move: Protect
|
|upkeep
|turn|2
|
|t:|1784162112
|move|p1a: Raichu|Zap Cannon|p2b: Arcanine
|-damage|p2b: Arcanine|18/100
|-status|p2b: Arcanine|par
|move|p2a: Meowscarada|Flower Trick|p1b: Mamoswine
|-supereffective|p1b: Mamoswine|1
|-crit|p1b: Mamoswine
|-damage|p1b: Mamoswine|0 fnt
|faint|p1b: Mamoswine
|move|p2b: Arcanine|Flare Blitz|p1a: Raichu
|-damage|p1a: Raichu|0 fnt
|faint|p1a: Raichu
|-damage|p2b: Arcanine|0 fnt|[from] Recoil
|faint|p2b: Arcanine
|
|upkeep
|-message|Koiizumi forfeited.
|
|win|Cucaro macaro
