|j|☆Descugi
|j|☆IndianCrackCoffee
|html|DescugiIndianCrackCoffee    
|uhtml|bestof|Game 1 of a best-of-3
|t:|1756484648
|gametype|doubles
|player|p1|Descugi|101|1080
|player|p2|IndianCrackCoffee|brendan-masters|1045
|gen|9
|tier|[Gen 9] VGC 2025 Reg H (Bo3)
|rated|
|rule|Species Clause: Limit one of each Pokémon
|rule|Item Clause: Limit 1 of each item
|clearpoke
|poke|p1|Maushold-Four, L50|
|poke|p1|Annihilape, L50, F|
|poke|p1|Gholdengo, L50|
|poke|p1|Dragonite, L50, M|
|poke|p1|Garchomp, L50, M|
|poke|p1|Incineroar, L50, F|
|poke|p2|Dragonite, L50, F|
|poke|p2|Ursaluna-Bloodmoon, L50, M|
|poke|p2|Archaludon, L50, M|
|poke|p2|Whimsicott, L50, M|
|poke|p2|Gholdengo, L50|
|poke|p2|Incineroar, L50, M|
|teampreview|4
|showteam|p1|Maushold-Four||WideLens|Technician|FollowMe,PopulationBomb,Protect,BeatUp||||||50|,,,,,Ghost]Annihilape||SafetyGoggles|Defiant|RageFist,DrainPunch,Protect,BulkUp|||F|||50|,,,,,Fire]Gholdengo||LifeOrb|GoodasGold|MakeItRain,ShadowBall,Protect,NastyPlot||||||50|,,,,,Water]Dragonite||LoadedDice|Multiscale|ScaleShot,Tailwind,Protect,Haze|||M|||50|,,,,,Fairy]Garchomp||ClearAmulet|RoughSkin|StompingTantrum,Earthquake,Protect,DragonClaw|||M|||50|,,,,,Ground]Incineroar||SitrusBerry|Intimidate|FlareBlitz,KnockOff,FakeOut,PartingShot|||F|||50|,,,,,Grass
|showteam|p2|Dragonite||LoadedDice|Multiscale|ScaleShot,ExtremeSpeed,IceSpinner,Protect|||F|||50|,,,,,Fairy]Ursaluna-Bloodmoon||AssaultVest|MindsEye|BloodMoon,HyperVoice,EarthPower,VacuumWave|||M|||50|,,,,,Water]Archaludon||PowerHerb|Sturdy|ElectroShot,FlashCannon,DracoMeteor,Protect|||M|||50|,,,,,Stellar]Whimsicott||CovertCloak|Prankster|FakeTears,Tailwind,Encore,Moonblast|||M|||50|,,,,,Poison]Gholdengo||ChoiceSpecs|GoodasGold|MakeItRain,ShadowBall,PowerGem,SteelBeam||||||50|,,,,,Steel]Incineroar||MirrorHerb|Intimidate|FakeOut,PartingShot,KnockOff,FlareBlitz|||M|||50|,,,,,Ghost
|
|t:|1756484773
|teamsize|p1|4
|teamsize|p2|4
|start
|switch|p1a: Dragonite|Dragonite, L50, M|100/100
|switch|p1b: Gholdengo|Gholdengo, L50|100/100
|switch|p2a: Whimsicott|Whimsicott, L50, M|100/100
|switch|p2b: Gholdengo|Gholdengo, L50|100/100
|turn|1
|
|t:|1756484800
|-terastallize|p2b: Gholdengo|Steel
|move|p1b: Gholdengo|Protect|p1b: Gholdengo
|-singleturn|p1b: Gholdengo|Protect
|move|p2a: Whimsicott|Tailwind|p2a: Whimsicott
|-sidestart|p2: IndianCrackCoffee|move: Tailwind
|move|p2b: Gholdengo|Make It Rain|p1b: Gholdengo|[spread] p1a
|-activate|p1b: Gholdengo|move: Protect
|-damage|p1a: Dragonite|49/100
|-unboost|p2b: Gholdengo|spa|1
|move|p1a: Dragonite|Tailwind|p1a: Dragonite
|-sidestart|p1: Descugi|move: Tailwind
|
|upkeep
|turn|2
|
|t:|1756484829
|switch|p2a: Incineroar|Incineroar, L50, M|100/100
|-ability|p2a: Incineroar|Intimidate|boost
|-unboost|p1a: Dragonite|atk|1
|-unboost|p1b: Gholdengo|atk|1
|move|p1b: Gholdengo|Nasty Plot|p1b: Gholdengo
|-boost|p1b: Gholdengo|spa|2
|-enditem|p2a: Incineroar|Mirror Herb
|-boost|p2a: Incineroar|spa|2|[from] item: Mirror Herb
|move|p2b: Gholdengo|Make It Rain|p1a: Dragonite|[spread] p1a,p1b
|-resisted|p1b: Gholdengo
|-damage|p1a: Dragonite|0 fnt
|-damage|p1b: Gholdengo|63/100
|-unboost|p2b: Gholdengo|spa|1
|faint|p1a: Dragonite
|
|upkeep
|
|t:|1756484843
|switch|p1a: Garchomp|Garchomp, L50, M|100/100
|turn|3
|
|t:|1756484859
|move|p1b: Gholdengo|Protect|p1b: Gholdengo
|-singleturn|p1b: Gholdengo|Protect
|move|p2a: Incineroar|Fake Out|p1a: Garchomp
|-damage|p1a: Garchomp|87/100
|-damage|p2a: Incineroar|88/100|[from] ability: Rough Skin|[of] p1a: Garchomp
|cant|p1a: Garchomp|flinch
|move|p2b: Gholdengo|Make It Rain|p1b: Gholdengo|[spread] p1a
|-activate|p1b: Gholdengo|move: Protect
|-damage|p1a: Garchomp|34/100
|-unboost|p2b: Gholdengo|spa|1
|
|upkeep
|turn|4
|
|t:|1756484895
|switch|p2b: Archaludon|Archaludon, L50, M|100/100
|-terastallize|p1b: Gholdengo|Water
|move|p1a: Garchomp|Earthquake|p2b: Archaludon|[spread] p1b,p2a,p2b
|-supereffective|p2a: Incineroar
|-supereffective|p2b: Archaludon
|-damage|p1b: Gholdengo|20/100
|-damage|p2a: Incineroar|24/100
|-damage|p2b: Archaludon|31/100
|move|p1b: Gholdengo|Shadow Ball|p2b: Archaludon
|-damage|p2b: Archaludon|0 fnt
|faint|p2b: Archaludon
|-damage|p1b: Gholdengo|11/100|[from] item: Life Orb
|move|p2a: Incineroar|Flare Blitz|p1b: Gholdengo
|-resisted|p1b: Gholdengo
|-damage|p1b: Gholdengo|0 fnt
|faint|p1b: Gholdengo
|-damage|p2a: Incineroar|21/100|[from] Recoil
|
|-sideend|p1: Descugi|move: Tailwind
|-sideend|p2: IndianCrackCoffee|move: Tailwind
|upkeep
|
|t:|1756484915
|switch|p2b: Whimsicott|Whimsicott, L50, M|100/100
|switch|p1b: Maushold|Maushold-Four, L50|100/100
|turn|5
|
|t:|1756484927
|move|p2b: Whimsicott|Tailwind|p2b: Whimsicott
|-sidestart|p2: IndianCrackCoffee|move: Tailwind
|move|p2a: Incineroar|Knock Off|p1a: Garchomp
|-damage|p1a: Garchomp|0 fnt
|-damage|p2a: Incineroar|9/100|[from] ability: Rough Skin|[of] p1a: Garchomp
|-enditem|p1a: Garchomp|Clear Amulet|[from] move: Knock Off|[of] p2a: Incineroar
|faint|p1a: Garchomp
|move|p1b: Maushold|Population Bomb|p2b: Whimsicott
|-damage|p2b: Whimsicott|85/100
|-damage|p2b: Whimsicott|72/100
|-damage|p2b: Whimsicott|58/100
|-damage|p2b: Whimsicott|42/100
|-damage|p2b: Whimsicott|29/100
|-damage|p2b: Whimsicott|14/100
|-damage|p2b: Whimsicott|0 fnt
|faint|p2b: Whimsicott
|-hitcount|p2: Whimsicott|7
|
|upkeep
|
|t:|1756484944
|switch|p2b: Gholdengo|Gholdengo, L50, tera:Steel|100/100
|turn|6
|
|t:|1756484956
|move|p1b: Maushold|Protect|p1b: Maushold
|-singleturn|p1b: Maushold|Protect
|move|p2b: Gholdengo|Make It Rain|p1b: Maushold
|-activate|p1b: Maushold|move: Protect
|move|p2a: Incineroar|Knock Off|p1b: Maushold
|-activate|p1b: Maushold|move: Protect
|
|upkeep
|turn|7
|
|t:|1756484968
|move|p2b: Gholdengo|Make It Rain|p1b: Maushold
|-damage|p1b: Maushold|0 fnt
|-unboost|p2b: Gholdengo|spa|1
|faint|p1b: Maushold
|
|win|IndianCrackCoffee
||Descugi is ready for game 2.
|inactive|IndianCrackCoffee has 30 seconds to confirm battle start!
