|j|☆pardogance
|j|☆dandetheheartless
|html|pardogancedandetheheartless    
|uhtml|bestof|Game 1 of a best-of-3
|t:|1782761387
|gametype|doubles
|player|p1|pardogance|janitor|1413
|player|p2|dandetheheartless|winona|1469
|gen|9
|tier|[Gen 9 Champions] VGC 2026 Reg M-B (Bo3)
|rated|
|rule|Species Clause: Limit one of each Pokémon
|rule|Item Clause: Limit 1 of each item
|clearpoke
|poke|p1|Kingambit, L50, M|
|poke|p1|Floette-Eternal, L50, F|
|poke|p1|Sneasler, L50, M|
|poke|p1|Incineroar, L50, M|
|poke|p1|Garchomp, L50, M|
|poke|p1|Sinistcha, L50|
|poke|p2|Raichu, L50, F|
|poke|p2|Gholdengo, L50|
|poke|p2|Basculegion, L50, M|
|poke|p2|Whimsicott, L50, F|
|poke|p2|Incineroar, L50, F|
|poke|p2|Ninetales-Alola, L50, M|
|teampreview|4
|showteam|p1|Kingambit||ChopleBerry|Defiant|KowtowCleave,Protect,SuckerPunch,IronHead|Adamant||M|||50|]Floette-Eternal||Floettite|FlowerVeil|DazzlingGleam,DrainingKiss,Protect,CalmMind|Timid||F|||50|]Sneasler||FocusSash|Unburden|FakeOut,DireClaw,CloseCombat,Coaching|Jolly||M|||50|]Incineroar||Leftovers|Intimidate|FakeOut,FlareBlitz,PartingShot,HelpingHand|Sassy||M|||50|]Garchomp||Garchompite|RoughSkin|Earthquake,StompingTantrum,RockSlide,Protect|Adamant||M|||50|]Sinistcha||SitrusBerry|Hospitality|MatchaGotcha,Protect,TrickRoom,RagePowder|Bold|||||50|
|showteam|p2|Raichu||RaichuniteY|LightningRod|ZapCannon,FocusBlast,FakeOut,Protect|Timid||F|||50|]Gholdengo||LifeOrb|GoodasGold|MakeItRain,ShadowBall,NastyPlot,Protect|Modest|||||50|]Basculegion||MysticWater|Adaptability|AquaJet,WaveCrash,LastRespects,Protect|Adamant||M|||50|]Whimsicott||FocusSash|Prankster|Moonblast,Tailwind,Encore,Protect|Timid||F|||50|]Incineroar||SitrusBerry|Intimidate|FakeOut,PartingShot,ThroatChop,FlareBlitz|Impish||F|||50|]Ninetales-Alola||NeverMeltIce|SnowWarning|Blizzard,AuroraVeil,FreezeDry,Protect|Timid||M|||50|
|inactive|Battle timer is ON: inactive players will automatically lose when time's up. (requested by dandetheheartless)
|inactive|pardogance also wants the timer to be on.
|c|☆pardogance|viva la figa
|c|☆pardogance|e chi la castiga
|inactive|pardogance has 60 seconds left.
|inactive|dandetheheartless has 60 seconds left.
|
|t:|1782761435
|teamsize|p1|4
|teamsize|p2|4
|start
|switch|p1a: Kingambit|Kingambit, L50, M|100/100
|switch|p1b: Sneasler|Sneasler, L50, M|100/100
|switch|p2a: Rai Y|Raichu, L50, F|100/100
|switch|p2b: Ice Cold|Ninetales-Alola, L50, M|100/100
|-weather|Snowscape|[from] ability: Snow Warning|[of] p2b: Ice Cold
|turn|1
|
|t:|1782761454
|detailschange|p2a: Rai Y|Raichu-Mega-Y, L50, F
|-mega|p2a: Rai Y|Raichu|Raichunite Y
|move|p1a: Kingambit|Sucker Punch|p2a: Rai Y
|-damage|p2a: Rai Y|38/100
|move|p2a: Rai Y|Focus Blast|p1a: Kingambit
|-supereffective|p1a: Kingambit|2
|-enditem|p1a: Kingambit|Chople Berry|[eat]
|-enditem|p1a: Kingambit|Chople Berry|[weaken]
|-damage|p1a: Kingambit|23/100
|move|p1b: Sneasler|Close Combat|p2a: Rai Y
|-damage|p2a: Rai Y|0 fnt
|-unboost|p1b: Sneasler|def|1
|-unboost|p1b: Sneasler|spd|1
|faint|p2a: Rai Y
|move|p2b: Ice Cold|Blizzard|p1a: Kingambit|[spread] p1a,p1b
|-resisted|p1a: Kingambit|1
|-damage|p1a: Kingambit|8/100
|-damage|p1b: Sneasler|16/100
|-status|p1a: Kingambit|frz
|
|-weather|Snowscape|[upkeep]
|upkeep
|
|t:|1782761465
|switch|p2a: Basculegion|Basculegion, L50, M|100/100
|turn|2
|
|t:|1782761472
|move|p2a: Basculegion|Aqua Jet|p1b: Sneasler
|-damage|p1b: Sneasler|0 fnt
|faint|p1b: Sneasler
|move|p2b: Ice Cold|Aurora Veil|p2b: Ice Cold
|-sidestart|p2: dandetheheartless|move: Aurora Veil
|cant|p1a: Kingambit|frz
|
|-weather|Snowscape|[upkeep]
|upkeep
|c|☆pardogance|porco dio
|-message|pardogance forfeited.
|
|win|dandetheheartless
