|j|☆Uncreative7452
|j|☆patrickthisisnt
|html|Uncreative7452patrickthisisnt    
|uhtml|bestof|Game 2 of a best-of-3
|t:|1756524552
|gametype|doubles
|player|p1|Uncreative7452|tuber|1086
|player|p2|patrickthisisnt|youngster-gen4dp|1094
|gen|9
|tier|[Gen 9] VGC 2025 Reg H (Bo3)
|rated|
|rule|Species Clause: Limit one of each Pokémon
|rule|Item Clause: Limit 1 of each item
|clearpoke
|poke|p1|Porygon2, L50|
|poke|p1|Reuniclus, L50, F|
|poke|p1|Alcremie, L50, F|
|poke|p1|Chesnaught, L50, M|
|poke|p1|Kingambit, L50, F|
|poke|p1|Indeedee, L50, M|
|poke|p2|Jumpluff, L50, F|
|poke|p2|Heracross, L50, M|
|poke|p2|Torkoal, L50, F|
|poke|p2|Charizard, L50, M|
|poke|p2|Ursaluna-Bloodmoon, L50, M|
|poke|p2|Oranguru, L50, M|
|teampreview|4
|showteam|p1|Porygon2||Eviolite|Download|IceBeam,TeraBlast,TrickRoom,Recover||||||50|,,,,,Fighting]Reuniclus||CovertCloak|Overcoat|ExpandingForce,ShadowBall,TrickRoom,Protect|||F|||50|,,,,,Dark]Alcremie||RoomService|AromaVeil|AlluringVoice,Decorate,Protect,HelpingHand|||F|||50|,,,,,Steel]Chesnaught||PsychicSeed|Bulletproof|LeechSeed,WideGuard,BodyPress,SpikyShield|||M|||50|,,,,,Steel]Kingambit||AssaultVest|Defiant|IronHead,SuckerPunch,TeraBlast,KowtowCleave|||F|||50|,,,,,Flying]Indeedee||FocusSash|PsychicSurge|ExpandingForce,DazzlingGleam,Protect,TrickRoom|||M|||50|,,,,,Psychic
|showteam|p2|Jumpluff||FocusSash|Chlorophyll|SleepPowder,Tailwind,SunnyDay,Acrobatics|||F|||50|,,,,,Ghost]Heracross||FlameOrb|Guts|Trailblaze,CloseCombat,Protect,HighHorsepower|||M|||50|,,,,,Grass]Torkoal||EjectPack|Drought|EarthPower,HeatWave,Eruption,Overheat|||F|||50|,,,,,Fire]Charizard||ChoiceSpecs|SolarPower|HeatWave,WeatherBall,AirSlash,AirCutter|||M|||50|,,,,,Fire]Ursaluna-Bloodmoon||LifeOrb|MindsEye|Protect,HyperVoice,BloodMoon,EarthPower|||M|||50|,,,,,Ghost]Oranguru||MentalHerb|InnerFocus|TrickRoom,Instruct,Psychic,Taunt|||M|||50|,,,,,Water
|inactive|Battle timer is ON: inactive players will automatically lose when time's up. (requested by patrickthisisnt)
|
|t:|1756524580
|teamsize|p1|4
|teamsize|p2|4
|start
|switch|p1a: Reuniclus|Reuniclus, L50, F|100/100
|switch|p1b: Indeedee|Indeedee, L50, M|100/100
|switch|p2a: Jumpluff|Jumpluff, L50, F|100/100
|switch|p2b: Charizard|Charizard, L50, M|100/100
|-fieldstart|move: Psychic Terrain|[from] ability: Psychic Surge|[of] p1b: Indeedee
|turn|1
|
|t:|1756524601
|-terastallize|p2b: Charizard|Fire
|move|p1b: Indeedee|Protect|p1b: Indeedee
|-singleturn|p1b: Indeedee|Protect
|move|p2a: Jumpluff|Acrobatics|p1b: Indeedee
|-activate|p1b: Indeedee|move: Protect
|move|p2b: Charizard|Heat Wave|p1b: Indeedee|[spread] 
|-activate|p1b: Indeedee|move: Protect
|-miss|p2b: Charizard|p1a: Reuniclus
|move|p1a: Reuniclus|Trick Room|p1a: Reuniclus
|-fieldstart|move: Trick Room|[of] p1a: Reuniclus
|
|upkeep
|turn|2
|
|t:|1756524614
|move|p1a: Reuniclus|Expanding Force|p2b: Charizard|[spread] p2a,p2b
|-damage|p2a: Jumpluff|34/100
|-damage|p2b: Charizard|32/100
|move|p1b: Indeedee|Expanding Force|p2b: Charizard|[spread] p2a,p2b
|-damage|p2a: Jumpluff|0 fnt
|-damage|p2b: Charizard|0 fnt
|faint|p2a: Jumpluff
|faint|p2b: Charizard
|
|upkeep
|
|t:|1756524619
|switch|p2b: Heracross|Heracross, L50, M|100/100
|switch|p2a: Torkoal|Torkoal, L50, F|100/100
|-weather|SunnyDay|[from] ability: Drought|[of] p2a: Torkoal
|turn|3
|
|t:|1756524632
|move|p2a: Torkoal|Eruption|p1a: Reuniclus|[spread] p1a,p1b
|-damage|p1a: Reuniclus|56/100
|-damage|p1b: Indeedee|41/100
|move|p1a: Reuniclus|Expanding Force|p2b: Heracross|[spread] p2a,p2b
|-supereffective|p2b: Heracross
|-damage|p2a: Torkoal|43/100
|-damage|p2b: Heracross|0 fnt
|faint|p2b: Heracross
|move|p1b: Indeedee|Expanding Force|p2a: Torkoal
|-damage|p2a: Torkoal|0 fnt
|faint|p2a: Torkoal
|
|win|Uncreative7452
|raw|Uncreative7452's rating: 1086 → 1114(+28 for winning)
|raw|patrickthisisnt's rating: 1094 → 1069(-25 for losing)
