|j|☆TrevenantHugger
|j|☆Tractie
|html|TrevenantHuggerTractie    
|uhtml|bestof|Game 2 of a best-of-3
|t:|1757081953
|gametype|doubles
|player|p1|TrevenantHugger|swimmer-gen4dp|1270
|player|p2|Tractie|265|1368
|gen|9
|tier|[Gen 9] VGC 2025 Reg H (Bo3)
|rated|
|rule|Species Clause: Limit one of each Pokémon
|rule|Item Clause: Limit 1 of each item
|clearpoke
|poke|p1|Electabuzz, L50, F|
|poke|p1|Incineroar, L50, M|
|poke|p1|Rillaboom, L50, M|
|poke|p1|Annihilape, L50, M|
|poke|p1|Sneasler, L50, F|
|poke|p1|Primarina, L50, F|
|poke|p2|Gothitelle, L50, F|
|poke|p2|Dondozo, L50, F|
|poke|p2|Kingambit, L50, M|
|poke|p2|Incineroar, L50, M|
|poke|p2|Amoonguss, L50, M|
|poke|p2|Zoroark-Hisui, L50, M|
|teampreview|4
|showteam|p1|Electabuzz||Eviolite|VitalSpirit|VoltSwitch,Taunt,Electroweb,FollowMe|||F|||50|,,,,,Ghost]Incineroar||SafetyGoggles|Intimidate|FakeOut,PartingShot,FlareBlitz,KnockOff|||M|||50|,,,,,Grass]Rillaboom||AssaultVest|GrassySurge|GrassyGlide,FakeOut,DrumBeating,Uturn|||M|||50|,,,,,Fire]Annihilape||Leftovers|Defiant|DrainPunch,RageFist,Protect,BulkUp|||M|||50|,,,,,Fire]Sneasler||FocusSash|Unburden|CloseCombat,Protect,FakeOut,DireClaw|||F|||50|,,,,,Ghost]Primarina||SitrusBerry|LiquidVoice|Protect,HyperVoice,Moonblast,CalmMind|||F|||50|,,,,,Poison
|showteam|p2|Gothitelle||SitrusBerry|ShadowTag|FakeOut,Psychic,TrickRoom,Protect|||F|||50|,,,,,Water]Dondozo||Leftovers|Unaware|WaveCrash,BodyPress,Yawn,Protect|||F|||50|,,,,,Electric]Kingambit||BlackGlasses|Defiant|SuckerPunch,KowtowCleave,SwordsDance,Protect|||M|||50|,,,,,Dark]Incineroar||SafetyGoggles|Intimidate|FakeOut,FlareBlitz,KnockOff,PartingShot|||M|||50|,,,,,Ghost]Amoonguss||RockyHelmet|Regenerator|Spore,RagePowder,PollenPuff,Protect|||M|||50|,,,,,Fairy]Zoroark-Hisui||LifeOrb|Illusion|ShadowBall,TeraBlast,FocusBlast,Protect|||M|||50|,,,,,Stellar
|inactive|Battle timer is ON: inactive players will automatically lose when time's up. (requested by TrevenantHugger)
|inactive|Tractie also wants the timer to be on.
|inactive|Tractie has 60 seconds left.
|
|t:|1757082009
|teamsize|p1|4
|teamsize|p2|4
|start
|switch|p1a: Annihilape|Annihilape, L50, M|100/100
|switch|p1b: Rillaboom|Rillaboom, L50, M|100/100
|switch|p2a: Gothitelle|Gothitelle, L50, F|100/100
|switch|p2b: Incineroar|Incineroar, L50, M|100/100
|-fieldstart|move: Grassy Terrain|[from] ability: Grassy Surge|[of] p1b: Rillaboom
|turn|1
|inactive|TrevenantHugger has 30 seconds left.
|inactive|Tractie has 30 seconds left.
|inactive|Tractie has 20 seconds left.
|
|t:|1757082047
|move|p1a: Annihilape|Protect|p1a: Annihilape
|-singleturn|p1a: Annihilape|Protect
|move|p2a: Gothitelle|Fake Out|p1b: Rillaboom
|-damage|p1b: Rillaboom|95/100
|move|p2b: Incineroar|Shadow Ball|p1b: Rillaboom
|-crit|p1b: Rillaboom
|-damage|p1b: Rillaboom|42/100
|-unboost|p1b: Rillaboom|spd|1
|-damage|p2b: Incineroar|91/100|[from] item: Life Orb
|cant|p1b: Rillaboom|flinch
|
|-heal|p2b: Incineroar|97/100|[from] Grassy Terrain
|-heal|p1b: Rillaboom|48/100|[from] Grassy Terrain
|upkeep
|turn|2
|inactive|Tractie has 30 seconds left.
|inactive|Tractie has 20 seconds left.
|inactive|Tractie has 15 seconds left.
|inactive|Tractie has 10 seconds left.
|inactive|Tractie has 5 seconds left.
|
|t:|1757082099
|switch|p1a: Incineroar|Incineroar, L50, M|100/100
|-ability|p1a: Incineroar|Intimidate|boost
|-unboost|p2a: Gothitelle|atk|1
|-unboost|p2b: Incineroar|atk|1
|-terastallize|p2b: Incineroar|Stellar
|move|p2b: Incineroar|Shadow Ball|p1a: Incineroar
|-resisted|p1a: Incineroar
|-damage|p1a: Incineroar|72/100
|-damage|p2b: Incineroar|87/100|[from] item: Life Orb
|move|p1b: Rillaboom|Drum Beating|p2b: Incineroar
|-damage|p2b: Incineroar|0 fnt
|replace|p2b: Zoroark|Zoroark-Hisui, L50, M
|-end|p2b: Zoroark|Illusion
|faint|p2b: Zoroark
|move|p2a: Gothitelle|Psychic|p1a: Incineroar
|-immune|p1a: Incineroar
|
|-heal|p1b: Rillaboom|54/100|[from] Grassy Terrain
|-heal|p1a: Incineroar|78/100|[from] Grassy Terrain
|upkeep
|
|t:|1757082118
|switch|p2b: Dondozo|Dondozo, L50, F|100/100
|turn|3
|inactive|Tractie has 30 seconds left.
|inactive|Tractie has 20 seconds left.
|
|t:|1757082154
|switch|p2b: Incineroar|Incineroar, L50, M|100/100
|-ability|p2b: Incineroar|Intimidate|boost
|-unboost|p1a: Incineroar|atk|1
|-unboost|p1b: Rillaboom|atk|1
|-terastallize|p1a: Incineroar|Grass
|move|p1b: Rillaboom|U-turn|p2a: Gothitelle
|-supereffective|p2a: Gothitelle
|-damage|p2a: Gothitelle|71/100
|
|t:|1757082162
|switch|p1b: Annihilape|Annihilape, L50, M|100/100|[from] U-turn
|move|p2a: Gothitelle|Psychic|p1b: Annihilape
|-supereffective|p1b: Annihilape
|-damage|p1b: Annihilape|50/100
|-unboost|p1b: Annihilape|spd|1
|-ability|p1b: Annihilape|Defiant|boost
|-boost|p1b: Annihilape|atk|2
|move|p1a: Incineroar|Knock Off|p2a: Gothitelle
|-supereffective|p2a: Gothitelle
|-damage|p2a: Gothitelle|23/100
|-enditem|p2a: Gothitelle|Sitrus Berry|[from] move: Knock Off|[of] p1a: Incineroar
|
|-heal|p1b: Annihilape|56/100|[from] Grassy Terrain
|-heal|p1b: Annihilape|62/100|[from] item: Leftovers
|-heal|p2a: Gothitelle|29/100|[from] Grassy Terrain
|-heal|p1a: Incineroar|84/100|[from] Grassy Terrain
|upkeep
|turn|4
|inactive|Tractie has 30 seconds left.
|
|t:|1757082193
|move|p1b: Annihilape|Rage Fist|p2a: Gothitelle
|-supereffective|p2a: Gothitelle
|-damage|p2a: Gothitelle|0 fnt
|faint|p2a: Gothitelle
|move|p2b: Incineroar|Flare Blitz|p1a: Incineroar
|-supereffective|p1a: Incineroar
|-damage|p1a: Incineroar|7/100
|-damage|p2b: Incineroar|75/100|[from] Recoil
|move|p1a: Incineroar|Parting Shot|p2b: Incineroar
|-unboost|p2b: Incineroar|atk|1
|-unboost|p2b: Incineroar|spa|1
|-message|Tractie forfeited.
|
|win|TrevenantHugger
|raw|TrevenantHugger's rating: 1270 → 1302(+32 for winning)
|raw|Tractie's rating: 1368 → 1343(-25 for losing)
|l|☆TrevenantHugger
|player|p1|
