|j|☆MalchirVGC
|j|☆leafeon03
|html|MalchirVGCleafeon03    
|uhtml|bestof|Game 2 of a best-of-3
|t:|1784041299
|gametype|doubles
|player|p1|MalchirVGC|pokemonbreeder|1182
|player|p2|leafeon03|erika|1128
|gen|9
|tier|[Gen 9 Champions] VGC 2026 Reg M-B (Bo3)
|rated|
|rule|Species Clause: Limit one of each Pokémon
|rule|Item Clause: Limit 1 of each item
|clearpoke
|poke|p1|Charizard, L50, F|
|poke|p1|Basculegion, L50, M|
|poke|p1|Venusaur, L50, M|
|poke|p1|Grimmsnarl, L50, M|
|poke|p1|Pelipper, L50, F|
|poke|p1|Archaludon, L50, M|
|poke|p2|Garchomp, L50, M, shiny|
|poke|p2|Venusaur, L50, M|
|poke|p2|Incineroar, L50, F|
|poke|p2|Charizard, L50, F, shiny|
|poke|p2|Toxapex, L50, F|
|poke|p2|Annihilape, L50, M|
|teampreview|4
|showteam|p1|Charizard||CharizarditeY|Blaze|Protect,HeatWave,WeatherBall,SolarBeam|Timid||F|||50|]Basculegion||ChoiceScarf|Adaptability|FlipTurn,WaveCrash,AquaJet,LastRespects|Jolly||M|||50|]Venusaur||FocusSash|Chlorophyll|Protect,SleepPowder,SludgeBomb,EarthPower|Modest||M|||50|]Grimmsnarl||LightClay|Prankster|SpiritBreak,PartingShot,Reflect,LightScreen|Careful||M|||50|]Pelipper||SitrusBerry|Drizzle|Hurricane,WideGuard,Tailwind,WeatherBall|Modest||F|||50|]Archaludon||Leftovers|Stamina|ElectroShot,DragonPulse,FlashCannon,Protect|Modest||M|||50|
|showteam|p2|Garchomp||ChoiceScarf|RoughSkin|Earthquake,RockSlide,DragonClaw,StompingTantrum|Adamant||M|||50|]Venusaur||LifeOrb|Chlorophyll|SludgeBomb,SolarBeam,EarthPower,Protect|Modest||M|||50|]Incineroar||SitrusBerry|Intimidate|FakeOut,FlareBlitz,ThroatChop,PartingShot|Impish||F|||50|]Charizard||CharizarditeY|Blaze|HeatWave,WeatherBall,Protect,HelpingHand|Modest||F|||50|]Toxapex||Leftovers|Regenerator|Infestation,Toxic,WideGuard,BanefulBunker|Impish||F|||50|]Annihilape||FocusSash|Defiant|CloseCombat,PhantomForce,RockTomb,Protect|Jolly||M|||50|
|inactive|Battle timer is ON: inactive players will automatically lose when time's up. (requested by leafeon03)
|
|t:|1784041369
|teamsize|p1|4
|teamsize|p2|4
|start
|switch|p1a: Pelipper|Pelipper, L50, F|100/100
|switch|p1b: Grimmsnarl|Grimmsnarl, L50, M|100/100
|switch|p2a: Charizard|Charizard, L50, F, shiny|100/100
|switch|p2b: Garchomp|Garchomp, L50, M, shiny|100/100
|-weather|RainDance|[from] ability: Drizzle|[of] p1a: Pelipper
|turn|1
|inactive|MalchirVGC has 30 seconds left.
|inactive|leafeon03 has 30 seconds left.
|inactive|MalchirVGC has 20 seconds left.
|inactive|leafeon03 has 20 seconds left.
|inactive|MalchirVGC has 15 seconds left.
|inactive|leafeon03 has 15 seconds left.
|inactive|MalchirVGC has 10 seconds left.
|inactive|leafeon03 has 10 seconds left.
|inactive|MalchirVGC has 5 seconds left.
|inactive|leafeon03 has 5 seconds left.
|
|t:|1784041422
|move|p1a: Pelipper|Wide Guard|p1a: Pelipper
|-singleturn|p1a: Pelipper|Wide Guard
|move|p1b: Grimmsnarl|Parting Shot|p2a: Charizard
|-unboost|p2a: Charizard|atk|1
|-unboost|p2a: Charizard|spa|1
|
|t:|1784041439
|switch|p1b: Basculegion|Basculegion, L50, M|100/100|[from] Parting Shot
|move|p2b: Garchomp|Earthquake|p1a: Pelipper|[spread] 
|-activate|p1a: Pelipper|move: Wide Guard
|-activate|p1b: Basculegion|move: Wide Guard
|-immune|p2a: Charizard
|move|p2a: Charizard|Weather Ball|p1a: Pelipper
|-resisted|p1a: Pelipper|1
|-damage|p1a: Pelipper|82/100
|
|-weather|RainDance|[upkeep]
|upkeep
|turn|2
|inactive|MalchirVGC has 30 seconds left.
|inactive|leafeon03 has 30 seconds left.
|inactive|MalchirVGC has 20 seconds left.
|inactive|MalchirVGC has 15 seconds left.
|inactive|MalchirVGC has 10 seconds left.
|inactive|MalchirVGC has 5 seconds left.
|
|t:|1784041494
|detailschange|p2a: Charizard|Charizard-Mega-Y, L50, F, shiny
|-mega|p2a: Charizard|Charizard|Charizardite Y
|-weather|SunnyDay|[from] ability: Drought|[of] p2a: Charizard
|move|p2a: Charizard|Protect|p2a: Charizard
|-singleturn|p2a: Charizard|Protect
|move|p2b: Garchomp|Earthquake|p1a: Pelipper|[spread] p1b
|-activate|p2a: Charizard|move: Protect
|-immune|p1a: Pelipper
|-damage|p1b: Basculegion|46/100
|move|p1b: Basculegion|Flip Turn|p2b: Garchomp
|-damage|p2b: Garchomp|81/100
|-damage|p1b: Basculegion|34/100|[from] ability: Rough Skin|[of] p2b: Garchomp
|
|t:|1784041511
|switch|p1b: Grimmsnarl|Grimmsnarl, L50, M|100/100|[from] Flip Turn
|move|p1a: Pelipper|Hurricane|p2a: Charizard
|-activate|p2a: Charizard|move: Protect
|
|-weather|SunnyDay|[upkeep]
|upkeep
|turn|3
|inactive|MalchirVGC has 30 seconds left.
|inactive|MalchirVGC has 20 seconds left.
|
|t:|1784041547
|switch|p2b: Annihilape|Annihilape, L50, M|100/100
|switch|p2a: Venusaur|Venusaur, L50, M|100/100
|move|p1a: Pelipper|Wide Guard|p1a: Pelipper
|-singleturn|p1a: Pelipper|Wide Guard
|move|p1b: Grimmsnarl|Parting Shot|p2b: Annihilape
|-unboost|p2b: Annihilape|atk|1
|-ability|p2b: Annihilape|Defiant|boost
|-boost|p2b: Annihilape|atk|2
|-unboost|p2b: Annihilape|spa|1
|-ability|p2b: Annihilape|Defiant|boost
|-boost|p2b: Annihilape|atk|2
|
|t:|1784041564
|switch|p1b: Basculegion|Basculegion, L50, M|34/100|[from] Parting Shot
|
|-weather|SunnyDay|[upkeep]
|upkeep
|turn|4
|inactive|leafeon03 has 30 seconds left.
|
|t:|1784041596
|move|p2a: Venusaur|Solar Beam||[still]
|-prepare|p2a: Venusaur|Solar Beam
|-anim|p2a: Venusaur|Solar Beam|p1b: Basculegion
|-supereffective|p1b: Basculegion|1
|-damage|p1b: Basculegion|0 fnt
|faint|p1b: Basculegion
|-damage|p2a: Venusaur|90/100|[from] item: Life Orb
|move|p2b: Annihilape|Rock Tomb|p1a: Pelipper
|-supereffective|p1a: Pelipper|1
|-damage|p1a: Pelipper|0 fnt
|faint|p1a: Pelipper
|
|-weather|SunnyDay|[upkeep]
|upkeep
|-message|MalchirVGC forfeited.
|
|win|leafeon03
|raw|MalchirVGC's rating: 1182 → 1153(-29 for losing)
|raw|leafeon03's rating: 1128 → 1157(+29 for winning)
|l|☆MalchirVGC
|player|p1|
