|j|☆BlackStag52
|j|☆MiniBerg10
|html|BlackStag52MiniBerg10    
|uhtml|bestof|Game 1 of a best-of-3
|t:|1756299782
|gametype|doubles
|player|p1|BlackStag52|battlegirl-gen4|1051
|player|p2|MiniBerg10|lucas-gen4pt|1081
|gen|9
|tier|[Gen 9] VGC 2025 Reg H (Bo3)
|rated|
|rule|Species Clause: Limit one of each Pokémon
|rule|Item Clause: Limit 1 of each item
|clearpoke
|poke|p1|Kingambit, L50, F|
|poke|p1|Gallade, L50, M|
|poke|p1|Indeedee-F, L50, F|
|poke|p1|Rampardos, L50, M|
|poke|p1|Hatterene, L50, F|
|poke|p1|Torkoal, L50, F|
|poke|p2|Charizard, L50, M|
|poke|p2|Torkoal, L50, F|
|poke|p2|Porygon2, L50|
|poke|p2|Incineroar, L50, M|
|poke|p2|Jumpluff, L50, F|
|poke|p2|Ursaluna, L50, M|
|teampreview|4
|showteam|p1|Kingambit||BlackGlasses|Defiant|KowtowCleave,SuckerPunch,Protect,SwordsDance|||F|||50|,,,,,Psychic]Gallade||ClearAmulet|Sharpness|SacredSword,TrickRoom,PsychoCut,WideGuard|||M|||50|,,,,,Dark]Indeedee-F||PsychicSeed|PsychicSurge|TrickRoom,FollowMe,HelpingHand,HyperVoice|||F|||50|,,,,,Fairy]Rampardos||LifeOrb|SheerForce|RockSlide,HammerArm,Protect,BreakingSwipe|||M|||50|,,,,,Dragon]Hatterene||CovertCloak|MagicBounce|ExpandingForce,TrickRoom,DazzlingGleam,MysticalFire|||F|||50|,,,,,Fire]Torkoal||ChoiceSpecs|Drought|Eruption,Overheat,WeatherBall,EarthPower|||F|||50|,,,,,Fire
|showteam|p2|Charizard||ChoiceSpecs|SolarPower|HeatWave,Overheat,WeatherBall,AirSlash|||M|||50|,,,,,Ghost]Torkoal||EjectPack|Drought|Eruption,Overheat,HelpingHand,Protect|||F|||50|,,,,,Fire]Porygon2||Eviolite|Download|TeraBlast,IceBeam,Recover,TrickRoom||||||50|,,,,,Fighting]Incineroar||SitrusBerry|Intimidate|FlareBlitz,KnockOff,FakeOut,PartingShot|||M|||50|,,,,,Ghost]Jumpluff||CovertCloak|Chlorophyll|SleepPowder,SunnyDay,RagePowder,Tailwind|||F|||50|,,,,,Water]Ursaluna||FlameOrb|Guts|HeadlongRush,Facade,Earthquake,Protect|||M|||50|,,,,,Ghost
|inactive|Battle timer is ON: inactive players will automatically lose when time's up. (requested by MiniBerg10)
|c|☆BlackStag52|glhf
|c|☆MiniBerg10|glhf
|inactive|BlackStag52 has 60 seconds left.
|inactive|MiniBerg10 has 60 seconds left.
|inactive|BlackStag52 has 30 seconds left.
|inactive|BlackStag52 has 20 seconds left.
|inactive|BlackStag52 has 15 seconds left.
|
|t:|1756299861
|teamsize|p1|4
|teamsize|p2|4
|start
|switch|p1a: Indeedee|Indeedee-F, L50, F|100/100
|switch|p1b: Hatterene|Hatterene, L50, F|100/100
|switch|p2a: Charizard|Charizard, L50, M|100/100
|switch|p2b: Torkoal|Torkoal, L50, F|100/100
|-fieldstart|move: Psychic Terrain|[from] ability: Psychic Surge|[of] p1a: Indeedee
|-enditem|p1a: Indeedee|Psychic Seed
|-boost|p1a: Indeedee|spd|1|[from] item: Psychic Seed
|-weather|SunnyDay|[from] ability: Drought|[of] p2b: Torkoal
|turn|1
|inactive|BlackStag52 has 30 seconds left.
|inactive|MiniBerg10 has 30 seconds left.
|
|t:|1756299895
|-terastallize|p1b: Hatterene|Fire
|move|p1a: Indeedee|Helping Hand|p1b: Hatterene
|-singleturn|p1b: Hatterene|Helping Hand|[of] p1a: Indeedee
|move|p2b: Torkoal|Helping Hand|p2a: Charizard
|-singleturn|p2a: Charizard|Helping Hand|[of] p2b: Torkoal
|move|p2a: Charizard|Heat Wave|p1a: Indeedee|[spread] p1a,p1b
|-resisted|p1b: Hatterene
|-damage|p1a: Indeedee|0 fnt
|-damage|p1b: Hatterene|20/100
|faint|p1a: Indeedee
|move|p1b: Hatterene|Expanding Force|p2b: Torkoal|[spread] p2a,p2b
|-damage|p2a: Charizard|0 fnt
|-damage|p2b: Torkoal|0 fnt
|faint|p2a: Charizard
|faint|p2b: Torkoal
|
|-weather|SunnyDay|[upkeep]
|upkeep
|
|t:|1756299916
|switch|p2a: Ursaluna|Ursaluna, L50, M|100/100
|switch|p1a: Rampardos|Rampardos, L50, M|100/100
|switch|p2b: Incineroar|Incineroar, L50, M|100/100
|-ability|p2b: Incineroar|Intimidate|boost
|-unboost|p1a: Rampardos|atk|1
|-unboost|p1b: Hatterene|atk|1
|turn|2
|inactive|BlackStag52 has 30 seconds left.
|inactive|MiniBerg10 has 30 seconds left.
|inactive|BlackStag52 has 20 seconds left.
|inactive|MiniBerg10 has 20 seconds left.
|inactive|BlackStag52 has 15 seconds left.
|inactive|MiniBerg10 has 15 seconds left.
|inactive|BlackStag52 has 10 seconds left.
|inactive|MiniBerg10 has 10 seconds left.
|inactive|MiniBerg10 has 5 seconds left.
|
|t:|1756299969
|move|p2a: Ursaluna|Protect|p2a: Ursaluna
|-singleturn|p2a: Ursaluna|Protect
|move|p2b: Incineroar|Knock Off|p1b: Hatterene
|-damage|p1b: Hatterene|0 fnt
|-enditem|p1b: Hatterene|Covert Cloak|[from] move: Knock Off|[of] p2b: Incineroar
|faint|p1b: Hatterene
|move|p1a: Rampardos|Rock Slide|p2a: Ursaluna|[spread] p2b
|-activate|p2a: Ursaluna|move: Protect
|-supereffective|p2b: Incineroar
|-damage|p2b: Incineroar|14/100
|-enditem|p2b: Incineroar|Sitrus Berry|[eat]
|-heal|p2b: Incineroar|39/100|[from] item: Sitrus Berry
|
|-weather|SunnyDay|[upkeep]
|-status|p2a: Ursaluna|brn|[from] item: Flame Orb
|upkeep
|
|t:|1756299975
|switch|p1b: Torkoal|Torkoal, L50, F|100/100
|turn|3
|
|t:|1756299995
|move|p2b: Incineroar|Knock Off|p1b: Torkoal
|-damage|p1b: Torkoal|68/100
|-enditem|p1b: Torkoal|Choice Specs|[from] move: Knock Off|[of] p2b: Incineroar
|move|p2a: Ursaluna|Earthquake|p1b: Torkoal|[spread] p2b,p1a,p1b
|-supereffective|p2b: Incineroar
|-supereffective|p1a: Rampardos
|-supereffective|p1b: Torkoal
|-damage|p2b: Incineroar|0 fnt
|-damage|p1a: Rampardos|0 fnt
|-damage|p1b: Torkoal|0 fnt
|faint|p2b: Incineroar
|faint|p1a: Rampardos
|faint|p1b: Torkoal
|
|win|MiniBerg10
