|j|☆Dougtrio is bad
|j|☆Quill86
|html|Dougtrio is badQuill86    
|uhtml|bestof|Game 2 of a best-of-3
|t:|1756259164
|gametype|doubles
|player|p1|Dougtrio is bad|170|1213
|player|p2|Quill86|lucas|1287
|gen|9
|tier|[Gen 9] VGC 2025 Reg H (Bo3)
|rated|
|rule|Species Clause: Limit one of each Pokémon
|rule|Item Clause: Limit 1 of each item
|clearpoke
|poke|p1|Archaludon, L50, F|
|poke|p1|Pelipper, L50, F|
|poke|p1|Ursaluna-Bloodmoon, L50, M|
|poke|p1|Basculegion, L50, M|
|poke|p1|Dragapult, L50, F|
|poke|p1|Whimsicott, L50, M|
|poke|p2|Indeedee-F, L50, F|
|poke|p2|Gallade, L50, M|
|poke|p2|Torkoal, L50, F|
|poke|p2|Ursaluna, L50, M|
|poke|p2|Hatterene, L50, F|
|poke|p2|Smeargle, L50, M|
|teampreview|4
|showteam|p1|Archaludon||AssaultVest|Stamina|ElectroShot,FlashCannon,BodyPress,DracoMeteor|||F|||50|,,,,,Grass]Pelipper||SitrusBerry|Drizzle|Tailwind,WeatherBall,Hurricane,WideGuard|||F|||50|,,,,,Ghost]Ursaluna-Bloodmoon||LifeOrb|MindsEye|BloodMoon,HyperVoice,EarthPower,Protect|||M|||50|,,,,,Normal]Basculegion||SafetyGoggles|SwiftSwim|WaveCrash,AquaJet,LastRespects,Protect|||M|||50|,,,,,Water]Dragapult||FocusSash|ClearBody|DragonDarts,TeraBlast,PhantomForce,Protect|||F|||50|,,,,,Ground]Whimsicott||CovertCloak|Prankster|Tailwind,Encore,Moonblast,FakeTears|||M|||50|,,,,,Dark
|showteam|p2|Indeedee-F||PsychicSeed|PsychicSurge|FollowMe,TrickRoom,HelpingHand,DazzlingGleam|||F|||50|,,,,,Fairy]Gallade||ClearAmulet|Sharpness|SacredSword,PsychoCut,WideGuard,TrickRoom|||M|||50|,,,,,Grass]Torkoal||ChoiceSpecs|Drought|Eruption,WeatherBall,EarthPower,HeatWave|||F|||50|,,,,,Fire]Ursaluna||FlameOrb|Guts|Protect,HeadlongRush,Facade,Earthquake|||M|||50|,,,,,Ghost]Hatterene||LifeOrb|MagicBounce|DazzlingGleam,ExpandingForce,MysticalFire,TrickRoom|||F|||50|,,,,,Fire]Smeargle||FocusSash|Moody|FakeOut,Spore,Decorate,FollowMe|||M|||50|,,,,,Ghost
|j| teamthief420
|
|t:|1756259189
|teamsize|p1|4
|teamsize|p2|4
|start
|switch|p1a: Pelipper|Pelipper, L50, F|100/100
|switch|p1b: Archaludon|Archaludon, L50, F|100/100
|switch|p2a: Indeedee|Indeedee-F, L50, F|100/100
|switch|p2b: Hatterene|Hatterene, L50, F|100/100
|-fieldstart|move: Psychic Terrain|[from] ability: Psychic Surge|[of] p2a: Indeedee
|-enditem|p2a: Indeedee|Psychic Seed
|-boost|p2a: Indeedee|spd|1|[from] item: Psychic Seed
|-weather|RainDance|[from] ability: Drizzle|[of] p1a: Pelipper
|turn|1
|inactive|Battle timer is ON: inactive players will automatically lose when time's up. (requested by Quill86)
|
|t:|1756259204
|move|p2a: Indeedee|Follow Me|p2a: Indeedee
|-singleturn|p2a: Indeedee|move: Follow Me
|move|p1b: Archaludon|Flash Cannon|p2a: Indeedee
|-damage|p2a: Indeedee|73/100
|move|p1a: Pelipper|Weather Ball|p2a: Indeedee
|-damage|p2a: Indeedee|32/100
|move|p2b: Hatterene|Trick Room|p2b: Hatterene
|-fieldstart|move: Trick Room|[of] p2b: Hatterene
|
|-weather|RainDance|[upkeep]
|upkeep
|turn|2
|inactive|Dougtrio is bad has 30 seconds left.
|inactive|Dougtrio is bad has 20 seconds left.
|inactive|Dougtrio is bad has 15 seconds left.
|
|t:|1756259247
|switch|p2a: Torkoal|Torkoal, L50, F|100/100
|-weather|SunnyDay|[from] ability: Drought|[of] p2a: Torkoal
|move|p2b: Hatterene|Expanding Force|p1b: Archaludon|[spread] p1a,p1b
|-resisted|p1b: Archaludon
|-damage|p1a: Pelipper|0 fnt
|-damage|p1b: Archaludon|64/100
|-ability|p1b: Archaludon|Stamina|boost
|-boost|p1b: Archaludon|def|1
|faint|p1a: Pelipper
|-damage|p2b: Hatterene|91/100|[from] item: Life Orb
|move|p1b: Archaludon|Draco Meteor|p2a: Torkoal
|-damage|p2a: Torkoal|14/100
|-unboost|p1b: Archaludon|spa|2
|
|-weather|SunnyDay|[upkeep]
|upkeep
|
|t:|1756259269
|switch|p1a: Basculegion|Basculegion, L50, M|100/100
|turn|3
|
|t:|1756259286
|-terastallize|p1a: Basculegion|Water
|move|p2a: Torkoal|Earth Power|p1b: Archaludon
|-supereffective|p1b: Archaludon
|-damage|p1b: Archaludon|0 fnt
|faint|p1b: Archaludon
|move|p2b: Hatterene|Expanding Force|p1a: Basculegion
|-damage|p1a: Basculegion|0 fnt
|faint|p1a: Basculegion
|-damage|p2b: Hatterene|81/100|[from] item: Life Orb
|
|-weather|SunnyDay|[upkeep]
|upkeep
|
|t:|1756259294
|switch|p1b: Ursaluna|Ursaluna-Bloodmoon, L50, M|100/100
|turn|4
|c|☆Dougtrio is bad|Gg wp
|
|t:|1756259301
|move|p1b: Ursaluna|Protect|p1b: Ursaluna
|-singleturn|p1b: Ursaluna|Protect
|move|p2a: Torkoal|Earth Power|p1b: Ursaluna
|-activate|p1b: Ursaluna|move: Protect
|move|p2b: Hatterene|Expanding Force|p1b: Ursaluna
|-activate|p1b: Ursaluna|move: Protect
|
|-weather|SunnyDay|[upkeep]
|upkeep
|turn|5
|c|☆Quill86|ggs
|
|t:|1756259312
|move|p1b: Ursaluna|Protect||[still]
|-fail|p1b: Ursaluna
|move|p2a: Torkoal|Earth Power|p1b: Ursaluna
|-damage|p1b: Ursaluna|44/100
|move|p2b: Hatterene|Expanding Force|p1b: Ursaluna
|-damage|p1b: Ursaluna|0 fnt
|faint|p1b: Ursaluna
|-damage|p2b: Hatterene|71/100|[from] item: Life Orb
|
|win|Quill86
|raw|Dougtrio is bad's rating: 1213 → 1193(-20 for losing)
|raw|Quill86's rating: 1287 → 1307(+20 for winning)
|l|☆Dougtrio is bad
|player|p1|
|l| teamthief420
