|j|☆B1g b3luga
|j|☆Lorido
|html|B1g b3lugaLorido    
|uhtml|bestof|Game 2 of a best-of-3
|t:|1784653440
|gametype|doubles
|player|p1|B1g b3luga|265|1139
|player|p2|Lorido|101|1192
|gen|9
|tier|[Gen 9 Champions] VGC 2026 Reg M-B (Bo3)
|rated|
|rule|Species Clause: Limit one of each Pokémon
|rule|Item Clause: Limit 1 of each item
|clearpoke
|poke|p1|Sylveon, L50, M, shiny|
|poke|p1|Aerodactyl, L50, M|
|poke|p1|Farigiraf, L50, F|
|poke|p1|Charizard, L50, M, shiny|
|poke|p1|Kingambit, L50, F|
|poke|p1|Garchomp, L50, F|
|poke|p2|Aerodactyl, L50, F|
|poke|p2|Kingambit, L50, M|
|poke|p2|Sylveon, L50, M|
|poke|p2|Charizard, L50, M|
|poke|p2|Garchomp, L50, F|
|poke|p2|Farigiraf, L50, M|
|teampreview|4
|showteam|p1|Sylveon||FairyFeather|Pixilate|HyperBeam,HyperVoice,Detect,Yawn|Modest||M|||50|]Aerodactyl||Aerodactylite|RockHead|RockSlide,Protect,Tailwind,IceFang|Jolly||M|||50|]Farigiraf||SitrusBerry|ArmorTail|TrickRoom,TwinBeam,Thunderbolt,Protect|Relaxed||F|||50|]Charizard||CharizarditeY|Blaze|HeatWave,WeatherBall,Protect,SolarBeam|Timid||M|||50|]Kingambit||FocusSash|Defiant|LowKick,IronHead,SuckerPunch,KowtowCleave|Adamant||F|||50|]Garchomp||LifeOrb|RoughSkin|StompingTantrum,RockSlide,Protect,DragonClaw|Jolly||F|||50|
|showteam|p2|Aerodactyl||Aerodactylite|Unnerve|RockSlide,DualWingbeat,IceFang,Tailwind|Jolly||F|||50|]Kingambit||BlackGlasses|Defiant|KowtowCleave,IronHead,SuckerPunch,LowKick|Jolly||M|||50|]Sylveon||FairyFeather|Pixilate|HyperVoice,QuickAttack,HyperBeam,Detect|Modest||M|||50|]Charizard||CharizarditeY|Blaze|HeatWave,WeatherBall,SolarBeam,Protect|Modest||M|||50|]Garchomp||LifeOrb|RoughSkin|DragonClaw,Earthquake,RockSlide,Protect|Jolly||F|||50|]Farigiraf||SitrusBerry|ArmorTail|TwinBeam,Thunderbolt,TrickRoom,HelpingHand|Relaxed||M|||50|
|inactive|Battle timer is ON: inactive players will automatically lose when time's up. (requested by Lorido)
|
|t:|1784653464
|teamsize|p1|4
|teamsize|p2|4
|start
|switch|p1a: Aerodactyl|Aerodactyl, L50, M|100/100
|switch|p1b: Kingambit|Kingambit, L50, F|100/100
|switch|p2a: Kingambit|Kingambit, L50, M|100/100
|switch|p2b: Aerodactyl|Aerodactyl, L50, F|100/100
|-ability|p2b: Aerodactyl|Unnerve
|turn|1
|inactive|Lorido has 30 seconds left.
|inactive|Lorido has 20 seconds left.
|
|t:|1784653501
|switch|p2a: Charizard|Charizard, L50, M|100/100
|detailschange|p1a: Aerodactyl|Aerodactyl-Mega, L50, M
|-mega|p1a: Aerodactyl|Aerodactyl|Aerodactylite
|move|p1a: Aerodactyl|Rock Slide|p2a: Charizard|[spread] p2a,p2b
|-supereffective|p2a: Charizard|2
|-supereffective|p2b: Aerodactyl|1
|-damage|p2a: Charizard|0 fnt
|-damage|p2b: Aerodactyl|16/100
|faint|p2a: Charizard
|cant|p2b: Aerodactyl|flinch
|move|p1b: Kingambit|Low Kick|p2b: Aerodactyl
|-damage|p2b: Aerodactyl|0 fnt
|faint|p2b: Aerodactyl
|
|upkeep
|
|t:|1784653512
|switch|p2b: Sylveon|Sylveon, L50, M|100/100
|switch|p2a: Kingambit|Kingambit, L50, M|100/100
|turn|2
|-message|Lorido forfeited.
|
|win|B1g b3luga
