|j|☆Slim aromatic chad
|j|☆fat stinky chud
|html|Slim aromatic chadfat stinky chud    
|uhtml|bestof|Game 1 of a best-of-3
|t:|1756166773
|gametype|doubles
|player|p1|Slim aromatic chad|brycen|1023
|player|p2|fat stinky chud|chuck|1082
|gen|9
|tier|[Gen 9] VGC 2025 Reg H (Bo3)
|rated|
|rule|Species Clause: Limit one of each Pokémon
|rule|Item Clause: Limit 1 of each item
|clearpoke
|poke|p1|Charizard, L50, F|
|poke|p1|Gallade, L50, M|
|poke|p1|Ursaluna, L50, M|
|poke|p1|Torkoal, L50, M|
|poke|p1|Indeedee-F, L50, F|
|poke|p1|Hatterene, L50, F|
|poke|p2|Charizard, L50, M|
|poke|p2|Gallade, L50, M|
|poke|p2|Ursaluna, L50, F|
|poke|p2|Torkoal, L50, F|
|poke|p2|Indeedee-F, L50, F|
|poke|p2|Hatterene, L50, F|
|teampreview|4
|showteam|p1|Charizard||ChoiceScarf|SolarPower|WeatherBall,HeatWave,SolarBeam,Overheat|||F|||50|,,,,,Fire]Gallade||ClearAmulet|Sharpness|SacredSword,PsychoCut,WideGuard,TrickRoom|||M|||50|,,,,,Grass]Ursaluna||FlameOrb|Guts|Facade,Earthquake,HeadlongRush,Protect|||M|||50|,,,,,Ghost]Torkoal||Charcoal|Drought|Eruption,WeatherBall,Protect,HelpingHand|||M|||50|,,,,,Fire]Indeedee-F||PsychicSeed|PsychicSurge|HealingWish,FollowMe,TrickRoom,HelpingHand|||F|||50|,,,,,Fairy]Hatterene||LifeOrb|MagicBounce|ExpandingForce,DazzlingGleam,Protect,TrickRoom|||F|||50|,,,,,Water
|showteam|p2|Charizard||ChoiceScarf|SolarPower|WeatherBall,HeatWave,SolarBeam,Overheat|||M|||50|,,,,,Fire]Gallade||ClearAmulet|Sharpness|SacredSword,PsychoCut,WideGuard,TrickRoom|||M|||50|,,,,,Grass]Ursaluna||FlameOrb|Guts|Facade,Earthquake,HeadlongRush,Protect|||F|||50|,,,,,Ghost]Torkoal||Charcoal|Drought|Eruption,WeatherBall,Protect,HelpingHand|||F|||50|,,,,,Fire]Indeedee-F||PsychicSeed|PsychicSurge|DazzlingGleam,FollowMe,TrickRoom,HelpingHand|||F|||50|,,,,,Fairy]Hatterene||LifeOrb|MagicBounce|ExpandingForce,DazzlingGleam,Protect,TrickRoom|||F|||50|,,,,,Water
|inactive|Battle timer is ON: inactive players will automatically lose when time's up. (requested by fat stinky chud)
|inactive|Slim aromatic chad also wants the timer to be on.
|c|☆fat stinky chud|im such a fat stinky chud where are my numnums
|inactive|Slim aromatic chad has 60 seconds left.
|inactive|fat stinky chud has 60 seconds left.
|
|t:|1756166821
|teamsize|p1|4
|teamsize|p2|4
|start
|switch|p1a: Torkoal|Torkoal, L50, M|100/100
|switch|p1b: Charizard|Charizard, L50, F|100/100
|switch|p2a: Gallade|Gallade, L50, M|100/100
|switch|p2b: Hatterene|Hatterene, L50, F|100/100
|-weather|SunnyDay|[from] ability: Drought|[of] p1a: Torkoal
|turn|1
|
|t:|1756166837
|-terastallize|p2b: Hatterene|Water
|move|p2a: Gallade|Wide Guard|p2a: Gallade
|-singleturn|p2a: Gallade|Wide Guard
|move|p1b: Charizard|Weather Ball|p2b: Hatterene
|-resisted|p2b: Hatterene
|-damage|p2b: Hatterene|36/100
|move|p1a: Torkoal|Weather Ball|p2b: Hatterene
|-resisted|p2b: Hatterene
|-damage|p2b: Hatterene|0 fnt
|faint|p2b: Hatterene
|
|-weather|SunnyDay|[upkeep]
|-damage|p1b: Charizard|89/100|[from] ability: Solar Power|[of] p1b: Charizard
|upkeep
|
|t:|1756166850
|switch|p2b: Indeedee|Indeedee-F, L50, F|100/100
|-fieldstart|move: Psychic Terrain|[from] ability: Psychic Surge|[of] p2b: Indeedee
|-enditem|p2b: Indeedee|Psychic Seed
|-boost|p2b: Indeedee|spd|1|[from] item: Psychic Seed
|turn|2
|
|t:|1756166858
|-terastallize|p1a: Torkoal|Fire
|move|p2b: Indeedee|Follow Me|p2b: Indeedee
|-singleturn|p2b: Indeedee|move: Follow Me
|move|p1b: Charizard|Weather Ball|p2b: Indeedee
|-damage|p2b: Indeedee|38/100
|move|p1a: Torkoal|Eruption|p2b: Indeedee|[spread] p2a,p2b
|-damage|p2a: Gallade|0 fnt
|-damage|p2b: Indeedee|0 fnt
|faint|p2a: Gallade
|faint|p2b: Indeedee
|
|-weather|SunnyDay|[upkeep]
|-damage|p1b: Charizard|77/100|[from] ability: Solar Power|[of] p1b: Charizard
|upkeep
|-message|fat stinky chud forfeited.
|
|win|Slim aromatic chad
||fat stinky chud is ready for game 2.
||Slim aromatic chad is ready for game 2.
|uhtml|next|Next: Game 2 of 3
|l|☆Slim aromatic chad
|player|p1|
