|j|☆NoitUK_VGC
|j|☆salvulcano24
|html|NoitUK_VGCsalvulcano24    
|uhtml|bestof|Game 2 of a best-of-3
|t:|1784838495
|gametype|doubles
|player|p1|NoitUK_VGC|102|1122
|player|p2|salvulcano24|pokemonbreederf|1116
|gen|9
|tier|[Gen 9 Champions] VGC 2026 Reg M-B (Bo3)
|rated|
|rule|Species Clause: Limit one of each Pokémon
|rule|Item Clause: Limit 1 of each item
|clearpoke
|poke|p1|Gengar, L50, M|
|poke|p1|Ninetales-Alola, L50, M|
|poke|p1|Incineroar, L50, M|
|poke|p1|Kingambit, L50, M|
|poke|p1|Staraptor, L50, F|
|poke|p1|Garchomp, L50, M|
|poke|p2|Farigiraf, L50, M|
|poke|p2|Gardevoir, L50, M|
|poke|p2|Venusaur, L50, M|
|poke|p2|Aerodactyl, L50, F|
|poke|p2|Garchomp, L50, F|
|poke|p2|Rampardos, L50, F, shiny|
|teampreview|4
|showteam|p1|Gengar||Gengarite|CursedBody|ShadowBall,SludgeBomb,Protect,PerishSong|Timid||M|||50|]Ninetales-Alola||NeverMeltIce|SnowWarning|Blizzard,Encore,Protect,Disable|Timid||M|||50|]Incineroar||SitrusBerry|Intimidate|FlareBlitz,PartingShot,Protect,FakeOut|Relaxed||M|||50|]Kingambit||BlackGlasses|Defiant|KowtowCleave,SuckerPunch,Protect,LowKick|Adamant||M|||50|]Staraptor||ChoiceScarf|Intimidate|FinalGambit,CloseCombat,BraveBird,Uturn|Jolly||F|||50|]Garchomp||LifeOrb|RoughSkin|Protect,RockSlide,StompingTantrum,DragonClaw|Adamant||M|||50|
|showteam|p2|Farigiraf||SitrusBerry|ArmorTail|Psychic,TrickRoom,Protect,HelpingHand|Bold||M|||50|]Gardevoir||Gardevoirite|Synchronize|Protect,AuraSphere,HyperVoice,TrickRoom|Modest||M|||50|]Venusaur||Venusaurite|Overgrow|Protect,GigaDrain,SludgeBomb,EarthPower|Modest||M|||50|]Aerodactyl||FocusSash|Unnerve|RockSlide,DualWingbeat,Tailwind,WideGuard|Jolly||F|||50|]Garchomp||RoseliBerry|RoughSkin|StompingTantrum,DragonClaw,SwordsDance,Protect|Jolly||F|||50|]Rampardos||LifeOrb|SheerForce|RockSlide,FirePunch,ThunderPunch,Protect|Adamant||F|||50|
|inactive|Battle timer is ON: inactive players will automatically lose when time's up. (requested by NoitUK_VGC)
|inactive|salvulcano24 has 60 seconds left.
|
|t:|1784838540
|teamsize|p1|4
|teamsize|p2|4
|start
|switch|p1a: Kingambit|Kingambit, L50, M|100/100
|switch|p1b: Staraptor|Staraptor, L50, F|100/100
|switch|p2a: Rampardos|Rampardos, L50, F, shiny|100/100
|switch|p2b: Farigiraf|Farigiraf, L50, M|100/100
|-ability|p1b: Staraptor|Intimidate|boost
|-unboost|p2a: Rampardos|atk|1
|-unboost|p2b: Farigiraf|atk|1
|turn|1
|inactive|NoitUK_VGC has 30 seconds left.
|inactive|salvulcano24 has 30 seconds left.
|
|t:|1784838573
|switch|p2a: Gardevoir|Gardevoir, L50, M|100/100
|move|p2b: Farigiraf|Protect|p2b: Farigiraf
|-singleturn|p2b: Farigiraf|Protect
|move|p1b: Staraptor|U-turn|p2b: Farigiraf
|-activate|p2b: Farigiraf|move: Protect
|move|p1a: Kingambit|Kowtow Cleave|p2b: Farigiraf
|-activate|p2b: Farigiraf|move: Protect
|
|upkeep
|turn|2
|inactive|NoitUK_VGC has 30 seconds left.
|
|t:|1784838604
|detailschange|p2a: Gardevoir|Gardevoir-Mega, L50, M
|-mega|p2a: Gardevoir|Gardevoir|Gardevoirite
|move|p1b: Staraptor|U-turn|p2b: Farigiraf
|-supereffective|p2b: Farigiraf|1
|-damage|p2b: Farigiraf|63/100
|
|t:|1784838609
|switch|p1b: Incineroar|Incineroar, L50, M|100/100|[from] U-turn
|-ability|p1b: Incineroar|Intimidate|boost
|-unboost|p2a: Gardevoir|atk|1
|-unboost|p2b: Farigiraf|atk|1
|move|p2a: Gardevoir|Aura Sphere|p1a: Kingambit
|-supereffective|p1a: Kingambit|2
|-damage|p1a: Kingambit|0 fnt
|faint|p1a: Kingambit
|move|p2b: Farigiraf|Trick Room|p2b: Farigiraf
|-fieldstart|move: Trick Room|[of] p2b: Farigiraf
|
|upkeep
|
|t:|1784838620
|switch|p1a: Staraptor|Staraptor, L50, F|100/100
|-ability|p1a: Staraptor|Intimidate|boost
|-unboost|p2a: Gardevoir|atk|1
|-unboost|p2b: Farigiraf|atk|1
|turn|3
|
|t:|1784838641
|move|p1b: Incineroar|Flare Blitz|p2b: Farigiraf
|-damage|p2b: Farigiraf|27/100
|-enditem|p2b: Farigiraf|Sitrus Berry|[eat]
|-heal|p2b: Farigiraf|52/100|[from] item: Sitrus Berry
|-damage|p1b: Incineroar|86/100|[from] Recoil
|move|p2b: Farigiraf|Psychic|p1a: Staraptor
|-damage|p1a: Staraptor|52/100
|-unboost|p1a: Staraptor|spd|1
|move|p2a: Gardevoir|Hyper Voice|p1a: Staraptor|[spread] p1a,p1b
|-damage|p1a: Staraptor|0 fnt
|-damage|p1b: Incineroar|36/100
|-enditem|p1b: Incineroar|Sitrus Berry|[eat]
|-heal|p1b: Incineroar|61/100|[from] item: Sitrus Berry
|faint|p1a: Staraptor
|
|upkeep
|-message|NoitUK_VGC forfeited.
|
|win|salvulcano24
|raw|NoitUK_VGC's rating: 1122 → 1097(-25 for losing)
|raw|salvulcano24's rating: 1116 → 1141(+25 for winning)
|l|☆NoitUK_VGC
|player|p1|
