|j|☆chainzuk
|j|☆nocturnallynoct
|html|chainzuknocturnallynoct    
|uhtml|bestof|Game 2 of a best-of-3
|t:|1757022642
|gametype|doubles
|player|p1|chainzuk|170|1136
|player|p2|nocturnallynoct|266|1096
|gen|9
|tier|[Gen 9] VGC 2025 Reg H (Bo3)
|rated|
|rule|Species Clause: Limit one of each Pokémon
|rule|Item Clause: Limit 1 of each item
|clearpoke
|poke|p1|Sneasler, L50, F|
|poke|p1|Dragapult, L50, F|
|poke|p1|Primarina, L50, M|
|poke|p1|Rillaboom, L50, F|
|poke|p1|Kingambit, L50, M|
|poke|p1|Magmar, L50, M|
|poke|p2|Charizard, L50, M|
|poke|p2|Torkoal, L50, M|
|poke|p2|Porygon2, L50|
|poke|p2|Incineroar, L50, F|
|poke|p2|Jumpluff, L50, M|
|poke|p2|Ursaluna, L50, F|
|teampreview|4
|showteam|p1|Sneasler||FocusSash|PoisonTouch|CloseCombat,DireClaw,FakeOut,Protect|||F|||50|,,,,,Stellar]Dragapult||ChoiceBand|ClearBody|DragonDarts,TeraBlast,PhantomForce,Uturn|||F|||50|,,,,,Ghost]Primarina||SitrusBerry|LiquidVoice|HyperVoice,Moonblast,Haze,Protect|||M|||50|,,,,,Water]Rillaboom||AssaultVest|GrassySurge|WoodHammer,GrassyGlide,HighHorsepower,FakeOut|||F|||50|,,,,,Fire]Kingambit||BlackGlasses|Defiant|KowtowCleave,SuckerPunch,SwordsDance,Protect|||M|||50|,,,,,Ghost]Magmar||Eviolite|VitalSpirit|Overheat,WillOWisp,FollowMe,Protect|||M|||50|,,,,,Ghost
|showteam|p2|Charizard||ChoiceSpecs|SolarPower|HeatWave,Overheat,WeatherBall,AirSlash|||M|||50|,,,,,Ghost]Torkoal||EjectPack|Drought|Eruption,Overheat,HelpingHand,Protect|||M|||50|,,,,,Fire]Porygon2||Eviolite|Download|IceBeam,TeraBlast,TrickRoom,Recover||||||50|,,,,,Fighting]Incineroar||SitrusBerry|Intimidate|FlareBlitz,KnockOff,FakeOut,PartingShot|||F|||50|,,,,,Ghost]Jumpluff||CovertCloak|Chlorophyll|SleepPowder,SunnyDay,RagePowder,Tailwind|||M|||50|,,,,,Water]Ursaluna||FlameOrb|Guts|HeadlongRush,Facade,Earthquake,Protect|||F|||50|,,,,,Ghost
|inactive|Battle timer is ON: inactive players will automatically lose when time's up. (requested by chainzuk)
|inactive|nocturnallynoct also wants the timer to be on.
|inactive|nocturnallynoct has 60 seconds left.
|
|t:|1757022678
|teamsize|p1|4
|teamsize|p2|4
|start
|switch|p1a: Primarina|Primarina, L50, M|100/100
|switch|p1b: Sneasler|Sneasler, L50, F|100/100
|switch|p2a: Jumpluff|Jumpluff, L50, M|100/100
|switch|p2b: Torkoal|Torkoal, L50, M|100/100
|-weather|SunnyDay|[from] ability: Drought|[of] p2b: Torkoal
|turn|1
|inactive|chainzuk has 30 seconds left.
|inactive|nocturnallynoct has 30 seconds left.
|inactive|chainzuk has 20 seconds left.
|inactive|nocturnallynoct has 20 seconds left.
|inactive|chainzuk has 15 seconds left.
|inactive|nocturnallynoct has 15 seconds left.
|inactive|chainzuk has 10 seconds left.
|
|t:|1757022725
|move|p1b: Sneasler|Fake Out|p2a: Jumpluff
|-damage|p2a: Jumpluff|83/100
|move|p2a: Jumpluff|Sleep Powder|p1b: Sneasler
|-status|p1b: Sneasler|slp|[from] move: Sleep Powder
|move|p1a: Primarina|Hyper Voice|p2b: Torkoal|[spread] p2a,p2b
|-resisted|p2a: Jumpluff
|-supereffective|p2b: Torkoal
|-damage|p2a: Jumpluff|75/100
|-damage|p2b: Torkoal|55/100
|move|p2b: Torkoal|Overheat|p1b: Sneasler
|-enditem|p1b: Sneasler|Focus Sash
|-damage|p1b: Sneasler|1/100 slp
|-unboost|p2b: Torkoal|spa|2
|-enditem|p2b: Torkoal|Eject Pack
|
|t:|1757022749
|switch|p2b: Charizard|Charizard, L50, M|100/100
|
|-weather|SunnyDay|[upkeep]
|-damage|p2b: Charizard|88/100|[from] ability: Solar Power|[of] p2b: Charizard
|upkeep
|turn|2
|
|t:|1757022767
|-terastallize|p1a: Primarina|Water
|move|p2a: Jumpluff|Sleep Powder|p1a: Primarina
|-status|p1a: Primarina|slp|[from] move: Sleep Powder
|cant|p1b: Sneasler|slp
|move|p2b: Charizard|Heat Wave|p1b: Sneasler|[spread] p1a,p1b
|-resisted|p1a: Primarina
|-damage|p1a: Primarina|56/100 slp
|-damage|p1b: Sneasler|0 fnt
|faint|p1b: Sneasler
|cant|p1a: Primarina|slp
|
|-weather|SunnyDay|[upkeep]
|-damage|p2b: Charizard|76/100|[from] ability: Solar Power|[of] p2b: Charizard
|upkeep
|
|t:|1757022782
|switch|p1b: Magmar|Magmar, L50, M|100/100
|turn|3
|
|t:|1757022796
|move|p2a: Jumpluff|Tailwind|p2a: Jumpluff
|-sidestart|p2: nocturnallynoct|move: Tailwind
|move|p2b: Charizard|Heat Wave|p1b: Magmar|[spread] p1a,p1b
|-resisted|p1a: Primarina
|-resisted|p1b: Magmar
|-damage|p1a: Primarina|8/100 slp
|-damage|p1b: Magmar|55/100
|-enditem|p1a: Primarina|Sitrus Berry|[eat]
|-heal|p1a: Primarina|33/100 slp|[from] item: Sitrus Berry
|move|p1b: Magmar|Overheat|p2a: Jumpluff
|-supereffective|p2a: Jumpluff
|-damage|p2a: Jumpluff|0 fnt
|-unboost|p1b: Magmar|spa|2
|faint|p2a: Jumpluff
|cant|p1a: Primarina|slp
|
|-weather|SunnyDay|[upkeep]
|-damage|p2b: Charizard|63/100|[from] ability: Solar Power|[of] p2b: Charizard
|upkeep
|
|t:|1757022811
|switch|p2a: Ursaluna|Ursaluna, L50, F|100/100
|turn|4
|
|t:|1757022822
|move|p1b: Magmar|Follow Me|p1b: Magmar
|-singleturn|p1b: Magmar|move: Follow Me
|move|p2b: Charizard|Heat Wave|p1b: Magmar|[spread] p1a,p1b
|-resisted|p1a: Primarina
|-resisted|p1b: Magmar
|-damage|p1a: Primarina|0 fnt
|-damage|p1b: Magmar|10/100
|faint|p1a: Primarina
|move|p2a: Ursaluna|Earthquake|p1b: Magmar|[spread] p1b
|-immune|p2b: Charizard
|-supereffective|p1b: Magmar
|-damage|p1b: Magmar|0 fnt
|faint|p1b: Magmar
|
|-weather|SunnyDay|[upkeep]
|-damage|p2b: Charizard|51/100|[from] ability: Solar Power|[of] p2b: Charizard
|-status|p2a: Ursaluna|brn|[from] item: Flame Orb
|upkeep
|c|☆chainzuk|gg
|-message|chainzuk forfeited.
|
|win|nocturnallynoct
|raw|chainzuk's rating: 1136 → 1108(-28 for losing)
|raw|nocturnallynoct's rating: 1096 → 1125(+29 for winning)
|l|☆chainzuk
|player|p1|
|c|☆nocturnallynoct|ggwp
