|j|☆jANMxRin
|j|☆BIG_KASHA_STAR
|html|jANMxRinBIG_KASHA_STAR    
|uhtml|bestof|Game 2 of a best-of-3
|t:|1756944867
|gametype|doubles
|player|p1|jANMxRin|acerola-masters|1118
|player|p2|BIG_KASHA_STAR|rocketgruntf|1116
|gen|9
|tier|[Gen 9] VGC 2025 Reg H (Bo3)
|rated|
|rule|Species Clause: Limit one of each Pokémon
|rule|Item Clause: Limit 1 of each item
|clearpoke
|poke|p1|Corviknight, L50, F|
|poke|p1|Tyranitar, L50, F|
|poke|p1|Garchomp, L50, F|
|poke|p1|Annihilape, L50, F|
|poke|p1|Indeedee-F, L50, F|
|poke|p1|Armarouge, L50, F|
|poke|p2|Amoonguss, L50, F|
|poke|p2|Incineroar, L50, M|
|poke|p2|Porygon2, L50|
|poke|p2|Gholdengo, L50|
|poke|p2|Hydreigon, L50, F|
|poke|p2|Primarina, L50, F|
|teampreview|4
|showteam|p1|Corviknight||Leftovers|MirrorArmor|BraveBird,BulkUp,Roost,Tailwind|||F|||50|,,,,,Dragon]Tyranitar||AssaultVest|SandStream|RockSlide,KnockOff,LowKick,TeraBlast|||F|||50|,,,,,Flying]Garchomp||LifeOrb|RoughSkin|Protect,DragonClaw,StompingTantrum,Earthquake|||F|||50|,,,,,Ground]Annihilape||SafetyGoggles|Defiant|CloseCombat,FinalGambit,RageFist,Taunt|||F|||50|,,,,,Water]Indeedee-F||FocusSash|PsychicSurge|FollowMe,HelpingHand,DazzlingGleam,Protect|||F|||50|,,,,,Fairy]Armarouge||SitrusBerry|FlashFire|ExpandingForce,HeatWave,ArmorCannon,Protect|||F|||50|,,,,,Grass
|showteam|p2|Amoonguss||MentalHerb|Regenerator|Spore,RagePowder,Protect,PollenPuff|||F|||50|,,,,,Water]Incineroar||SafetyGoggles|Intimidate|FakeOut,FlareBlitz,KnockOff,PartingShot|||M|||50|,,,,,Flying]Porygon2||Eviolite|Download|TeraBlast,Recover,TrickRoom,IceBeam||||||50|,,,,,Fighting]Gholdengo||MetalCoat|GoodasGold|MakeItRain,ShadowBall,Protect,NastyPlot||||||50|,,,,,Fairy]Hydreigon||ChoiceSpecs|Levitate|DracoMeteor,DarkPulse,FireBlast,EarthPower|||F|||50|,,,,,Ghost]Primarina||SitrusBerry|LiquidVoice|HyperVoice,Moonblast,Protect,Haze|||F|||50|,,,,,Poison
|inactive|Battle timer is ON: inactive players will automatically lose when time's up. (requested by BIG_KASHA_STAR)
|inactive|BIG_KASHA_STAR has 60 seconds left.
|
|t:|1756944902
|teamsize|p1|4
|teamsize|p2|4
|start
|switch|p1a: Indeedee|Indeedee-F, L50, F, shiny|100/100
|switch|p1b: Armarouge|Armarouge, L50, F|100/100
|switch|p2a: Porygon2|Porygon2, L50|100/100
|switch|p2b: Gholdengo|Gholdengo, L50|100/100
|-fieldstart|move: Psychic Terrain|[from] ability: Psychic Surge|[of] p1a: Indeedee
|-ability|p2a: Porygon2|Download|boost
|-boost|p2a: Porygon2|spa|1
|turn|1
|inactive|jANMxRin has 30 seconds left.
|inactive|BIG_KASHA_STAR has 30 seconds left.
|inactive|jANMxRin has 20 seconds left.
|inactive|BIG_KASHA_STAR has 20 seconds left.
|inactive|jANMxRin has 15 seconds left.
|inactive|BIG_KASHA_STAR has 15 seconds left.
|inactive|jANMxRin has 10 seconds left.
|inactive|jANMxRin has 5 seconds left.
|inactive|BIG_KASHA_STAR has 10 seconds left.
|
|t:|1756944957
|-terastallize|p1b: Armarouge|Grass
|move|p1a: Indeedee|Helping Hand|p1b: Armarouge
|-singleturn|p1b: Armarouge|Helping Hand|[of] p1a: Indeedee
|move|p2b: Gholdengo|Make It Rain|p1a: Indeedee|[spread] p1a,p1b
|-crit|p1a: Indeedee
|-damage|p1a: Indeedee|17/100
|-damage|p1b: Armarouge|39/100
|-unboost|p2b: Gholdengo|spa|1
|-enditem|p1b: Armarouge|Sitrus Berry|[eat]
|-heal|p1b: Armarouge|64/100|[from] item: Sitrus Berry
|move|p1b: Armarouge|Armor Cannon|p2a: Porygon2
|-damage|p2a: Porygon2|44/100
|-unboost|p1b: Armarouge|def|1
|-unboost|p1b: Armarouge|spd|1
|move|p2a: Porygon2|Tera Blast|p1a: Indeedee
|-damage|p1a: Indeedee|0 fnt
|faint|p1a: Indeedee
|
|upkeep
|
|t:|1756944978
|switch|p1a: Garchomp|Garchomp, L50, F|100/100
|turn|2
|
|t:|1756944997
|switch|p2b: Hydreigon|Hydreigon, L50, F|100/100
|move|p1a: Garchomp|Earthquake|p2b: Hydreigon|[spread] p1b,p2a
|-immune|p2b: Hydreigon|[from] ability: Levitate
|-resisted|p1b: Armarouge
|-damage|p1b: Armarouge|31/100
|-damage|p2a: Porygon2|11/100
|-damage|p1a: Garchomp|91/100|[from] item: Life Orb
|move|p1b: Armarouge|Expanding Force|p2b: Hydreigon|[spread] p2a
|-immune|p2b: Hydreigon
|-damage|p2a: Porygon2|0 fnt
|faint|p2a: Porygon2
|
|upkeep
|
|t:|1756945011
|switch|p2a: Gholdengo|Gholdengo, L50|100/100
|turn|3
|inactive|jANMxRin has 30 seconds left.
|
|t:|1756945044
|-terastallize|p2a: Gholdengo|Fairy
|move|p1a: Garchomp|Protect|p1a: Garchomp
|-singleturn|p1a: Garchomp|Protect
|move|p2b: Hydreigon|Dark Pulse|p1a: Garchomp
|-activate|p1a: Garchomp|move: Protect
|move|p2a: Gholdengo|Make It Rain|p1b: Armarouge|[spread] p1b
|-activate|p1a: Garchomp|move: Protect
|-damage|p1b: Armarouge|0 fnt
|-unboost|p2a: Gholdengo|spa|1
|faint|p1b: Armarouge
|
|upkeep
|
|t:|1756945053
|switch|p1b: Annihilape|Annihilape, L50, F|100/100
|turn|4
|inactive|BIG_KASHA_STAR has 30 seconds left.
|inactive|BIG_KASHA_STAR has 20 seconds left.
|inactive|BIG_KASHA_STAR has 15 seconds left.
|inactive|BIG_KASHA_STAR has 10 seconds left.
|
|t:|1756945100
|move|p1a: Garchomp|Dragon Claw|p2b: Hydreigon
|-supereffective|p2b: Hydreigon
|-damage|p2b: Hydreigon|0 fnt
|faint|p2b: Hydreigon
|-damage|p1a: Garchomp|81/100|[from] item: Life Orb
|move|p1b: Annihilape|Final Gambit|p2a: Gholdengo
|-damage|p2a: Gholdengo|0 fnt
|faint|p1b: Annihilape
|faint|p2a: Gholdengo
|
|upkeep
|
|t:|1756945111
|switch|p2b: Primarina|Primarina, L50, F|100/100
|turn|5
|
|t:|1756945118
|move|p1a: Garchomp|Earthquake|p2b: Primarina
|-damage|p2b: Primarina|29/100
|-enditem|p2b: Primarina|Sitrus Berry|[eat]
|-heal|p2b: Primarina|54/100|[from] item: Sitrus Berry
|-damage|p1a: Garchomp|71/100|[from] item: Life Orb
|move|p2b: Primarina|Moonblast|p1a: Garchomp
|-supereffective|p1a: Garchomp
|-damage|p1a: Garchomp|0 fnt
|faint|p1a: Garchomp
|
|win|BIG_KASHA_STAR
|raw|jANMxRin's rating: 1118 → 1093(-25 for losing)
|raw|BIG_KASHA_STAR's rating: 1116 → 1141(+25 for winning)
