|j|☆Wikdchikn
|j|☆SableyeIsTheGoat
|html|WikdchiknSableyeIsTheGoat    
|uhtml|bestof|Game 1 of a best-of-3
|t:|1757780778
|gametype|doubles
|player|p1|Wikdchikn|cameraman|1161
|player|p2|SableyeIsTheGoat|volkner|1166
|gen|9
|tier|[Gen 9] VGC 2025 Reg H (Bo3)
|rated|
|rule|Species Clause: Limit one of each Pokémon
|rule|Item Clause: Limit 1 of each item
|clearpoke
|poke|p1|Arboliva, L50, F|
|poke|p1|Porygon2, L50|
|poke|p1|Primarina, L50, M|
|poke|p1|Ursaluna, L50, M|
|poke|p1|Amoonguss, L50, F|
|poke|p1|Armarouge, L50, F|
|poke|p2|Garchomp, L50, F|
|poke|p2|Tyranitar, L50, M|
|poke|p2|Sneasler, L50, M|
|poke|p2|Indeedee-F, L50, F|
|poke|p2|Espeon, L50, F|
|poke|p2|Kilowattrel, L50, F|
|teampreview|4
|showteam|p1|Arboliva||ChoiceSpecs|SeedSower|DazzlingGleam,HyperVoice,EarthPower,GigaDrain|||F|||50|,,,,,Fairy]Porygon2||Eviolite|Trace|TeraBlast,ShadowBall,TrickRoom,Protect||||||50|,,,,,Fighting]Primarina||ThroatSpray|LiquidVoice|Moonblast,HyperVoice,Haze,Protect|||M|||50|,,,,,Water]Ursaluna||FlameOrb|Guts|Protect,Facade,HeadlongRush,Earthquake|||M|||50|,,,,,Ghost]Amoonguss||RockyHelmet|Regenerator|RagePowder,Spore,FoulPlay,Protect|||F|||50|,,,,,Dark]Armarouge||SitrusBerry|FlashFire|WideGuard,TrickRoom,HeatWave,HelpingHand|||F|||50|,,,,,Grass
|showteam|p2|Garchomp||LifeOrb|RoughSkin|DragonClaw,StompingTantrum,Earthquake,Protect|||F|||50|,,,,,Steel]Tyranitar||AssaultVest|SandStream|KnockOff,RockSlide,LowKick,TeraBlast|||M|||50|,,,,,Flying]Sneasler||PsychicSeed|Unburden|CloseCombat,DireClaw,ThroatChop,Coaching|||M|||50|,,,,,Stellar]Indeedee-F||SafetyGoggles|PsychicSurge|TrickRoom,FollowMe,Imprison,Psychic|||F|||50|,,,,,Fairy]Espeon||ChoiceSpecs|MagicBounce|ExpandingForce,TeraBlast,DazzlingGleam,ShadowBall|||F|||50|,,,,,Fighting]Kilowattrel||CovertCloak|Competitive|Thunderbolt,AirSlash,Tailwind,Protect|||F|||50|,,,,,Ghost
|inactive|Battle timer is ON: inactive players will automatically lose when time's up. (requested by Wikdchikn)
|inactive|Wikdchikn has 60 seconds left.
|inactive|SableyeIsTheGoat has 60 seconds left.
|
|t:|1757780818
|teamsize|p1|4
|teamsize|p2|4
|start
|switch|p1a: Megaman|Armarouge, L50, F|100/100
|switch|p1b: Bear with me|Ursaluna, L50, M|100/100
|switch|p2a: Espeon|Espeon, L50, F|100/100
|switch|p2b: Indeedee|Indeedee-F, L50, F|100/100
|-fieldstart|move: Psychic Terrain|[from] ability: Psychic Surge|[of] p2b: Indeedee
|turn|1
|
|t:|1757780835
|-terastallize|p1b: Bear with me|Ghost
|move|p1a: Megaman|Wide Guard|p1a: Megaman
|-singleturn|p1a: Megaman|Wide Guard
|move|p2a: Espeon|Expanding Force|p1b: Bear with me|[spread] 
|-activate|p1a: Megaman|move: Wide Guard
|-activate|p1b: Bear with me|move: Wide Guard
|move|p2b: Indeedee|Imprison|p2b: Indeedee
|-start|p2b: Indeedee|move: Imprison
|move|p1b: Bear with me|Headlong Rush|p2a: Espeon
|-damage|p2a: Espeon|0 fnt
|-unboost|p1b: Bear with me|def|1
|-unboost|p1b: Bear with me|spd|1
|faint|p2a: Espeon
|
|-status|p1b: Bear with me|brn|[from] item: Flame Orb
|upkeep
|
|t:|1757780839
|switch|p2a: Sneasler|Sneasler, L50, M|100/100
|-enditem|p2a: Sneasler|Psychic Seed
|-boost|p2a: Sneasler|spd|1|[from] item: Psychic Seed
|turn|2
|inactive|Wikdchikn has 30 seconds left.
|
|t:|1757780867
|switch|p1b: Pest|Amoonguss, L50, F|100/100
|move|p2b: Indeedee|Follow Me|p2b: Indeedee
|-singleturn|p2b: Indeedee|move: Follow Me
|move|p2a: Sneasler|Throat Chop|p1a: Megaman
|-supereffective|p1a: Megaman
|-damage|p1a: Megaman|51/100
|-start|p1a: Megaman|Throat Chop|[silent]
|move|p1a: Megaman|Heat Wave|p2b: Indeedee|[spread] p2a,p2b
|-crit|p2a: Sneasler
|-damage|p2a: Sneasler|39/100
|-damage|p2b: Indeedee|75/100
|
|upkeep
|turn|3
|inactive|SableyeIsTheGoat has 30 seconds left.
|
|t:|1757780892
|move|p1b: Pest|Rage Powder|p1b: Pest
|-singleturn|p1b: Pest|move: Rage Powder
|move|p2a: Sneasler|Dire Claw|p1b: Pest
|-damage|p1b: Pest|62/100
|-status|p1b: Pest|par
|-damage|p2a: Sneasler|22/100|[from] item: Rocky Helmet|[of] p1b: Pest
|move|p2b: Indeedee|Psychic|p1b: Pest
|-supereffective|p1b: Pest
|-damage|p1b: Pest|0 fnt
|faint|p1b: Pest
|move|p1a: Megaman|Heat Wave|p2a: Sneasler|[spread] p2a,p2b
|-crit|p2a: Sneasler
|-damage|p2a: Sneasler|0 fnt
|-damage|p2b: Indeedee|46/100
|faint|p2a: Sneasler
|
|-end|p1a: Megaman|Throat Chop|[silent]
|upkeep
|
|t:|1757780911
|switch|p2a: Garchomp|Garchomp, L50, F|100/100
|switch|p1b: Bear with me|Ursaluna, L50, M, tera:Ghost|100/100 brn
|turn|4
|
|t:|1757780937
|move|p2b: Indeedee|Follow Me|p2b: Indeedee
|-singleturn|p2b: Indeedee|move: Follow Me
|move|p2a: Garchomp|Dragon Claw|p1b: Bear with me
|-damage|p1b: Bear with me|58/100 brn
|-damage|p2a: Garchomp|91/100|[from] item: Life Orb
|move|p1a: Megaman|Heat Wave|p2b: Indeedee|[spread] p2a,p2b
|-resisted|p2a: Garchomp
|-damage|p2a: Garchomp|73/100
|-damage|p2b: Indeedee|16/100
|move|p1b: Bear with me|Earthquake|p2a: Garchomp|[spread] p1a,p2a,p2b
|-supereffective|p1a: Megaman
|-damage|p1a: Megaman|0 fnt
|-damage|p2a: Garchomp|9/100
|-damage|p2b: Indeedee|0 fnt
|faint|p1a: Megaman
|faint|p2b: Indeedee
|
|-damage|p1b: Bear with me|52/100 brn|[from] brn
|upkeep
|
|t:|1757780948
|switch|p1a: Selkie and Smooth|Primarina, L50, M|100/100
|turn|5
|-message|SableyeIsTheGoat forfeited.
|
|win|Wikdchikn
||Wikdchikn is ready for game 2.
||SableyeIsTheGoat is ready for game 2.
|uhtml|next|Next: Game 2 of 3
|l|☆Wikdchikn
|player|p1|
|l|☆SableyeIsTheGoat
|player|p2|
