|j|☆Glavenus71601
|j|☆retrisma
|html|Glavenus71601retrisma    
|uhtml|bestof|Game 1 of a best-of-3
|t:|1756166043
|gametype|doubles
|player|p1|Glavenus71601|fisherman-gen4|1111
|player|p2|retrisma|shadowtriad|1057
|gen|9
|tier|[Gen 9] VGC 2025 Reg H (Bo3)
|rated|
|rule|Species Clause: Limit one of each Pokémon
|rule|Item Clause: Limit 1 of each item
|clearpoke
|poke|p1|Pelipper, L50, M|
|poke|p1|Basculegion, L50, M|
|poke|p1|Archaludon, L50, M|
|poke|p1|Gholdengo, L50|
|poke|p1|Incineroar, L50, M|
|poke|p1|Rillaboom, L50, F|
|poke|p2|Annihilape, L50, M|
|poke|p2|Maushold, L50|
|poke|p2|Archaludon, L50, F|
|poke|p2|Pelipper, L50, F|
|poke|p2|Basculegion, L50, M|
|poke|p2|Amoonguss, L50, F|
|teampreview|4
|showteam|p1|Pelipper||FocusSash|Drizzle|WeatherBall,Hurricane,Tailwind,Protect|||M|||50|,,,,,Ghost]Basculegion||ChoiceBand|SwiftSwim|WaveCrash,FlipTurn,LastRespects,AquaJet|||M|||50|,,,,,Water]Archaludon||AssaultVest|Stamina|ElectroShot,BodyPress,DragonPulse,FlashCannon|||M|||50|,,,,,Grass]Gholdengo||MetalCoat|GoodasGold|NastyPlot,ShadowBall,MakeItRain,Protect||||||50|,,,,,Water]Incineroar||SafetyGoggles|Intimidate|KnockOff,FakeOut,PartingShot,FlareBlitz|||M|||50|,,,,,Bug]Rillaboom||LoadedDice|GrassySurge|GrassyGlide,FakeOut,BulletSeed,HighHorsepower|||F|||50|,,,,,Fire
|showteam|p2|Annihilape||SitrusBerry|Defiant|RageFist,CloseCombat,Protect,Taunt|||M|||50|,,,,,Steel]Maushold||SafetyGoggles|FriendGuard|BeatUp,FollowMe,Protect,SuperFang||||||50|,,,,,Ghost]Archaludon||AssaultVest|Stamina|ElectroShot,BodyPress,FlashCannon,DragonPulse|||F|||50|,,,,,Bug]Pelipper||FocusSash|Drizzle|Hurricane,WeatherBall,Protect,Tailwind|||F|||50|,,,,,Stellar]Basculegion||ChoiceBand|SwiftSwim|WaveCrash,LastRespects,AquaJet,FlipTurn|||M|||50|,,,,,Water]Amoonguss||RockyHelmet|Regenerator|Protect,Spore,RagePowder,ClearSmog|||F|||50|,,,,,Water
|
|t:|1756166068
|teamsize|p1|4
|teamsize|p2|4
|start
|switch|p1a: Pelican Sam|Pelipper, L50, M|100/100
|switch|p1b: Rillaboom|Rillaboom, L50, F|100/100
|switch|p2a: Annihilape|Annihilape, L50, M|100/100
|switch|p2b: Maushold|Maushold, L50|100/100
|-weather|RainDance|[from] ability: Drizzle|[of] p1a: Pelican Sam
|-fieldstart|move: Grassy Terrain|[from] ability: Grassy Surge|[of] p1b: Rillaboom
|turn|1
|
|t:|1756166087
|switch|p2a: Archaludon|Archaludon, L50, F|100/100
|move|p2b: Maushold|Beat Up|p2a: Archaludon
|-damage|p2a: Archaludon|99/100
|-ability|p2a: Archaludon|Stamina|boost
|-boost|p2a: Archaludon|def|1
|-damage|p2a: Archaludon|98/100
|-ability|p2a: Archaludon|Stamina|boost
|-boost|p2a: Archaludon|def|1
|-damage|p2a: Archaludon|97/100
|-ability|p2a: Archaludon|Stamina|boost
|-boost|p2a: Archaludon|def|1
|-damage|p2a: Archaludon|97/100
|-ability|p2a: Archaludon|Stamina|boost
|-boost|p2a: Archaludon|def|1
|-hitcount|p2a: Archaludon|4
|move|p1a: Pelican Sam|Tailwind|p1a: Pelican Sam
|-sidestart|p1: Glavenus71601|move: Tailwind
|move|p1b: Rillaboom|Bullet Seed|p2a: Archaludon
|-resisted|p2a: Archaludon
|-damage|p2a: Archaludon|96/100
|-ability|p2a: Archaludon|Stamina|boost
|-boost|p2a: Archaludon|def|1
|-resisted|p2a: Archaludon
|-damage|p2a: Archaludon|96/100
|-ability|p2a: Archaludon|Stamina|boost
|-boost|p2a: Archaludon|def|1
|-resisted|p2a: Archaludon
|-damage|p2a: Archaludon|95/100
|-resisted|p2a: Archaludon
|-crit|p2a: Archaludon
|-damage|p2a: Archaludon|92/100
|-hitcount|p2a: Archaludon|4
|
|-weather|RainDance|[upkeep]
|-heal|p2a: Archaludon|98/100|[from] Grassy Terrain
|upkeep
|turn|2
|-message|Glavenus71601 forfeited.
|
|win|retrisma
|l|☆Glavenus71601
|player|p1|
||Glavenus71601 is ready for game 2.
