|j|☆dariannnn
|j|☆caarlos.g_7
|html|dariannnncaarlos.g_7    
|uhtml|bestof|Game 2 of a best-of-3
|t:|1782208007
|gametype|doubles
|player|p1|dariannnn|silver|1137
|player|p2|caarlos.g_7|grimsley|1096
|gen|9
|tier|[Gen 9 Champions] VGC 2026 Reg M-B (Bo3)
|rated|
|rule|Species Clause: Limit one of each Pokémon
|rule|Item Clause: Limit 1 of each item
|clearpoke
|poke|p1|Farigiraf, L50, F|
|poke|p1|Garchomp, L50, M|
|poke|p1|Aerodactyl, L50, F|
|poke|p1|Sylveon, L50, M|
|poke|p1|Charizard, L50, M|
|poke|p1|Kingambit, L50, M|
|poke|p2|Charizard, L50, F, shiny|
|poke|p2|Whimsicott, L50, F|
|poke|p2|Garchomp, L50, F|
|poke|p2|Gholdengo, L50|
|poke|p2|Kangaskhan, L50, F|
|poke|p2|Incineroar, L50, M, shiny|
|teampreview|4
|showteam|p1|Farigiraf||SitrusBerry|ArmorTail|TrickRoom,Thunderbolt,Psychic,HelpingHand|Bold||F|||50|]Garchomp||LifeOrb|RoughSkin|Earthquake,RockSlide,DragonClaw,Protect|Jolly||M|||50|]Aerodactyl||Aerodactylite|RockHead|IceFang,RockSlide,Tailwind,DualWingbeat|Jolly||F|||50|]Sylveon||FairyFeather|Pixilate|Protect,HyperVoice,HyperBeam,QuickAttack|Modest||M|||50|]Charizard||CharizarditeY|SolarPower|Protect,HeatWave,WeatherBall,SolarBeam|Modest||M|||50|]Kingambit||FocusSash|Defiant|IronHead,KowtowCleave,SuckerPunch,LowKick|Adamant||M|||50|
|showteam|p2|Charizard||CharizarditeY|Blaze|WeatherBall,HeatWave,SolarBeam,Protect|Modest||F|||50|]Whimsicott||FocusSash|Prankster|Moonblast,Tailwind,Encore,Protect|Timid||F|||50|]Garchomp||LifeOrb|RoughSkin|Earthquake,DragonClaw,RockSlide,Protect|Jolly||F|||50|]Gholdengo||SpellTag|GoodasGold|MakeItRain,ShadowBall,NastyPlot,Protect|Modest|||||50|]Kangaskhan||Kangaskhanite|Scrappy|DoubleEdge,IcePunch,LowKick,FakeOut|Adamant||F|||50|]Incineroar||SitrusBerry|Intimidate|FlareBlitz,ThroatChop,PartingShot,FakeOut|Careful||M|||50|
|inactive|Battle timer is ON: inactive players will automatically lose when time's up. (requested by caarlos.g_7)
|
|t:|1782208036
|teamsize|p1|4
|teamsize|p2|4
|start
|switch|p1a: Charizard|Charizard, L50, M|100/100
|switch|p1b: Aerodactyl|Aerodactyl, L50, F|100/100
|switch|p2a: Whimsicott|Whimsicott, L50, F|100/100
|switch|p2b: Garchomp|Garchomp, L50, F|100/100
|turn|1
|
|t:|1782208051
|detailschange|p1b: Aerodactyl|Aerodactyl-Mega, L50, F
|-mega|p1b: Aerodactyl|Aerodactyl|Aerodactylite
|move|p1a: Charizard|Protect|p1a: Charizard
|-singleturn|p1a: Charizard|Protect
|move|p2a: Whimsicott|Tailwind|p2a: Whimsicott
|-sidestart|p2: caarlos.g_7|move: Tailwind
|move|p2b: Garchomp|Rock Slide|p1a: Charizard|[spread] p1b
|-activate|p1a: Charizard|move: Protect
|-supereffective|p1b: Aerodactyl|1
|-damage|p1b: Aerodactyl|39/100
|-damage|p2b: Garchomp|90/100|[from] item: Life Orb
|cant|p1b: Aerodactyl|flinch
|
|upkeep
|turn|2
|inactive|dariannnn has 30 seconds left.
|inactive|caarlos.g_7 has 30 seconds left.
|-message|dariannnn forfeited.
|
|win|caarlos.g_7
||dariannnn is ready for game 3.
||caarlos.g_7 is ready for game 3.
|uhtml|next|Next: Game 3 of 3
