|j|☆EpiclyEpicGamerW
|j|☆Terra35871
|html|EpiclyEpicGamerWTerra35871    
|uhtml|bestof|Game 2 of a best-of-3
|t:|1783549402
|gametype|doubles
|player|p1|EpiclyEpicGamerW|red-masters|1131
|player|p2|Terra35871|cynthia-gen4|1082
|gen|9
|tier|[Gen 9 Champions] VGC 2026 Reg M-B (Bo3)
|rated|
|rule|Species Clause: Limit one of each Pokémon
|rule|Item Clause: Limit 1 of each item
|clearpoke
|poke|p1|Charizard, L50, F|
|poke|p1|Venusaur, L50, F|
|poke|p1|Garchomp, L50, F|
|poke|p1|Milotic, L50, F|
|poke|p1|Kingambit, L50, M|
|poke|p1|Aerodactyl, L50, M|
|poke|p2|Delphox, L50, F|
|poke|p2|Incineroar, L50, F|
|poke|p2|Sinistcha, L50|
|poke|p2|Maushold, L50|
|poke|p2|Blastoise, L50, F|
|poke|p2|Sneasler, L50, M|
|teampreview|4
|showteam|p1|Charizard||CharizarditeY|Blaze|WeatherBall,HeatWave,HelpingHand,Protect|Modest||F|||50|]Venusaur||LifeOrb|Chlorophyll|LeafStorm,SludgeBomb,EarthPower,Protect|Modest||F|||50|]Garchomp||SitrusBerry|RoughSkin|DragonClaw,Earthquake,RockSlide,Protect|Adamant||F|||50|]Milotic||Leftovers|Competitive|Scald,IcyWind,Haze,Protect|Modest||F|||50|]Kingambit||FocusSash|Defiant|KowtowCleave,SuckerPunch,LowKick,Protect|Jolly||M|||50|]Aerodactyl||Aerodactylite|Unnerve|RockSlide,IceFang,Tailwind,WideGuard|Jolly||M|||50|
|showteam|p2|Delphox||Delphoxite|Blaze|Protect,NastyPlot,HeatWave,Psyshock|Modest||F|||50|]Incineroar||PasshoBerry|Intimidate|FlareBlitz,FakeOut,DarkestLariat,PartingShot|Impish||F|||50|]Sinistcha||KasibBerry|Hospitality|Protect,MatchaGotcha,RagePowder,LifeDew|Bold|||||50|]Maushold||FocusSash|FriendGuard|Protect,SuperFang,FollowMe,Feint|Jolly|||||50|]Blastoise||Blastoisinite|RainDish|Protect,ShellSmash,WaterSpout,DarkPulse|Modest||F|||50|]Sneasler||WhiteHerb|Unburden|Protect,FakeOut,GunkShot,CloseCombat|Jolly||M|||50|
|inactive|Battle timer is ON: inactive players will automatically lose when time's up. (requested by EpiclyEpicGamerW)
|j| Agent_999_999
|inactive|EpiclyEpicGamerW has 60 seconds left.
|
|t:|1783549461
|teamsize|p1|4
|teamsize|p2|4
|start
|switch|p1a: Garchomp|Garchomp, L50, F|100/100
|switch|p1b: Aerodactyl|Aerodactyl, L50, M|100/100
|switch|p2a: Blastoise|Blastoise, L50, F|100/100
|switch|p2b: Incineroar|Incineroar, L50, F|100/100
|-ability|p1b: Aerodactyl|Unnerve
|-ability|p2b: Incineroar|Intimidate|boost
|-unboost|p1a: Garchomp|atk|1
|-unboost|p1b: Aerodactyl|atk|1
|turn|1
|inactive|EpiclyEpicGamerW has 30 seconds left.
|
|t:|1783549486
|switch|p1b: Milotic|Milotic, L50, F|100/100
|detailschange|p2a: Blastoise|Blastoise-Mega, L50, F
|-mega|p2a: Blastoise|Blastoise|Blastoisinite
|move|p2b: Incineroar|Fake Out|p1b: Milotic
|-damage|p1b: Milotic|89/100
|move|p1a: Garchomp|Rock Slide|p2a: Blastoise|[spread] p2b
|-miss|p1a: Garchomp|p2a: Blastoise
|-supereffective|p2b: Incineroar|1
|-damage|p2b: Incineroar|81/100
|move|p2a: Blastoise|Shell Smash|p2a: Blastoise
|-unboost|p2a: Blastoise|def|1
|-unboost|p2a: Blastoise|spd|1
|-boost|p2a: Blastoise|atk|2
|-boost|p2a: Blastoise|spa|2
|-boost|p2a: Blastoise|spe|2
|
|-heal|p1b: Milotic|95/100|[from] item: Leftovers
|upkeep
|turn|2
|inactive|Terra35871 has 30 seconds left.
|inactive|Terra35871 has 20 seconds left.
|inactive|Terra35871 has 15 seconds left.
|inactive|Terra35871 has 10 seconds left.
|inactive|Terra35871 has 5 seconds left.
|
|t:|1783549538
|move|p2a: Blastoise|Water Spout|p1b: Milotic|[spread] p1a,p1b
|-resisted|p1b: Milotic|1
|-damage|p1a: Garchomp|0 fnt
|-damage|p1b: Milotic|51/100
|faint|p1a: Garchomp
|move|p1b: Milotic|Haze|p1b: Milotic
|-clearallboost
|move|p2b: Incineroar|Parting Shot|p1b: Milotic
|-unboost|p1b: Milotic|atk|1
|-ability|p1b: Milotic|Competitive|boost
|-boost|p1b: Milotic|spa|2
|-unboost|p1b: Milotic|spa|1
|-ability|p1b: Milotic|Competitive|boost
|-boost|p1b: Milotic|spa|2
|
|t:|1783549554
|switch|p2b: Sneasler|Sneasler, L50, M|100/100|[from] Parting Shot
|
|-heal|p1b: Milotic|57/100|[from] item: Leftovers
|upkeep
|
|t:|1783549559
|switch|p1a: Aerodactyl|Aerodactyl, L50, M|100/100
|-ability|p1a: Aerodactyl|Unnerve
|turn|3
|inactive|Terra35871 has 30 seconds left.
|
|t:|1783549587
|detailschange|p1a: Aerodactyl|Aerodactyl-Mega, L50, M
|-mega|p1a: Aerodactyl|Aerodactyl|Aerodactylite
|move|p2b: Sneasler|Fake Out|p1a: Aerodactyl
|-resisted|p1a: Aerodactyl|1
|-damage|p1a: Aerodactyl|91/100
|cant|p1a: Aerodactyl|flinch
|move|p2a: Blastoise|Water Spout|p1b: Milotic|[spread] p1a,p1b
|-supereffective|p1a: Aerodactyl|1
|-resisted|p1b: Milotic|1
|-damage|p1a: Aerodactyl|0 fnt
|-damage|p1b: Milotic|34/100
|faint|p1a: Aerodactyl
|move|p1b: Milotic|Scald|p2b: Sneasler
|-damage|p2b: Sneasler|0 fnt
|faint|p2b: Sneasler
|
|-heal|p1b: Milotic|40/100|[from] item: Leftovers
|upkeep
|
|t:|1783549606
|switch|p1a: Venusaur|Venusaur, L50, F|100/100
|switch|p2b: Maushold|Maushold, L50|100/100
|turn|4
|inactive|EpiclyEpicGamerW has 30 seconds left.
|inactive|Terra35871 has 30 seconds left.
|inactive|EpiclyEpicGamerW has 20 seconds left.
|inactive|Terra35871 has 20 seconds left.
|
|t:|1783549654
|move|p2b: Maushold|Super Fang|p1a: Venusaur
|-damage|p1a: Venusaur|50/100g
|move|p1a: Venusaur|Sludge Bomb|p2b: Maushold
|-damage|p2b: Maushold|11/100
|-status|p2b: Maushold|psn
|-damage|p1a: Venusaur|40/100|[from] item: Life Orb
|move|p2a: Blastoise|Dark Pulse|p1a: Venusaur
|-damage|p1a: Venusaur|0 fnt
|faint|p1a: Venusaur
|move|p1b: Milotic|Haze|p1b: Milotic
|-clearallboost
|
|-heal|p1b: Milotic|46/100|[from] item: Leftovers
|-damage|p2b: Maushold|0 fnt|[from] psn
|faint|p2b: Maushold
|upkeep
|-message|EpiclyEpicGamerW forfeited.
|
|win|Terra35871
||EpiclyEpicGamerW is ready for game 3.
|l|☆Terra35871
|player|p2|
|l| Agent_999_999
|inactive|Terra35871 has 30 seconds to confirm battle start!
||Terra35871 is ready for game 3.
|uhtml|next|Next: Game 3 of 3
