|j|☆irishshyguy
|j|☆robotarmadillo
|html|irishshyguyrobotarmadillo    
|uhtml|bestof|Game 2 of a best-of-3
|t:|1782679312
|gametype|doubles
|player|p1|irishshyguy|ninjaboy|
|player|p2|robotarmadillo|lucas|
|gen|9
|tier|[Gen 9 Champions] VGC 2026 Reg M-B (Bo3)
|rule|Species Clause: Limit one of each Pokémon
|rule|Item Clause: Limit 1 of each item
|clearpoke
|poke|p1|Farigiraf, L50, M|
|poke|p1|Gardevoir, L50, F|
|poke|p1|Diggersby, L50, M|
|poke|p1|Incineroar, L50, F|
|poke|p1|Sneasler, L50, F|
|poke|p1|Samurott, L50, F|
|poke|p2|Kingambit, L50, F|
|poke|p2|Whimsicott, L50, M|
|poke|p2|Charizard, L50, F|
|poke|p2|Sandaconda, L50, F|
|poke|p2|Feraligatr, L50, F|
|poke|p2|Froslass, L50, F|
|teampreview|4
|showteam|p1|Farigiraf||Leftovers|ArmorTail|TrickRoom,PsychicNoise,DazzlingGleam,Protect|Sassy||M|||50|]Gardevoir||Gardevoirite|Trace|HyperVoice,TrickRoom,Psychic,Protect|Sassy||F|||50|]Diggersby||LifeOrb|HugePower|HighHorsepower,Uturn,Facade,Protect|Jolly||M|||50|]Incineroar||SitrusBerry|Intimidate|FakeOut,PartingShot,FlareBlitz,DarkestLariat|Adamant||F|||50|]Sneasler||FocusSash|Pressure|CloseCombat,DireClaw,Feint,Protect|Jolly||F|||50|]Samurott||MuscleBand|Torrent|RazorShell,AquaJet,SacredSword,Megahorn|Adamant||F|||50|
|showteam|p2|Kingambit||BlackGlasses|Defiant|KowtowCleave,IronHead,SuckerPunch,Protect|Adamant||F|||50|]Whimsicott||FocusSash|Prankster|Tailwind,Moonblast,Encore,Protect|Bold||M|||50|]Charizard||CharizarditeX|SolarPower|FlareBlitz,DragonClaw,DragonDance,Protect|Adamant||F|||50|]Sandaconda||Leftovers|SandSpit|HighHorsepower,Glare,RockSlide,Protect|Impish||F|||50|]Feraligatr||LifeOrb|SheerForce|IcePunch,Crunch,Protect,Liquidation|Adamant||F|||50|]Froslass||ExpertBelt|SnowCloak|IcyWind,ShadowBall,WillOWisp,DestinyBond|Timid||F|||50|
|
|t:|1782679501
|teamsize|p1|4
|teamsize|p2|4
|start
|switch|p1a: Farigiraf|Farigiraf, L50, M|100/100
|switch|p1b: Sneasler|Sneasler, L50, F|100/100
|switch|p2a: Froslass|Froslass, L50, F|100/100
|switch|p2b: Kingambit|Kingambit, L50, F|100/100
|-ability|p1b: Sneasler|Pressure
|turn|1
|
|t:|1782679628
|move|p1b: Sneasler|Close Combat|p2b: Kingambit
|-supereffective|p2b: Kingambit|2
|-damage|p2b: Kingambit|0 fnt
|-unboost|p1b: Sneasler|def|1
|-unboost|p1b: Sneasler|spd|1
|faint|p2b: Kingambit
|move|p2a: Froslass|Icy Wind|p1a: Farigiraf|[spread] p1a,p1b
|-crit|p1a: Farigiraf
|-damage|p1a: Farigiraf|83/100
|-damage|p1b: Sneasler|67/100
|-unboost|p1a: Farigiraf|spe|1
|-unboost|p1b: Sneasler|spe|1
|move|p1a: Farigiraf|Trick Room|p1a: Farigiraf
|-fieldstart|move: Trick Room|[of] p1a: Farigiraf
|
|-heal|p1a: Farigiraf|89/100|[from] item: Leftovers
|upkeep
|
|t:|1782679692
|switch|p2b: Charizard|Charizard, L50, F|100/100
|turn|2
|
|t:|1782679785
|detailschange|p2b: Charizard|Charizard-Mega-X, L50, F
|-mega|p2b: Charizard|Charizard|Charizardite X
|move|p1a: Farigiraf|Psychic Noise|p2b: Charizard
|-damage|p2b: Charizard|58/100
|-start|p2b: Charizard|move: Heal Block
|move|p1b: Sneasler|Dire Claw|p2a: Froslass
|-resisted|p2a: Froslass|1
|-damage|p2a: Froslass|67/100
|move|p2b: Charizard|Flare Blitz|p1a: Farigiraf
|-damage|p1a: Farigiraf|0 fnt
|faint|p1a: Farigiraf
|-damage|p2b: Charizard|15/100|[from] Recoil
|move|p2a: Froslass|Will-O-Wisp|p1b: Sneasler
|-status|p1b: Sneasler|brn
|
|-damage|p1b: Sneasler|61/100 brn|[from] brn
|upkeep
|
|t:|1782679829
|switch|p1a: Gardevoir|Gardevoir, L50, F|100/100
|-ability|p1a: Gardevoir|Tough Claws|Trace|[from] ability: Trace|[of] p2b: Charizard
|turn|3
|
|t:|1782679972
|detailschange|p1a: Gardevoir|Gardevoir-Mega, L50, F
|-mega|p1a: Gardevoir|Gardevoir|Gardevoirite
|move|p1b: Sneasler|Protect|p1b: Sneasler
|-singleturn|p1b: Sneasler|Protect
|move|p2b: Charizard|Protect|p2b: Charizard
|-singleturn|p2b: Charizard|Protect
|move|p1a: Gardevoir|Hyper Voice|p2a: Froslass|[spread] p2a
|-activate|p2b: Charizard|move: Protect
|-damage|p2a: Froslass|0 fnt
|faint|p2a: Froslass
|
|-damage|p1b: Sneasler|56/100 brn|[from] brn
|-end|p2b: Charizard|move: Heal Block
|upkeep
|
|t:|1782680005
|switch|p2a: Whimsicott|Whimsicott, L50, M|100/100
|turn|4
|
|t:|1782680150
|move|p1a: Gardevoir|Hyper Voice|p2a: Whimsicott|[spread] p2a,p2b
|-damage|p2a: Whimsicott|40/100
|-damage|p2b: Charizard|0 fnt
|faint|p2b: Charizard
|move|p1b: Sneasler|Dire Claw|p2a: Whimsicott
|-supereffective|p2a: Whimsicott|2
|-damage|p2a: Whimsicott|0 fnt
|faint|p2a: Whimsicott
|
|win|irishshyguy
