|j|☆llufamistica
|j|☆MSAtlos
|html|llufamisticaMSAtlos    
|uhtml|bestof|Game 1 of a best-of-3
|t:|1756891845
|gametype|doubles
|player|p1|llufamistica|169|1063
|player|p2|MSAtlos|169|1101
|gen|9
|tier|[Gen 9] VGC 2025 Reg H (Bo3)
|rated|
|rule|Species Clause: Limit one of each Pokémon
|rule|Item Clause: Limit 1 of each item
|clearpoke
|poke|p1|Murkrow, L50, M|
|poke|p1|Garchomp, L50, M|
|poke|p1|Toxtricity, L50, M|
|poke|p1|Zoroark-Hisui, L50, F|
|poke|p1|Indeedee-F, L50, F|
|poke|p1|Annihilape, L50, M|
|poke|p2|Baxcalibur, L50, F|
|poke|p2|Rillaboom, L50, M|
|poke|p2|Sneasler, L50, F|
|poke|p2|Volcarona, L50, M|
|poke|p2|Annihilape, L50, F|
|poke|p2|Maushold-Four, L50|
|teampreview|4
|showteam|p1|Murkrow||Eviolite|Prankster|Tailwind,BraveBird,Quash,Haze|||M|||50|,,,,,Ghost]Garchomp||LifeOrb|RoughSkin|Earthquake,IronHead,RockSlide,Protect|||M|||50|,,,,,Steel]Toxtricity||ChoiceSpecs|PunkRock|Boomburst,Overdrive,VoltSwitch,SludgeBomb|||M|||50|,,,,,Normal]Zoroark-Hisui||FocusSash|Illusion|ShadowBall,Protect,HyperVoice,NastyPlot|||F|||50|,,,,,Stellar]Indeedee-F||SafetyGoggles|Synchronize|FollowMe,HelpingHand,FakeOut,ShadowBall|||F|||50|,,,,,Ghost]Annihilape||ChoiceScarf|Defiant|FinalGambit,HelpingHand,ShadowClaw,CloseCombat|||M|||50|,,,,,Grass
|showteam|p2|Baxcalibur||LoadedDice|ThermalExchange|Protect,IcicleSpear,ScaleShot,IceShard|||F|||50|,,,,,Poison]Rillaboom||AssaultVest|GrassySurge|WoodHammer,GrassyGlide,FakeOut,HighHorsepower|||M|||50|,,,,,Water]Sneasler||FocusSash|Unburden|Protect,CloseCombat,DireClaw,Coaching|||F|||50|,,,,,Stellar]Volcarona||CovertCloak|FlameBody|HeatWave,TeraBlast,QuiverDance,RagePowder|||M|||50|,,,,,Fairy]Annihilape||SitrusBerry|Defiant|DrainPunch,RageFist,BulkUp,Protect|||F|||50|,,,,,Fire]Maushold-Four||SafetyGoggles|FriendGuard|BeatUp,Taunt,FollowMe,Protect||||||50|,,,,,Ghost
|inactive|Battle timer is ON: inactive players will automatically lose when time's up. (requested by llufamistica)
|inactive|llufamistica has 60 seconds left.
|inactive|llufamistica has 30 seconds left.
|inactive|llufamistica has 20 seconds left.
|inactive|llufamistica has 15 seconds left.
|
|t:|1756891942
|teamsize|p1|4
|teamsize|p2|4
|start
|switch|p1a: Murkrow|Murkrow, L50, M, shiny|100/100
|switch|p1b: Garchomp|Garchomp, L50, M, shiny|100/100
|switch|p2a: Baxcalibur|Baxcalibur, L50, F|100/100
|switch|p2b: Sneasler|Sneasler, L50, F|100/100
|turn|1
|inactive|llufamistica has 30 seconds left.
|inactive|MSAtlos has 30 seconds left.
|inactive|llufamistica has 20 seconds left.
|inactive|llufamistica has 15 seconds left.
|inactive|llufamistica has 10 seconds left.
|inactive|llufamistica has 5 seconds left.
|inactive|MSAtlos has 20 seconds left.
|inactive|MSAtlos has 15 seconds left.
|
|t:|1756891998
|-terastallize|p1b: Garchomp|Steel
|move|p2b: Sneasler|Close Combat|p1b: Garchomp
|-supereffective|p1b: Garchomp
|-damage|p1b: Garchomp|0 fnt
|-unboost|p2b: Sneasler|def|1
|-unboost|p2b: Sneasler|spd|1
|-damage|p2b: Sneasler|88/100|[from] ability: Rough Skin|[of] p1b: Garchomp
|faint|p1b: Garchomp
|move|p2a: Baxcalibur|Scale Shot|p1a: Murkrow
|-damage|p1a: Murkrow|86/100
|-damage|p1a: Murkrow|72/100
|-damage|p1a: Murkrow|57/100
|-damage|p1a: Murkrow|44/100
|-damage|p1a: Murkrow|31/100
|-hitcount|p1a: Murkrow|5
|-unboost|p2a: Baxcalibur|def|1
|-boost|p2a: Baxcalibur|spe|1
|move|p1a: Murkrow|Brave Bird|p2a: Baxcalibur
|-damage|p2a: Baxcalibur|47/100
|-damage|p1a: Murkrow|11/100|[from] Recoil
|
|upkeep
|
|t:|1756892020
|switch|p1b: Toxtricity|Toxtricity, L50, M, shiny|100/100
|turn|2
|
|t:|1756892028
|move|p2a: Baxcalibur|Protect|p2a: Baxcalibur
|-singleturn|p2a: Baxcalibur|Protect
|move|p1a: Murkrow|Tailwind|p1a: Murkrow
|-sidestart|p1: llufamistica|move: Tailwind
|move|p1b: Toxtricity|Boomburst|p2a: Baxcalibur|[spread] p1a,p2b
|-activate|p2a: Baxcalibur|move: Protect
|-crit|p1a: Murkrow
|-damage|p1a: Murkrow|0 fnt
|-damage|p2b: Sneasler|0 fnt
|faint|p1a: Murkrow
|faint|p2b: Sneasler
|
|upkeep
|
|t:|1756892042
|switch|p2b: Rillaboom|Rillaboom, L50, M|100/100
|switch|p1a: Indeedee|Indeedee-F, L50, F|100/100
|-fieldstart|move: Grassy Terrain|[from] ability: Grassy Surge|[of] p2b: Rillaboom
|turn|3
|
|t:|1756892060
|move|p1a: Indeedee|Fake Out|p2b: Rillaboom
|-damage|p2b: Rillaboom|93/100
|cant|p2b: Rillaboom|flinch
|move|p1b: Toxtricity|Boomburst|p2b: Rillaboom|[spread] p1a,p2a,p2b
|-damage|p1a: Indeedee|36/100
|-damage|p2a: Baxcalibur|0 fnt
|-damage|p2b: Rillaboom|53/100
|faint|p2a: Baxcalibur
|
|-heal|p1a: Indeedee|42/100|[from] Grassy Terrain
|-heal|p2b: Rillaboom|59/100|[from] Grassy Terrain
|upkeep
|
|t:|1756892068
|switch|p2a: Maushold|Maushold-Four, L50|100/100
|turn|4
|inactive|MSAtlos has 30 seconds left.
|inactive|llufamistica has 30 seconds left.
|inactive|MSAtlos has 20 seconds left.
|inactive|llufamistica has 20 seconds left.
|
|t:|1756892110
|move|p1a: Indeedee|Helping Hand|p1b: Toxtricity
|-singleturn|p1b: Toxtricity|Helping Hand|[of] p1a: Indeedee
|move|p1b: Toxtricity|Boomburst|p2b: Rillaboom|[spread] p1a,p2a,p2b
|-damage|p1a: Indeedee|0 fnt
|-damage|p2a: Maushold|0 fnt
|-damage|p2b: Rillaboom|8/100
|faint|p1a: Indeedee
|faint|p2a: Maushold
|move|p2b: Rillaboom|High Horsepower|p1b: Toxtricity
|-supereffective|p1b: Toxtricity
|-damage|p1b: Toxtricity|0 fnt
|faint|p1b: Toxtricity
|
|win|MSAtlos
||MSAtlos is ready for game 2.
|inactive|llufamistica has 30 seconds to confirm battle start!
||llufamistica is ready for game 2.
|uhtml|next|Next: Game 2 of 3
