|j|☆Guitarspear
|j|☆jomivgc
|html|Guitarspearjomivgc    
|uhtml|bestof|Game 1 of a best-of-3
|t:|1784038130
|gametype|doubles
|player|p1|Guitarspear|266|1000
|player|p2|jomivgc|falkner-gen2|1122
|gen|9
|tier|[Gen 9 Champions] VGC 2026 Reg M-B (Bo3)
|rated|
|rule|Species Clause: Limit one of each Pokémon
|rule|Item Clause: Limit 1 of each item
|clearpoke
|poke|p1|Noivern, L50, M|
|poke|p1|Azumarill, L50, M|
|poke|p1|Sceptile, L50, M, shiny|
|poke|p1|Farigiraf, L50, F|
|poke|p1|Sneasler, L50, F|
|poke|p1|Metagross, L50|
|poke|p2|Charizard, L50, F|
|poke|p2|Pelipper, L50, F|
|poke|p2|Archaludon, L50, F|
|poke|p2|Grimmsnarl, L50, M|
|poke|p2|Basculegion, L50, M|
|poke|p2|Venusaur, L50, F|
|teampreview|4
|showteam|p1|Noivern||MentalHerb|Frisk|Tailwind,DragonCheer,DracoMeteor,Hurricane|Timid||M|||50|]Azumarill||SitrusBerry|HugePower|AquaJet,BellyDrum,PlayRough,Protect|Adamant||M|||50|]Sceptile||Sceptilite|Overgrow|SwordsDance,LeafBlade,CrossPoison,Detect|Adamant||M|||50|]Farigiraf||SilkScarf|ArmorTail|HyperVoice,TrickRoom,Imprison,Psychic|Modest||F|||50|]Sneasler||FocusSash|Unburden|CloseCombat,DireClaw,FakeOut,Coaching|Jolly||F|||50|]Metagross||LifeOrb|ClearBody|Protect,StompingTantrum,BulletPunch,MeteorMash|Adamant|||||50|
|showteam|p2|Charizard||CharizarditeY|Blaze|Protect,HeatWave,SolarBeam,WeatherBall|Modest||F|||50|]Pelipper||SitrusBerry|Drizzle|Hurricane,WeatherBall,Tailwind,WideGuard|Modest||F|||50|]Archaludon||Leftovers|Stamina|ElectroShot,FlashCannon,Protect,DragonPulse|Modest||F|||50|]Grimmsnarl||LightClay|Prankster|LightScreen,PartingShot,Reflect,SpiritBreak|Careful||M|||50|]Basculegion||ChoiceScarf|Adaptability|LastRespects,AquaJet,WaveCrash,FlipTurn|Adamant||M|||50|]Venusaur||FocusSash|Chlorophyll|SludgeBomb,Protect,EarthPower,SleepPowder|Modest||F|||50|
|inactive|Battle timer is ON: inactive players will automatically lose when time's up. (requested by jomivgc)
|inactive|jomivgc has 60 seconds left.
|c|☆Guitarspear|Nice team
|
|t:|1784038185
|teamsize|p1|4
|teamsize|p2|4
|start
|switch|p1a: Farigiraf|Farigiraf, L50, F|100/100
|switch|p1b: Azumarill|Azumarill, L50, M|100/100
|switch|p2a: Pelipper|Pelipper, L50, F|100/100
|switch|p2b: Archaludon|Archaludon, L50, F|100/100
|-weather|RainDance|[from] ability: Drizzle|[of] p2a: Pelipper
|turn|1
|inactive|jomivgc has 30 seconds left.
|
|t:|1784038219
|move|p2a: Pelipper|Hurricane|p1a: Farigiraf
|-damage|p1a: Farigiraf|54/100
|-start|p1a: Farigiraf|confusion
|move|p2b: Archaludon|Electro Shot||[still]
|-prepare|p2b: Archaludon|Electro Shot
|-boost|p2b: Archaludon|spa|1
|-anim|p2b: Archaludon|Electro Shot|p1a: Farigiraf
|-damage|p1a: Farigiraf|0 fnt
|faint|p1a: Farigiraf
|move|p1b: Azumarill|Belly Drum|p1b: Azumarill
|-damage|p1b: Azumarill|50/100y
|-setboost|p1b: Azumarill|atk|6|[from] move: Belly Drum
|-enditem|p1b: Azumarill|Sitrus Berry|[eat]
|-heal|p1b: Azumarill|74/100|[from] item: Sitrus Berry
|
|-weather|RainDance|[upkeep]
|upkeep
|
|t:|1784038232
|switch|p1a: Sceptile|Sceptile, L50, M, shiny|100/100
|turn|2
|
|t:|1784038242
|detailschange|p1a: Sceptile|Sceptile-Mega, L50, M, shiny
|-mega|p1a: Sceptile|Sceptile|Sceptilite
|move|p1a: Sceptile|Swords Dance|p1a: Sceptile
|-boost|p1a: Sceptile|atk|2
|move|p2a: Pelipper|Hurricane|p1a: Sceptile
|-supereffective|p1a: Sceptile|1
|-damage|p1a: Sceptile|0 fnt
|faint|p1a: Sceptile
|move|p2b: Archaludon|Electro Shot||[still]
|-prepare|p2b: Archaludon|Electro Shot
|-boost|p2b: Archaludon|spa|1
|-anim|p2b: Archaludon|Electro Shot|p1b: Azumarill
|-supereffective|p1b: Azumarill|1
|-damage|p1b: Azumarill|0 fnt
|faint|p1b: Azumarill
|
|-weather|RainDance|[upkeep]
|upkeep
|
|t:|1784038250
|switch|p1b: Noivern|Noivern, L50, M|100/100
|-item|p2a: Pelipper|Sitrus Berry|[from] ability: Frisk|[of] p1b: Noivern
|-item|p2b: Archaludon|Leftovers|[from] ability: Frisk|[of] p1b: Noivern
|turn|3
|
|t:|1784038265
|move|p1b: Noivern|Draco Meteor|p2b: Archaludon
|-damage|p2b: Archaludon|46/100
|-unboost|p1b: Noivern|spa|2
|-ability|p2b: Archaludon|Stamina|boost
|-boost|p2b: Archaludon|def|1
|move|p2a: Pelipper|Hurricane|p1b: Noivern
|-crit|p1b: Noivern
|-damage|p1b: Noivern|21/100
|move|p2b: Archaludon|Dragon Pulse|p1b: Noivern
|-supereffective|p1b: Noivern|1
|-damage|p1b: Noivern|0 fnt
|faint|p1b: Noivern
|
|win|jomivgc
||Guitarspear is ready for game 2.
