|j|☆nastyman21
|j|☆PamamoDaisukiKo
|html|nastyman21PamamoDaisukiKo    
|uhtml|bestof|Game 1 of a best-of-3
|t:|1756979791
|gametype|doubles
|player|p1|nastyman21|1|1112
|player|p2|PamamoDaisukiKo|dawn|1165
|gen|9
|tier|[Gen 9] VGC 2025 Reg H (Bo3)
|rated|
|rule|Species Clause: Limit one of each Pokémon
|rule|Item Clause: Limit 1 of each item
|clearpoke
|poke|p1|Gholdengo, L50|
|poke|p1|Amoonguss, L50, M|
|poke|p1|Annihilape, L50, F|
|poke|p1|Incineroar, L50, M|
|poke|p1|Sneasler, L50, F|
|poke|p1|Kingambit, L50, M|
|poke|p2|Dondozo, L50, M|
|poke|p2|Tatsugiri, L50, F|
|poke|p2|Pawmot, L50, F|
|poke|p2|Annihilape, L50, M|
|poke|p2|Maushold, L50|
|poke|p2|Talonflame, L50, M|
|teampreview|4
|showteam|p1|Gholdengo||Leftovers|GoodasGold|Protect,NastyPlot,MakeItRain,ShadowBall||||||50|,,,,,Steel]Amoonguss||RockyHelmet|Regenerator|Protect,RagePowder,Spore,PollenPuff|||M|||50|,,,,,Water]Annihilape||SitrusBerry|Defiant|Protect,BulkUp,DrainPunch,RageFist|||F|||50|,,,,,Fire]Incineroar||SafetyGoggles|Intimidate|FakeOut,KnockOff,PartingShot,WillOWisp|||M|||50|,,,,,Ghost]Sneasler||FocusSash|PoisonTouch|Protect,FakeOut,DireClaw,CloseCombat|||F|||50|,,,,,Poison]Kingambit||AssaultVest|Defiant|KowtowCleave,LowKick,SuckerPunch,IronHead|||M|||50|,,,,,Flying
|showteam|p2|Dondozo||Leftovers|Unaware|OrderUp,WaveCrash,Earthquake,Protect|||M|||50|,,,,,Grass]Tatsugiri||ChoiceScarf|Commander|MuddyWater,IcyWind,DracoMeteor,DragonPulse|||F|||50|,,,,,Ghost]Pawmot||FocusSash|VoltAbsorb|DoubleShock,CloseCombat,RevivalBlessing,Protect|||F|||50|,,,,,Electric]Annihilape||SitrusBerry|Defiant|DrainPunch,RageFist,BulkUp,Protect|||M|||50|,,,,,Water]Maushold||SafetyGoggles|FriendGuard|BeatUp,Taunt,FollowMe,Protect||||||50|,,,,,Fairy]Talonflame||CovertCloak|GaleWings|DualWingbeat,FlareBlitz,Tailwind,WillOWisp|||M|||50|,,,,,Flying
|inactive|Battle timer is ON: inactive players will automatically lose when time's up. (requested by nastyman21)
|inactive|nastyman21 has 60 seconds left.
|inactive|PamamoDaisukiKo has 60 seconds left.
|
|t:|1756979824
|teamsize|p1|4
|teamsize|p2|4
|start
|switch|p1a: Sneasler|Sneasler, L50, F|100/100
|switch|p1b: Amoonguss|Amoonguss, L50, M, shiny|100/100
|switch|p2a: Maushold|Maushold, L50|100/100
|switch|p2b: Talonflame|Talonflame, L50, M|100/100
|turn|1
|inactive|PamamoDaisukiKo has 30 seconds left.
|inactive|PamamoDaisukiKo has 20 seconds left.
|inactive|PamamoDaisukiKo has 15 seconds left.
|inactive|PamamoDaisukiKo has 10 seconds left.
|
|t:|1756979872
|move|p1a: Sneasler|Fake Out|p2a: Maushold
|-damage|p2a: Maushold|84/100
|move|p2b: Talonflame|Tailwind|p2b: Talonflame
|-sidestart|p2: PamamoDaisukiKo|move: Tailwind
|cant|p2a: Maushold|flinch
|move|p1b: Amoonguss|Spore|p2b: Talonflame
|-status|p2b: Talonflame|slp|[from] move: Spore
|
|upkeep
|turn|2
|
|t:|1756979888
|switch|p2b: Annihilape|Annihilape, L50, M|100/100
|switch|p1b: Incineroar|Incineroar, L50, M|100/100
|-ability|p1b: Incineroar|Intimidate|boost
|-unboost|p2a: Maushold|atk|1
|-unboost|p2b: Annihilape|atk|1
|-ability|p2b: Annihilape|Defiant|boost
|-boost|p2b: Annihilape|atk|2
|move|p2a: Maushold|Beat Up|p2b: Annihilape
|-damage|p2b: Annihilape|99/100
|-damage|p2b: Annihilape|98/100
|-damage|p2b: Annihilape|96/100
|-hitcount|p2b: Annihilape|3
|move|p1a: Sneasler|Dire Claw|p2a: Maushold
|-damage|p2a: Maushold|34/100
|-status|p2a: Maushold|slp
|
|upkeep
|turn|3
|inactive|PamamoDaisukiKo has 30 seconds left.
|inactive|PamamoDaisukiKo has 20 seconds left.
|inactive|PamamoDaisukiKo has 15 seconds left.
|inactive|PamamoDaisukiKo has 10 seconds left.
|
|t:|1756979934
|switch|p2b: Talonflame|Talonflame, L50, M|100/100 slp
|cant|p2a: Maushold|slp
|move|p1a: Sneasler|Dire Claw|p2b: Talonflame
|-damage|p2b: Talonflame|56/100 slp
|move|p1b: Incineroar|Will-O-Wisp||[still]
|-fail|p1b: Incineroar
|
|upkeep
|turn|4
|
|t:|1756979948
|cant|p2b: Talonflame|slp
|cant|p2a: Maushold|slp
|move|p1a: Sneasler|Dire Claw|p2b: Talonflame
|-crit|p2b: Talonflame
|-damage|p2b: Talonflame|0 fnt
|faint|p2b: Talonflame
|move|p1b: Incineroar|Knock Off|p2a: Maushold
|-damage|p2a: Maushold|0 fnt
|-enditem|p2a: Maushold|Safety Goggles|[from] move: Knock Off|[of] p1b: Incineroar
|faint|p2a: Maushold
|
|-sideend|p2: PamamoDaisukiKo|move: Tailwind
|upkeep
|
|t:|1756979952
|switch|p2b: Pawmot|Pawmot, L50, F|100/100
|switch|p2a: Annihilape|Annihilape, L50, M|96/100
|turn|5
|
|t:|1756979962
|move|p1a: Sneasler|Dire Claw|p2b: Pawmot
|-damage|p2b: Pawmot|37/100
|-status|p2b: Pawmot|psn
|move|p2b: Pawmot|Revival Blessing|p2b: Pawmot
|
|t:|1756979966
|-heal|p2: Maushold|50/100|[from] move: Revival Blessing
|move|p2a: Annihilape|Bulk Up|p2a: Annihilape
|-boost|p2a: Annihilape|atk|1
|-boost|p2a: Annihilape|def|1
|move|p1b: Incineroar|Will-O-Wisp|p2a: Annihilape|[miss]
|-miss|p1b: Incineroar|p2a: Annihilape
|
|-damage|p2b: Pawmot|24/100 psn|[from] psn
|upkeep
|turn|6
|
|t:|1756979988
|move|p2b: Pawmot|Protect|p2b: Pawmot
|-singleturn|p2b: Pawmot|Protect
|move|p1a: Sneasler|Dire Claw|p2b: Pawmot
|-activate|p2b: Pawmot|move: Protect
|move|p2a: Annihilape|Rage Fist|p1a: Sneasler
|-enditem|p1a: Sneasler|Focus Sash
|-damage|p1a: Sneasler|1/100
|move|p1b: Incineroar|Will-O-Wisp|p2a: Annihilape
|-status|p2a: Annihilape|brn
|
|-damage|p2b: Pawmot|12/100 psn|[from] psn
|-damage|p2a: Annihilape|90/100 brn|[from] brn
|upkeep
|turn|7
|inactive|nastyman21 has 30 seconds left.
|
|t:|1756980016
|move|p1a: Sneasler|Dire Claw|p2b: Pawmot
|-damage|p2b: Pawmot|0 fnt
|faint|p2b: Pawmot
|move|p2a: Annihilape|Bulk Up|p2a: Annihilape
|-boost|p2a: Annihilape|atk|1
|-boost|p2a: Annihilape|def|1
|move|p1b: Incineroar|Knock Off|p2a: Annihilape
|-damage|p2a: Annihilape|68/100 brn
|-enditem|p2a: Annihilape|Sitrus Berry|[from] move: Knock Off|[of] p1b: Incineroar
|
|-damage|p2a: Annihilape|61/100 brn|[from] brn
|upkeep
|
|t:|1756980018
|switch|p2b: Maushold|Maushold, L50|50/100
|turn|8
|inactive|PamamoDaisukiKo has 30 seconds left.
|inactive|nastyman21 has 30 seconds left.
|inactive|PamamoDaisukiKo has 20 seconds left.
|
|t:|1756980055
|move|p2a: Annihilape|Protect|p2a: Annihilape
|-singleturn|p2a: Annihilape|Protect
|move|p1a: Sneasler|Close Combat|p2b: Maushold
|-supereffective|p2b: Maushold
|-damage|p2b: Maushold|0 fnt
|-unboost|p1a: Sneasler|def|1
|-unboost|p1a: Sneasler|spd|1
|faint|p2b: Maushold
|move|p1b: Incineroar|Knock Off|p2a: Annihilape
|-activate|p2a: Annihilape|move: Protect
|
|-damage|p2a: Annihilape|55/100 brn|[from] brn
|upkeep
|turn|9
|
|t:|1756980067
|move|p1a: Sneasler|Dire Claw|p2a: Annihilape
|-resisted|p2a: Annihilape
|-damage|p2a: Annihilape|44/100 brn
|move|p2a: Annihilape|Drain Punch|p1b: Incineroar
|-supereffective|p1b: Incineroar
|-damage|p1b: Incineroar|41/100
|-heal|p2a: Annihilape|76/100 brn|[from] drain|[of] p1b: Incineroar
|move|p1b: Incineroar|Knock Off|p2a: Annihilape
|-damage|p2a: Annihilape|62/100 brn
|
|-damage|p2a: Annihilape|56/100 brn|[from] brn
|upkeep
|turn|10
|inactive|nastyman21 has 30 seconds left.
|inactive|PamamoDaisukiKo has 30 seconds left.
|
|t:|1756980104
|switch|p1a: Amoonguss|Amoonguss, L50, M, shiny|100/100
|move|p2a: Annihilape|Rage Fist|p1a: Amoonguss
|-damage|p1a: Amoonguss|0 fnt
|-damage|p2a: Annihilape|39/100 brn|[from] item: Rocky Helmet|[of] p1a: Amoonguss
|faint|p1a: Amoonguss
|move|p1b: Incineroar|Knock Off|p2a: Annihilape
|-damage|p2a: Annihilape|24/100 brn
|
|-damage|p2a: Annihilape|18/100 brn|[from] brn
|upkeep
|
|t:|1756980116
|switch|p1a: Sneasler|Sneasler, L50, F|1/100
|turn|11
|
|t:|1756980122
|move|p1a: Sneasler|Dire Claw|p2a: Annihilape
|-resisted|p2a: Annihilape
|-damage|p2a: Annihilape|7/100 brn
|move|p2a: Annihilape|Drain Punch|p1b: Incineroar
|-supereffective|p1b: Incineroar
|-damage|p1b: Incineroar|0 fnt
|-heal|p2a: Annihilape|29/100 brn|[from] drain|[of] p1b: Incineroar
|faint|p1b: Incineroar
|
|-damage|p2a: Annihilape|22/100 brn|[from] brn
|upkeep
|
|t:|1756980128
|switch|p1b: Annihilape|Annihilape, L50, F, shiny|100/100
|turn|12
|
|t:|1756980143
|move|p1a: Sneasler|Protect|p1a: Sneasler
|-singleturn|p1a: Sneasler|Protect
|move|p1b: Annihilape|Protect|p1b: Annihilape
|-singleturn|p1b: Annihilape|Protect
|move|p2a: Annihilape|Drain Punch|p1a: Sneasler
|-activate|p1a: Sneasler|move: Protect
|
|-damage|p2a: Annihilape|16/100 brn|[from] brn
|upkeep
|turn|13
|inactive|nastyman21 has 30 seconds left.
|
|t:|1756980170
|-terastallize|p1a: Sneasler|Poison
|move|p1a: Sneasler|Dire Claw|p2a: Annihilape
|-resisted|p2a: Annihilape
|-damage|p2a: Annihilape|2/100 brn
|move|p2a: Annihilape|Drain Punch|p1a: Sneasler
|-resisted|p1a: Sneasler
|-damage|p1a: Sneasler|0 fnt
|-heal|p2a: Annihilape|2/100 brn|[from] drain|[of] p1a: Sneasler
|faint|p1a: Sneasler
|move|p1b: Annihilape|Rage Fist|p2a: Annihilape
|-supereffective|p2a: Annihilape
|-damage|p2a: Annihilape|0 fnt
|faint|p2a: Annihilape
|
|win|nastyman21
