|j|☆SuprEpcGuy
|j|☆breloomb01
|html|SuprEpcGuybreloomb01    
|uhtml|bestof|Game 2 of a best-of-3
|t:|1783371359
|gametype|doubles
|player|p1|SuprEpcGuy|shauntal|1184
|player|p2|breloomb01|roughneck|1321
|gen|9
|tier|[Gen 9 Champions] VGC 2026 Reg M-B (Bo3)
|rated|
|rule|Species Clause: Limit one of each Pokémon
|rule|Item Clause: Limit 1 of each item
|clearpoke
|poke|p1|Zoroark-Hisui, L50, F|
|poke|p1|Aerodactyl, L50, M|
|poke|p1|Kingambit, L50, F, shiny|
|poke|p1|Basculegion, L50, M|
|poke|p1|Incineroar, L50, F|
|poke|p1|Sylveon, L50, M|
|poke|p2|Gengar, L50, M, shiny|
|poke|p2|Swampert, L50, F, shiny|
|poke|p2|Incineroar, L50, F, shiny|
|poke|p2|Politoed, L50, F, shiny|
|poke|p2|Archaludon, L50, M, shiny|
|poke|p2|Vivillon-Polar, L50, F|
|teampreview|4
|showteam|p1|Zoroark-Hisui||FocusSash|Illusion|ShadowBall,WillOWisp,Taunt,Snarl|Timid||F|||50|]Aerodactyl||Aerodactylite|RockHead|RockSlide,IceFang,DualWingbeat,Tailwind|Jolly||M|||50|]Kingambit||ChopleBerry|Defiant|SuckerPunch,KowtowCleave,LowKick,Protect|Adamant||F|||50|]Basculegion||MysticWater|Adaptability|AquaJet,Liquidation,LastRespects,Protect|Adamant||M|||50|]Incineroar||SitrusBerry|Intimidate|FlareBlitz,ThroatChop,PartingShot,FakeOut|Careful||F|||50|]Sylveon||FairyFeather|Pixilate|HyperVoice,QuickAttack,HyperBeam,Detect|Modest||M|||50|
|showteam|p2|Gengar||Gengarite|CursedBody|ShadowBall,PerishSong,SludgeBomb,Protect|Timid||M|||50|]Swampert||Swampertite|Torrent|WaveCrash,Earthquake,IcePunch,Protect|Adamant||F|||50|]Incineroar||PasshoBerry|Intimidate|ThroatChop,PartingShot,FakeOut,Protect|Sassy||F|||50|]Politoed||SitrusBerry|Drizzle|WeatherBall,PerishSong,Encore,Protect|Calm||F|||50|]Archaludon||Leftovers|Stamina|DragonPulse,FlashCannon,ElectroShot,Protect|Bold||M|||50|]Vivillon-Polar||FocusSash|CompoundEyes|Hurricane,SleepPowder,RagePowder,Protect|Timid||F|||50|
|inactive|Battle timer is ON: inactive players will automatically lose when time's up. (requested by SuprEpcGuy)
|inactive|SuprEpcGuy has 60 seconds left.
|
|t:|1783371407
|teamsize|p1|4
|teamsize|p2|4
|start
|switch|p1a: Incineroar|Incineroar, L50, F|100/100
|switch|p1b: Sylveon|Sylveon, L50, M|100/100
|switch|p2a: Swampert|Swampert, L50, F, shiny|100/100
|switch|p2b: Politoed|Politoed, L50, F, shiny|100/100
|-weather|RainDance|[from] ability: Drizzle|[of] p2b: Politoed
|-ability|p1a: Incineroar|Intimidate|boost
|-unboost|p2a: Swampert|atk|1
|-unboost|p2b: Politoed|atk|1
|turn|1
|
|t:|1783371419
|detailschange|p2a: Swampert|Swampert-Mega, L50, F, shiny
|-mega|p2a: Swampert|Swampert|Swampertite
|move|p1a: Incineroar|Fake Out|p2a: Swampert
|-damage|p2a: Swampert|89/100
|cant|p2a: Swampert|flinch
|move|p2b: Politoed|Weather Ball|p1a: Incineroar
|-supereffective|p1a: Incineroar|1
|-damage|p1a: Incineroar|25/100
|-enditem|p1a: Incineroar|Sitrus Berry|[eat]
|-heal|p1a: Incineroar|50/100g|[from] item: Sitrus Berry
|move|p1b: Sylveon|Hyper Voice|p2a: Swampert|[spread] p2a,p2b
|-damage|p2a: Swampert|41/100
|-damage|p2b: Politoed|63/100
|
|-weather|RainDance|[upkeep]
|upkeep
|turn|2
|inactive|SuprEpcGuy has 30 seconds left.
|inactive|SuprEpcGuy has 20 seconds left.
|inactive|SuprEpcGuy has 15 seconds left.
|inactive|SuprEpcGuy has 10 seconds left.
|inactive|SuprEpcGuy has 5 seconds left.
|
|t:|1783371470
|move|p1b: Sylveon|Detect|p1b: Sylveon
|-singleturn|p1b: Sylveon|Protect
|move|p2a: Swampert|Wave Crash|p1b: Sylveon
|-activate|p1b: Sylveon|move: Protect
|move|p2b: Politoed|Weather Ball|p1b: Sylveon
|-activate|p1b: Sylveon|move: Protect
|move|p1a: Incineroar|Parting Shot|p2a: Swampert
|-unboost|p2a: Swampert|atk|1
|-unboost|p2a: Swampert|spa|1
|
|t:|1783371475
|switch|p1a: Freight|Aerodactyl, L50, M|100/100|[from] Parting Shot
|
|-weather|RainDance|[upkeep]
|upkeep
|turn|3
|
|t:|1783371493
|switch|p2b: Archaludon|Archaludon, L50, M, shiny|100/100
|detailschange|p1a: Freight|Aerodactyl-Mega, L50, M
|-mega|p1a: Freight|Aerodactyl|Aerodactylite
|move|p2a: Swampert|Wave Crash|p1a: Freight
|-supereffective|p1a: Freight|1
|-damage|p1a: Freight|0 fnt
|faint|p1a: Freight
|-damage|p2a: Swampert|13/100|[from] Recoil
|move|p1b: Sylveon|Hyper Voice|p2a: Swampert|[spread] p2a,p2b
|-crit|p2b: Archaludon
|-damage|p2a: Swampert|0 fnt
|-damage|p2b: Archaludon|13/100
|-ability|p2b: Archaludon|Stamina|boost
|-boost|p2b: Archaludon|def|1
|faint|p2a: Swampert
|
|-weather|RainDance|[upkeep]
|-heal|p2b: Archaludon|19/100|[from] item: Leftovers
|upkeep
|inactive|SuprEpcGuy has 30 seconds left.
|
|t:|1783371525
|switch|p1a: Incineroar|Incineroar, L50, F|50/100g
|switch|p2a: Incineroar|Incineroar, L50, F, shiny|100/100
|-ability|p1a: Incineroar|Intimidate|boost
|-unboost|p2a: Incineroar|atk|1
|-unboost|p2b: Archaludon|atk|1
|-ability|p2a: Incineroar|Intimidate|boost
|-unboost|p1a: Incineroar|atk|1
|-unboost|p1b: Sylveon|atk|1
|turn|4
|inactive|SuprEpcGuy has 30 seconds left.
|
|t:|1783371556
|move|p1a: Incineroar|Fake Out|p2a: Incineroar
|-damage|p2a: Incineroar|93/100
|cant|p2a: Incineroar|flinch
|move|p2b: Archaludon|Electro Shot||[still]
|-prepare|p2b: Archaludon|Electro Shot
|-boost|p2b: Archaludon|spa|1
|-anim|p2b: Archaludon|Electro Shot|p1a: Incineroar
|-damage|p1a: Incineroar|7/100
|move|p1b: Sylveon|Hyper Voice|p2a: Incineroar|[spread] p2a,p2b
|-damage|p2a: Incineroar|53/100
|-damage|p2b: Archaludon|0 fnt
|faint|p2b: Archaludon
|
|-weather|RainDance|[upkeep]
|upkeep
|-message|breloomb01 forfeited.
|
|win|SuprEpcGuy
