|j|☆vilan333
|j|☆HinamikoNovelGames
|html|vilan333HinamikoNovelGames    
|uhtml|bestof|Game 1 of a best-of-3
|t:|1783466152
|gametype|doubles
|player|p1|vilan333|marshal|1210
|player|p2|HinamikoNovelGames|parasollady|1292
|gen|9
|tier|[Gen 9 Champions] VGC 2026 Reg M-B (Bo3)
|rated|
|rule|Species Clause: Limit one of each Pokémon
|rule|Item Clause: Limit 1 of each item
|clearpoke
|poke|p1|Charizard, L50, F|
|poke|p1|Mawile, L50, M|
|poke|p1|Basculegion, L50, M|
|poke|p1|Garchomp, L50, M|
|poke|p1|Whimsicott, L50, F|
|poke|p1|Farigiraf, L50, F|
|poke|p2|Delphox, L50, F|
|poke|p2|Sinistcha-Masterpiece, L50|
|poke|p2|Blastoise, L50, F|
|poke|p2|Maushold, L50|
|poke|p2|Incineroar, L50, M|
|poke|p2|Sneasler, L50, F|
|teampreview|4
|showteam|p1|Charizard||CharizarditeY|Blaze|WeatherBall,HeatWave,SolarBeam,Protect|Timid||F|||50|]Mawile||Mawilite|HyperCutter|PlayRough,SuckerPunch,RockSlide,Protect|Adamant||M|||50|]Basculegion||MysticWater|Adaptability|WaveCrash,LastRespects,AquaJet,Protect|Adamant||M|||50|]Garchomp||LifeOrb|RoughSkin|Earthquake,DragonClaw,RockSlide,Protect|Jolly||M|||50|]Whimsicott||FocusSash|Prankster|Moonblast,Encore,Tailwind,Protect|Timid||F|||50|]Farigiraf||SitrusBerry|ArmorTail|TwinBeam,Thunderbolt,TrickRoom,HelpingHand|Bold||F|||50|
|showteam|p2|Delphox||Delphoxite|Blaze|HeatWave,Psyshock,NastyPlot,Protect|Timid||F|||50|]Sinistcha-Masterpiece||KasibBerry|Hospitality|MatchaGotcha,LifeDew,RagePowder,Protect|Calm|||||50|]Blastoise||Blastoisinite|RainDish|WaterSpout,DarkPulse,ShellSmash,Protect|Modest||F|||50|]Maushold||ChopleBerry|FriendGuard|SuperFang,Feint,FollowMe,Protect|Impish|||||50|]Incineroar||SitrusBerry|Intimidate|FakeOut,FlareBlitz,ThroatChop,PartingShot|Impish||M|||50|]Sneasler||FocusSash|PoisonTouch|FakeOut,CloseCombat,DireClaw,QuickGuard|Jolly||F|||50|
|
|t:|1783466206
|teamsize|p1|4
|teamsize|p2|4
|start
|switch|p1a: Farigiraf|Farigiraf, L50, F|100/100
|switch|p1b: Basculegion|Basculegion, L50, M|100/100
|switch|p2a: Maushold|Maushold, L50|100/100
|switch|p2b: Delphox|Delphox, L50, F|100/100
|turn|1
|
|t:|1783466228
|detailschange|p2b: Delphox|Delphox-Mega, L50, F
|-mega|p2b: Delphox|Delphox|Delphoxite
|move|p2a: Maushold|Follow Me|p2a: Maushold
|-singleturn|p2a: Maushold|move: Follow Me
|move|p2b: Delphox|Nasty Plot|p2b: Delphox
|-boost|p2b: Delphox|spa|2
|move|p1b: Basculegion|Wave Crash|p2a: Maushold
|-damage|p2a: Maushold|1/100
|-damage|p1b: Basculegion|71/100|[from] Recoil
|move|p1a: Farigiraf|Trick Room|p1a: Farigiraf
|-fieldstart|move: Trick Room|[of] p1a: Farigiraf
|
|upkeep
|turn|2
|
|t:|1783466245
|move|p1b: Basculegion|Protect|p1b: Basculegion
|-singleturn|p1b: Basculegion|Protect
|move|p2b: Delphox|Protect|p2b: Delphox
|-singleturn|p2b: Delphox|Protect
|move|p2a: Maushold|Follow Me|p2a: Maushold
|-singleturn|p2a: Maushold|move: Follow Me
|move|p1a: Farigiraf|Twin Beam|p2a: Maushold
|-crit|p2a: Maushold
|-damage|p2a: Maushold|0 fnt
|faint|p2a: Maushold
|-hitcount|p2: Maushold|1
|
|upkeep
|
|t:|1783466250
|switch|p2a: Sinistcha|Sinistcha-Masterpiece, L50|100/100
|turn|3
|
|t:|1783466264
|move|p1a: Farigiraf|Helping Hand|p1b: Basculegion
|-singleturn|p1b: Basculegion|Helping Hand|[of] p1a: Farigiraf
|move|p2a: Sinistcha|Rage Powder|p2a: Sinistcha
|-singleturn|p2a: Sinistcha|move: Rage Powder
|move|p1b: Basculegion|Last Respects|p2a: Sinistcha
|-supereffective|p2a: Sinistcha|1
|-enditem|p2a: Sinistcha|Kasib Berry|[eat]
|-enditem|p2a: Sinistcha|Kasib Berry|[weaken]
|-damage|p2a: Sinistcha|55/100
|move|p2b: Delphox|Heat Wave|p1b: Basculegion|[spread] p1a,p1b
|-resisted|p1b: Basculegion|1
|-damage|p1a: Farigiraf|36/100
|-damage|p1b: Basculegion|36/100
|-enditem|p1a: Farigiraf|Sitrus Berry|[eat]
|-heal|p1a: Farigiraf|61/100|[from] item: Sitrus Berry
|
|upkeep
|turn|4
|
|t:|1783466291
|move|p1a: Farigiraf|Twin Beam|p2a: Sinistcha
|-damage|p2a: Sinistcha|39/100
|-damage|p2a: Sinistcha|26/100
|-hitcount|p2a: Sinistcha|2
|move|p2a: Sinistcha|Matcha Gotcha|p1b: Basculegion|[spread] p1a,p1b
|-supereffective|p1b: Basculegion|1
|-damage|p1a: Farigiraf|41/100
|-heal|p2a: Sinistcha|39/100|[from] drain|[of] p1a: Farigiraf
|-damage|p1b: Basculegion|0 fnt
|-heal|p2a: Sinistcha|60/100|[from] drain|[of] p1b: Basculegion
|faint|p1b: Basculegion
|move|p2b: Delphox|Nasty Plot|p2b: Delphox
|-boost|p2b: Delphox|spa|2
|
|upkeep
|
|t:|1783466307
|switch|p1b: Garchomp|Garchomp, L50, M|100/100
|turn|5
|
|t:|1783466340
|move|p1a: Farigiraf|Helping Hand|p1b: Garchomp
|-singleturn|p1b: Garchomp|Helping Hand|[of] p1a: Farigiraf
|move|p2b: Delphox|Protect|p2b: Delphox
|-singleturn|p2b: Delphox|Protect
|move|p2a: Sinistcha|Matcha Gotcha|p1b: Garchomp|[spread] p1a,p1b
|-damage|p1a: Farigiraf|19/100
|-heal|p2a: Sinistcha|74/100|[from] drain|[of] p1a: Farigiraf
|-damage|p1b: Garchomp|74/100
|-heal|p2a: Sinistcha|88/100|[from] drain|[of] p1b: Garchomp
|-status|p1a: Farigiraf|brn
|move|p1b: Garchomp|Rock Slide|p2a: Sinistcha|[spread] p2a
|-activate|p2b: Delphox|move: Protect
|-damage|p2a: Sinistcha|56/100
|-damage|p1b: Garchomp|64/100|[from] item: Life Orb
|
|-damage|p1a: Farigiraf|13/100 brn|[from] brn
|-fieldend|move: Trick Room
|upkeep
|turn|6
|
|t:|1783466363
|move|p2b: Delphox|Psyshock|p1b: Garchomp
|-damage|p1b: Garchomp|0 fnt
|faint|p1b: Garchomp
|move|p2a: Sinistcha|Matcha Gotcha|p1a: Farigiraf
|-damage|p1a: Farigiraf|0 fnt
|-heal|p2a: Sinistcha|64/100|[from] drain|[of] p1a: Farigiraf
|faint|p1a: Farigiraf
|
|upkeep
|-message|vilan333 forfeited.
|
|win|HinamikoNovelGames
|l|☆vilan333
|player|p1|
|j|☆vilan333
|player|p1|vilan333|marshal|
||HinamikoNovelGames is ready for game 2.
|inactive|vilan333 has 30 seconds to confirm battle start!
||vilan333 is ready for game 2.
|uhtml|next|Next: Game 2 of 3
