|j|☆SeymoursLeftToeVGC
|j|☆hl498
|html|SeymoursLeftToeVGChl498    
|uhtml|bestof|Game 2 of a best-of-3
|t:|1782489617
|gametype|doubles
|player|p1|SeymoursLeftToeVGC|ninjaboy|1202
|player|p2|hl498|hilbert|1134
|gen|9
|tier|[Gen 9 Champions] VGC 2026 Reg M-B (Bo3)
|rated|
|rule|Species Clause: Limit one of each Pokémon
|rule|Item Clause: Limit 1 of each item
|clearpoke
|poke|p1|Whimsicott, L50, F, shiny|
|poke|p1|Typhlosion-Hisui, L50, F, shiny|
|poke|p1|Farigiraf, L50, F|
|poke|p1|Sceptile, L50, M, shiny|
|poke|p1|Rotom-Wash, L50, shiny|
|poke|p1|Gardevoir, L50, M, shiny|
|poke|p2|Grimmsnarl, L50, M|
|poke|p2|Venusaur, L50, F|
|poke|p2|Pelipper, L50, M|
|poke|p2|Archaludon, L50, F|
|poke|p2|Sneasler, L50, M|
|poke|p2|Swampert, L50, M|
|teampreview|4
|showteam|p1|Whimsicott||FocusSash|Prankster|Moonblast,FakeTears,SunnyDay,Tailwind|Modest||F|||50|]Typhlosion-Hisui||Charcoal|Blaze|Eruption,Protect,ShadowBall,HeatWave|Modest||F|||50|]Farigiraf||LifeOrb|ArmorTail|HyperVoice,TwinBeam,Protect,HelpingHand|Modest||F|||50|]Sceptile||Sceptilite|Overgrow|EarthPower,DragonPulse,Detect,EnergyBall|Timid||M|||50|]Rotom-Wash||ChoiceScarf|Levitate|HydroPump,Discharge,VoltSwitch,Thunderbolt|Timid|||||50|]Gardevoir||Gardevoirite|Telepathy|HyperVoice,HyperBeam,Protect,Psychic|Timid||M|||50|
|showteam|p2|Grimmsnarl||LightClay|Prankster|Reflect,LightScreen,PartingShot,FoulPlay|Impish||M|||50|]Venusaur||Venusaurite|Chlorophyll|LeechSeed,GigaDrain,SludgeBomb,Protect|Calm||F|||50|]Pelipper||SitrusBerry|Drizzle|WeatherBall,Hurricane,Tailwind,WideGuard|Timid||M|||50|]Archaludon||Leftovers|Stamina|ElectroShot,FlashCannon,Protect,DracoMeteor|Modest||F|||50|]Sneasler||FocusSash|Unburden|CloseCombat,DireClaw,Protect,FakeOut|Jolly||M|||50|]Swampert||Swampertite|Torrent|WaveCrash,Protect,Earthquake,RockSlide|Adamant||M|||50|
|inactive|Battle timer is ON: inactive players will automatically lose when time's up. (requested by SeymoursLeftToeVGC)
|
|t:|1782489641
|teamsize|p1|4
|teamsize|p2|4
|start
|switch|p1a: Whimsicott|Whimsicott, L50, F, shiny|100/100
|switch|p1b: Farigiraf|Farigiraf, L50, F|100/100
|switch|p2a: Venusaur|Venusaur, L50, F|100/100
|switch|p2b: Grimmsnarl|Grimmsnarl, L50, M|100/100
|turn|1
|
|t:|1782489658
|move|p1a: Whimsicott|Tailwind|p1a: Whimsicott
|-sidestart|p1: SeymoursLeftToeVGC|move: Tailwind
|move|p2b: Grimmsnarl|Light Screen|p2b: Grimmsnarl
|-sidestart|p2: hl498|move: Light Screen
|move|p1b: Farigiraf|Twin Beam|p2a: Venusaur
|-supereffective|p2a: Venusaur|1
|-damage|p2a: Venusaur|70/100
|-supereffective|p2a: Venusaur|1
|-damage|p2a: Venusaur|41/100
|-hitcount|p2a: Venusaur|2
|-damage|p1b: Farigiraf|90/100|[from] item: Life Orb
|move|p2a: Venusaur|Leech Seed|p1b: Farigiraf
|-start|p1b: Farigiraf|move: Leech Seed
|
|-damage|p1b: Farigiraf|78/100|[from] Leech Seed|[of] p2a: Venusaur
|-heal|p2a: Venusaur|54/100|[silent]
|upkeep
|turn|2
|inactive|hl498 has 30 seconds left.
|
|t:|1782489687
|detailschange|p2a: Venusaur|Venusaur-Mega, L50, F
|-mega|p2a: Venusaur|Venusaur|Venusaurite
|move|p1a: Whimsicott|Fake Tears|p2a: Venusaur
|-unboost|p2a: Venusaur|spd|2
|move|p1b: Farigiraf|Hyper Voice|p2a: Venusaur|[spread] p2a,p2b
|-damage|p2a: Venusaur|11/100
|-damage|p2b: Grimmsnarl|72/100
|-damage|p1b: Farigiraf|68/100|[from] item: Life Orb
|move|p2a: Venusaur|Leech Seed|p1a: Whimsicott
|-immune|p1a: Whimsicott
|move|p2b: Grimmsnarl|Foul Play|p1b: Farigiraf
|-supereffective|p1b: Farigiraf|1
|-damage|p1b: Farigiraf|1/100
|
|-damage|p1b: Farigiraf|0 fnt|[from] Leech Seed|[of] p2a: Venusaur
|-heal|p2a: Venusaur|12/100|[silent]
|faint|p1b: Farigiraf
|upkeep
|
|t:|1782489704
|switch|p1b: Sceptile|Sceptile, L50, M, shiny|100/100
|turn|3
|-message|hl498 forfeited.
|raw|SeymoursLeftToeVGC's rating: 1202 → 1222(+20 for winning)
|raw|hl498's rating: 1134 → 1114(-20 for losing)
|
|win|SeymoursLeftToeVGC
