|j|☆void25o
|j|☆zaraskadi
|html|void25ozaraskadi    
|uhtml|bestof|Game 2 of a best-of-3
|t:|1756690614
|gametype|doubles
|player|p1|void25o|miku-ghost|1177
|player|p2|zaraskadi|170|1135
|gen|9
|tier|[Gen 9] VGC 2025 Reg H (Bo3)
|rated|
|rule|Species Clause: Limit one of each Pokémon
|rule|Item Clause: Limit 1 of each item
|clearpoke
|poke|p1|Pelipper, L50, F|
|poke|p1|Archaludon, L50, M|
|poke|p1|Maushold-Four, L50|
|poke|p1|Poliwrath, L50, F|
|poke|p1|Sinistcha, L50|
|poke|p1|Indeedee, L50, M|
|poke|p2|Tyranitar, L50, M|
|poke|p2|Excadrill, L50, M|
|poke|p2|Corviknight, L50, M|
|poke|p2|Indeedee, L50, M|
|poke|p2|Kommo-o, L50, F|
|poke|p2|Sneasler, L50, F|
|teampreview|4
|showteam|p1|Pelipper||SafetyGoggles|Drizzle|WeatherBall,Hurricane,Tailwind,Protect|||F|||50|,,,,,Ground]Archaludon||AssaultVest|Stamina|DragonPulse,ElectroShot,FlashCannon,BodyPress|||M|||50|,,,,,Grass]Maushold-Four||WideLens|Technician|PopulationBomb,FollowMe,Taunt,Protect||||||50|,,,,,Ghost]Poliwrath||SitrusBerry|SwiftSwim|DrainPunch,Liquidation,BellyDrum,Protect|||F|||50|,,,,,Grass]Sinistcha||RockyHelmet|Hospitality|MatchaGotcha,LifeDew,RagePowder,TrickRoom||||||50|,,,,,Water]Indeedee||FocusSash|PsychicSurge|ExpandingForce,TeraBlast,Imprison,TrickRoom|||M|||50|,,,,,Psychic
|showteam|p2|Tyranitar||AssaultVest|SandStream|KnockOff,RockSlide,TeraBlast,LowKick|||M|||50|,,,,,Flying]Excadrill||FocusSash|SandRush|Protect,Earthquake,HighHorsepower,IronHead|||M|||50|,,,,,Stellar]Corviknight||Leftovers|MirrorArmor|BraveBird,Tailwind,BulkUp,Roost|||M|||50|,,,,,Dragon]Indeedee||ChoiceScarf|PsychicSurge|ExpandingForce,TeraBlast,Trick,Protect|||M|||50|,,,,,Psychic]Kommo-o||ThroatSpray|Overcoat|ClangingScales,ClangorousSoul,AuraSphere,Protect|||F|||50|,,,,,Steel]Sneasler||PsychicSeed|Unburden|CloseCombat,DireClaw,ThroatChop,Protect|||F|||50|,,,,,Dark
|
|t:|1756690652
|teamsize|p1|4
|teamsize|p2|4
|start
|switch|p1a: Maushold|Maushold-Four, L50|100/100
|switch|p1b: Indeedee|Indeedee, L50, M|100/100
|switch|p2a: Sneasler|Sneasler, L50, F|100/100
|switch|p2b: Indeedee|Indeedee, L50, M|100/100
|-fieldstart|move: Psychic Terrain|[from] ability: Psychic Surge|[of] p2b: Indeedee
|-enditem|p2a: Sneasler|Psychic Seed
|-boost|p2a: Sneasler|spd|1|[from] item: Psychic Seed
|turn|1
|
|t:|1756690678
|-terastallize|p1a: Maushold|Ghost
|move|p2a: Sneasler|Dire Claw|p1b: Indeedee
|-damage|p1b: Indeedee|9/100
|move|p2b: Indeedee|Expanding Force|p1a: Maushold|[spread] p1a,p1b
|-resisted|p1b: Indeedee
|-crit|p1b: Indeedee
|-damage|p1a: Maushold|18/100
|-damage|p1b: Indeedee|0 fnt
|faint|p1b: Indeedee
|move|p1a: Maushold|Population Bomb|p2a: Sneasler
|-damage|p2a: Sneasler|80/100
|-damage|p2a: Sneasler|62/100
|-damage|p2a: Sneasler|43/100
|-damage|p2a: Sneasler|25/100
|-damage|p2a: Sneasler|7/100
|-damage|p2a: Sneasler|0 fnt
|faint|p2a: Sneasler
|-hitcount|p2: Sneasler|6
|
|upkeep
|
|t:|1756690687
|switch|p2a: Kommo-o|Kommo-o, L50, F|100/100
|switch|p1b: Archaludon|Archaludon, L50, M, shiny|100/100
|turn|2
|
|t:|1756690700
|switch|p1a: Pelipper|Pelipper, L50, F|100/100
|-weather|RainDance|[from] ability: Drizzle|[of] p1a: Pelipper
|-terastallize|p2a: Kommo-o|Steel
|move|p2b: Indeedee|Expanding Force|p1a: Pelipper|[spread] p1a,p1b
|-resisted|p1b: Archaludon
|-damage|p1a: Pelipper|20/100
|-damage|p1b: Archaludon|75/100
|-ability|p1b: Archaludon|Stamina|boost
|-boost|p1b: Archaludon|def|1
|move|p2a: Kommo-o|Clangorous Soul|p2a: Kommo-o
|-boost|p2a: Kommo-o|atk|1
|-boost|p2a: Kommo-o|def|1
|-boost|p2a: Kommo-o|spa|1
|-boost|p2a: Kommo-o|spd|1
|-boost|p2a: Kommo-o|spe|1
|-damage|p2a: Kommo-o|68/100
|-enditem|p2a: Kommo-o|Throat Spray
|-boost|p2a: Kommo-o|spa|1|[from] item: Throat Spray
|move|p1b: Archaludon|Electro Shot||[still]
|-prepare|p1b: Archaludon|Electro Shot
|-boost|p1b: Archaludon|spa|1
|-anim|p1b: Archaludon|Electro Shot|p2b: Indeedee
|-damage|p2b: Indeedee|11/100
|
|-weather|RainDance|[upkeep]
|upkeep
|turn|3
|
|t:|1756690724
|move|p2b: Indeedee|Expanding Force|p1b: Archaludon|[spread] p1a,p1b
|-crit|p1a: Pelipper
|-resisted|p1b: Archaludon
|-damage|p1a: Pelipper|0 fnt
|-damage|p1b: Archaludon|50/100
|-ability|p1b: Archaludon|Stamina|boost
|-boost|p1b: Archaludon|def|1
|faint|p1a: Pelipper
|move|p2a: Kommo-o|Clanging Scales|p1b: Archaludon
|-damage|p1b: Archaludon|0 fnt
|faint|p1b: Archaludon
|-unboost|p2a: Kommo-o|def|1
|
|-weather|RainDance|[upkeep]
|upkeep
|-message|void25o forfeited.
|
|win|zaraskadi
|raw|void25o's rating: 1177 → 1149(-28 for losing)
|raw|zaraskadi's rating: 1135 → 1163(+28 for winning)
|l|☆void25o
|player|p1|
|l|☆zaraskadi
|player|p2|
|j|☆void25o
|player|p1|void25o|miku-ghost|
