|j|ŌśåBaxter1357924680
|j|ŌśåSomeoneofficial
|html|Baxter1357924680Someoneofficial    
|uhtml|bestof|Game 2 of a best-of-3
|t:|1783910340
|gametype|doubles
|player|p1|Baxter1357924680|101|
|player|p2|Someoneofficial|gentleman-gen4|
|gen|9
|tier|[Gen 9 Champions] VGC 2026 Reg M-B (Bo3)
|rule|Species Clause: Limit one of each Pok├®mon
|rule|Item Clause: Limit 1 of each item
|clearpoke
|poke|p1|Aegislash, L50, M, shiny|
|poke|p1|Lucario, L50, M, shiny|
|poke|p1|Dragonite, L50, M, shiny|
|poke|p1|Ditto, L50, shiny|
|poke|p1|Annihilape, L50, M, shiny|
|poke|p1|Greninja, L50, M, shiny|
|poke|p2|Floette-Eternal, L50, F|
|poke|p2|Grimmsnarl, L50, M, shiny|
|poke|p2|Basculegion, L50, M, shiny|
|poke|p2|Sneasler, L50, M, shiny|
|poke|p2|Garchomp, L50, M, shiny|
|poke|p2|Charizard, L50, M, shiny|
|teampreview|4
|showteam|p1|Aegislash||Leftovers|StanceChange|RockSlide,SacredSword,AirSlash,CloseCombat|Serious||M|||50|]Lucario||Lucarionite|InnerFocus|Agility,CrossChop,ThunderPunch,BlazeKick|Serious||M|||50|]Dragonite||Dragoninite|Multiscale|DracoMeteor,Flamethrower,Superpower,StoneEdge|Serious||M|||50|]Ditto||ExpertBelt|Imposter|Transform|Serious|||||50|]Annihilape||ChoiceScarf|VitalSpirit|BrickBreak,CloseCombat,CrossChop,RockSlide|Serious||M|||50|]Greninja||Greninjite|Protean|Liquidation,WaterShuriken,QuickAttack,FlipTurn|Serious||M|||50|
|showteam|p2|Floette-Eternal||Floettite|FlowerVeil|Moonblast,Protect,LightofRuin,DazzlingGleam|Timid||F|||50|]Grimmsnarl||LightClay|Prankster|LightScreen,Reflect,PartingShot,SpiritBreak|Impish||M|||50|]Basculegion||ChoiceScarf|Adaptability|WaveCrash,LastRespects,AquaJet,FlipTurn|Jolly||M|||50|]Sneasler||FocusSash|PoisonTouch|FakeOut,CloseCombat,DireClaw,Protect|Jolly||M|||50|]Garchomp||LifeOrb|RoughSkin|DragonClaw,StompingTantrum,RockSlide,Protect|Jolly||M|||50|]Charizard||CharizarditeY|Blaze|Protect,SolarBeam,WeatherBall,HeatWave|Timid||M|||50|
|j| DrChunkalicious
|c|ŌśåBaxter1357924680|i won't use ditto cause of the mistake
|c|ŌśåSomeoneofficial|Just wait on what chunk says imo
|c|ŌśåBaxter1357924680|chunk what do you think
|c| DrChunkalicious|not my job
|c| DrChunkalicious|i just hopped in to confirm the facts
|c| DrChunkalicious|ilw and jux are running it
|c|ŌśåBaxter1357924680|ok
|c|ŌśåBaxter1357924680|im still mad at myself for giving annihilape choice scarf
|l|ŌśåSomeoneofficial
|player|p2|
|j|ŌśåSomeoneofficial
|player|p2|Someoneofficial|gentleman-gen4|
|c| DrChunkalicious|well there you go, match loss
|l| DrChunkalicious
|c|ŌśåBaxter1357924680|:(
|
|t:|1783910705
|teamsize|p1|4
|teamsize|p2|4
|start
|switch|p1a: Aegislash|Aegislash, L50, M, shiny|100/100
|switch|p1b: Lucario|Lucario, L50, M, shiny|100/100
|switch|p2a: Floette|Floette-Eternal, L50, F|100/100
|switch|p2b: Sneasler|Sneasler, L50, M, shiny|100/100
|turn|1
|
|t:|1783910723
|switch|p2a: Garchomp|Garchomp, L50, M, shiny|100/100
|move|p2b: Sneasler|Close Combat|p1b: Lucario
|-supereffective|p1b: Lucario|1
|-damage|p1b: Lucario|0 fnt
|-unboost|p2b: Sneasler|def|1
|-unboost|p2b: Sneasler|spd|1
|faint|p1b: Lucario
|-formechange|p1a: Aegislash|Aegislash-Blade|
|move|p1a: Aegislash|Air Slash|p2b: Sneasler
|-supereffective|p2b: Sneasler|1
|-enditem|p2b: Sneasler|Focus Sash
|-damage|p2b: Sneasler|1/100
|
|upkeep
|
|t:|1783910741
|switch|p1b: Dragonite|Dragonite, L50, M, shiny|100/100
|turn|2
|
|t:|1783910758
|move|p2b: Sneasler|Dire Claw|p1b: Dragonite
|-damage|p1b: Dragonite|81/100
|move|p2a: Garchomp|Stomping Tantrum|p1a: Aegislash
|-supereffective|p1a: Aegislash|1
|-crit|p1a: Aegislash
|-damage|p1a: Aegislash|0 fnt
|faint|p1a: Aegislash
|-damage|p2a: Garchomp|90/100|[from] item: Life Orb
|move|p1b: Dragonite|Draco Meteor|p2a: Garchomp
|-supereffective|p2a: Garchomp|1
|-damage|p2a: Garchomp|0 fnt
|-unboost|p1b: Dragonite|spa|2
|faint|p2a: Garchomp
|
|upkeep
|
|t:|1783910791
|switch|p2a: Floette|Floette-Eternal, L50, F|100/100
|switch|p1a: Annihilape|Annihilape, L50, M, shiny|100/100
|turn|3
|
|t:|1783910816
|switch|p2b: Grimmsnarl|Grimmsnarl, L50, M, shiny|100/100
|detailschange|p2a: Floette|Floette-Mega, L50, F
|-mega|p2a: Floette|Floette|Floettite
|-ability|p2a: Floette|Fairy Aura
|move|p1a: Annihilape|Rock Slide|p2a: Floette|[spread] p2a
|-miss|p1a: Annihilape|p2b: Grimmsnarl
|-damage|p2a: Floette|79/100
|cant|p2a: Floette|flinch
|move|p1b: Dragonite|Flamethrower|p2b: Grimmsnarl
|-damage|p2b: Grimmsnarl|90/100
|
|upkeep
|turn|4
|
|t:|1783910837
|move|p2b: Grimmsnarl|Reflect|p2b: Grimmsnarl
|-sidestart|p2: Someoneofficial|Reflect
|move|p1a: Annihilape|Rock Slide|p2b: Grimmsnarl|[spread] p2a,p2b
|-damage|p2a: Floette|64/100
|-damage|p2b: Grimmsnarl|80/100
|move|p2a: Floette|Dazzling Gleam|p1b: Dragonite|[spread] p1a,p1b
|-supereffective|p1a: Annihilape|1
|-supereffective|p1b: Dragonite|1
|-damage|p1a: Annihilape|19/100
|-damage|p1b: Dragonite|0 fnt
|faint|p1b: Dragonite
|
|upkeep
|turn|5
|
|t:|1783910858
|move|p1a: Annihilape|Rock Slide|p2b: Grimmsnarl|[spread] p2a,p2b
|-damage|p2a: Floette|52/100
|-damage|p2b: Grimmsnarl|70/100
|cant|p2a: Floette|flinch
|cant|p2b: Grimmsnarl|flinch
|
|upkeep
|turn|6
|c|ŌśåBaxter1357924680|ggwp
|
|t:|1783910869
|move|p1a: Annihilape|Rock Slide|p2b: Grimmsnarl|[spread] p2a
|-miss|p1a: Annihilape|p2b: Grimmsnarl
|-damage|p2a: Floette|38/100
|move|p2a: Floette|Moonblast|p1a: Annihilape
|-supereffective|p1a: Annihilape|1
|-damage|p1a: Annihilape|0 fnt
|faint|p1a: Annihilape
|
|win|Someoneofficial
|c|ŌśåBaxter1357924680|the double flinch is crazy
|c|ŌśåSomeoneofficial|Gg
|l|ŌśåSomeoneofficial
|player|p2|
