|j|☆Maziii
|j|☆spellbreakvgc
|html|Maziiispellbreakvgc    
|uhtml|bestof|Game 1 of a best-of-3
|t:|1756152434
|gametype|doubles
|player|p1|Maziii|gentleman-gen4|1122
|player|p2|spellbreakvgc|lance|1043
|gen|9
|tier|[Gen 9] VGC 2025 Reg H (Bo3)
|rated|
|rule|Species Clause: Limit one of each Pokémon
|rule|Item Clause: Limit 1 of each item
|clearpoke
|poke|p1|Tyranitar, L50, M|
|poke|p1|Electabuzz, L50, F|
|poke|p1|Annihilape, L50, F|
|poke|p1|Ursaluna-Bloodmoon, L50, M|
|poke|p1|Primarina, L50, M|
|poke|p1|Gholdengo, L50|
|poke|p2|Whimsicott, L50, M|
|poke|p2|Typhlosion-Hisui, L50, M|
|poke|p2|Dragapult, L50, M|
|poke|p2|Sneasler, L50, M|
|poke|p2|Indeedee, L50, M|
|poke|p2|Electabuzz, L50, F|
|teampreview|4
|showteam|p1|Tyranitar||ClearAmulet|SandStream|Protect,DragonDance,RockSlide,KnockOff|||M|||50|,,,,,Grass]Electabuzz||Eviolite|VitalSpirit|FollowMe,HelpingHand,Protect,Electroweb|||F|||50|,,,,,Ghost]Annihilape||FocusSash|Defiant|Protect,Coaching,CloseCombat,RageFist|||F|||50|,,,,,Stellar]Ursaluna-Bloodmoon||AssaultVest|MindsEye|BloodMoon,HyperVoice,EarthPower,VacuumWave|||M|||50|,,,,,Normal]Primarina||MysticWater|LiquidVoice|Haze,Protect,HyperVoice,Moonblast|||M|||50|,,,,,Water]Gholdengo||ChoiceSpecs|GoodasGold|Trick,ShadowBall,MakeItRain,Protect||||||50|,,,,,Grass
|showteam|p2|Whimsicott||CovertCloak|Prankster|Tailwind,SunnyDay,Encore,Moonblast|||M|||50|,,,,,Ghost]Typhlosion-Hisui||ChoiceSpecs|Blaze|Eruption,HeatWave,ShadowBall,FocusBlast|||M|||50|,,,,,Fire]Dragapult||ChoiceBand|ClearBody|DragonDarts,Outrage,PhantomForce,Uturn|||M|||50|,,,,,Dragon]Sneasler||PsychicSeed|Unburden|DireClaw,CloseCombat,ThroatChop,Protect|||M|||50|,,,,,Fighting]Indeedee||FocusSash|PsychicSurge|ExpandingForce,TeraBlast,TrickRoom,Imprison|||M|||50|,,,,,Psychic]Electabuzz||Eviolite|VitalSpirit|Electroweb,FollowMe,Taunt,Protect|||F|||50|,,,,,Ghost
|inactive|Battle timer is ON: inactive players will automatically lose when time's up. (requested by Maziii)
|inactive|Maziii has 60 seconds left.
|inactive|spellbreakvgc has 60 seconds left.
|inactive|Maziii has 30 seconds left.
|inactive|Maziii has 20 seconds left.
|inactive|Maziii has 15 seconds left.
|inactive|Maziii has 10 seconds left.
|inactive|Maziii has 5 seconds left.
|
|t:|1756152526
|teamsize|p1|4
|teamsize|p2|4
|start
|switch|p1a: Electabuzz|Electabuzz, L50, F|100/100
|switch|p1b: Ursaluna|Ursaluna-Bloodmoon, L50, M|100/100
|switch|p2a: Whimsicott|Whimsicott, L50, M|100/100
|switch|p2b: Typhlosion|Typhlosion-Hisui, L50, M|100/100
|turn|1
|inactive|Maziii has 30 seconds left.
|inactive|Maziii has 20 seconds left.
|inactive|Maziii has 15 seconds left.
|
|t:|1756152568
|-terastallize|p2b: Typhlosion|Fire
|-terastallize|p1b: Ursaluna|Normal
|move|p1a: Electabuzz|Helping Hand|p1b: Ursaluna
|-singleturn|p1b: Ursaluna|Helping Hand|[of] p1a: Electabuzz
|move|p2a: Whimsicott|Sunny Day|p2a: Whimsicott
|-weather|SunnyDay
|move|p2b: Typhlosion|Eruption|p1a: Electabuzz|[spread] p1a,p1b
|-damage|p1a: Electabuzz|0 fnt
|-damage|p1b: Ursaluna|0 fnt
|faint|p1a: Electabuzz
|faint|p1b: Ursaluna
|
|-weather|SunnyDay|[upkeep]
|upkeep
|-message|Maziii forfeited.
|
|win|spellbreakvgc
|l|☆Maziii
|player|p1|
||Maziii is ready for game 2.
||spellbreakvgc is ready for game 2.
|uhtml|next|Next: Game 2 of 3
