|j|☆Saicam16
|j|☆weeeeeio
|html|Saicam16weeeeeio    
|uhtml|bestof|Game 2 of a best-of-3
|t:|1783713810
|gametype|doubles
|player|p1|Saicam16|2|1113
|player|p2|weeeeeio|102|1000
|gen|9
|tier|[Gen 9 Champions] VGC 2026 Reg M-B (Bo3)
|rated|
|rule|Species Clause: Limit one of each Pokémon
|rule|Item Clause: Limit 1 of each item
|clearpoke
|poke|p1|Talonflame, L50, F, shiny|
|poke|p1|Incineroar, L50, M, shiny|
|poke|p1|Froslass, L50, F|
|poke|p1|Primarina, L50, M|
|poke|p1|Sneasler, L50, M|
|poke|p1|Kingambit, L50, M|
|poke|p2|Scizor, L50, F|
|poke|p2|Blastoise, L50, F|
|poke|p2|Pelipper, L50, M|
|poke|p2|Sinistcha, L50|
|poke|p2|Hydreigon, L50, M|
|poke|p2|Staraptor, L50, M|
|teampreview|4
|showteam|p1|Talonflame||MentalHerb|GaleWings|BraveBird,FlareBlitz,Tailwind,Protect|Jolly||F|||50|]Incineroar||SitrusBerry|Intimidate|FakeOut,FlareBlitz,DarkestLariat,PartingShot|Careful||M|||50|]Froslass||Froslassite|CursedBody|Protect,ShadowBall,IceBeam,Thunderbolt|Timid||F|||50|]Primarina||MysticWater|LiquidVoice|HyperVoice,Moonblast,Haze,Protect|Modest||M|||50|]Sneasler||FocusSash|Unburden|Protect,DireClaw,Uturn,CloseCombat|Adamant||M|||50|]Kingambit||BlackGlasses|Defiant|KowtowCleave,IronHead,SuckerPunch,Protect|Adamant||M|||50|
|showteam|p2|Scizor||Scizorite|Technician|SwordsDance,BulletPunch,Protect,BugBite|Brave||F|||50|]Blastoise||Blastoisinite|RainDish|AuraSphere,Protect,WaterSpout,ShellSmash|Modest||F|||50|]Pelipper||WacanBerry|Drizzle|WideGuard,Tailwind,Hurricane,WeatherBall|Modest||M|||50|]Sinistcha||SitrusBerry|Hospitality|LifeDew,RagePowder,MatchaGotcha,TrickRoom|Relaxed|||||50|]Hydreigon||RoseliBerry|Levitate|DracoMeteor,DarkPulse,EarthPower,Tailwind|Timid||M|||50|]Staraptor||ChoiceScarf|Intimidate|CloseCombat,Uturn,FinalGambit,BraveBird|Jolly||M|||50|
|inactive|Battle timer is ON: inactive players will automatically lose when time's up. (requested by weeeeeio)
|
|t:|1783713835
|teamsize|p1|4
|teamsize|p2|4
|start
|switch|p1a: Primarina|Primarina, L50, M|100/100
|switch|p1b: Kingambit|Kingambit, L50, M|100/100
|switch|p2a: Hydreigon|Hydreigon, L50, M|100/100
|switch|p2b: Blastoise|Blastoise, L50, F|100/100
|turn|1
|inactive|Saicam16 has 30 seconds left.
|inactive|weeeeeio has 30 seconds left.
|inactive|weeeeeio has 20 seconds left.
|
|t:|1783713871
|switch|p2a: Pelipper|Pelipper, L50, M|100/100
|-weather|RainDance|[from] ability: Drizzle|[of] p2a: Pelipper
|detailschange|p2b: Blastoise|Blastoise-Mega, L50, F
|-mega|p2b: Blastoise|Blastoise|Blastoisinite
|move|p1b: Kingambit|Protect|p1b: Kingambit
|-singleturn|p1b: Kingambit|Protect
|move|p2b: Blastoise|Water Spout|p1a: Primarina|[spread] p1a
|-activate|p1b: Kingambit|move: Protect
|-resisted|p1a: Primarina|1
|-damage|p1a: Primarina|58/100
|move|p1a: Primarina|Moonblast|p2a: Pelipper
|-damage|p2a: Pelipper|20/100y
|
|-weather|RainDance|[upkeep]
|upkeep
|turn|2
|
|t:|1783713893
|move|p1b: Kingambit|Sucker Punch|p2b: Blastoise
|-damage|p2b: Blastoise|54/100
|move|p2b: Blastoise|Aura Sphere|p1b: Kingambit
|-supereffective|p1b: Kingambit|2
|-crit|p1b: Kingambit
|-damage|p1b: Kingambit|0 fnt
|faint|p1b: Kingambit
|move|p2a: Pelipper|Tailwind|p2a: Pelipper
|-sidestart|p2: weeeeeio|move: Tailwind
|move|p1a: Primarina|Hyper Voice|p2b: Blastoise|[spread] p2a,p2b
|-resisted|p2a: Pelipper|1
|-resisted|p2b: Blastoise|1
|-damage|p2a: Pelipper|0 fnt
|-damage|p2b: Blastoise|22/100
|faint|p2a: Pelipper
|
|-weather|RainDance|[upkeep]
|upkeep
|
|t:|1783713907
|switch|p2a: Sinistcha|Sinistcha, L50|100/100
|switch|p1b: Froslass|Froslass, L50, F|100/100
|-heal|p2b: Blastoise|46/100|[from] ability: Hospitality|[of] p2a: Sinistcha
|turn|3
|
|t:|1783713926
|detailschange|p1b: Froslass|Froslass-Mega, L50, F
|-mega|p1b: Froslass|Froslass|Froslassite
|-weather|Snowscape|[from] ability: Snow Warning|[of] p1b: Froslass
|move|p2b: Blastoise|Water Spout|p1b: Froslass|[spread] p1a,p1b
|-resisted|p1a: Primarina|1
|-damage|p1a: Primarina|46/100
|-damage|p1b: Froslass|68/100
|move|p1b: Froslass|Ice Beam|p2a: Sinistcha
|-supereffective|p2a: Sinistcha|1
|-damage|p2a: Sinistcha|0 fnt
|faint|p2a: Sinistcha
|move|p1a: Primarina|Moonblast|p2b: Blastoise
|-crit|p2b: Blastoise
|-damage|p2b: Blastoise|0 fnt
|faint|p2b: Blastoise
|
|-weather|Snowscape|[upkeep]
|upkeep
|
|t:|1783713936
|switch|p2b: Hydreigon|Hydreigon, L50, M|100/100
|turn|4
|
|t:|1783713944
|move|p2b: Hydreigon|Dark Pulse|p1a: Primarina
|-resisted|p1a: Primarina|1
|-damage|p1a: Primarina|31/100
|move|p1b: Froslass|Ice Beam|p2b: Hydreigon
|-supereffective|p2b: Hydreigon|1
|-damage|p2b: Hydreigon|1/100
|move|p1a: Primarina|Moonblast|p2b: Hydreigon
|-supereffective|p2b: Hydreigon|2
|-enditem|p2b: Hydreigon|Roseli Berry|[eat]
|-enditem|p2b: Hydreigon|Roseli Berry|[weaken]
|-damage|p2b: Hydreigon|0 fnt
|faint|p2b: Hydreigon
|
|win|Saicam16
|raw|Saicam16's rating: 1113 → 1130(+17 for winning)
|raw|weeeeeio's rating: 1000 → 1000(+0 for losing)
|l|☆weeeeeio
|player|p2|
