|j|☆t3hsleepyshuckle
|j|☆zucmpall
|html|t3hsleepyshucklezucmpall    
|uhtml|bestof|Game 3 of a best-of-3
|t:|1756686321
|gametype|doubles
|player|p1|t3hsleepyshuckle|bugcatcher-gen4dp|1037
|player|p2|zucmpall|101|1000
|gen|9
|tier|[Gen 9] VGC 2025 Reg H (Bo3)
|rated|
|rule|Species Clause: Limit one of each Pokémon
|rule|Item Clause: Limit 1 of each item
|clearpoke
|poke|p1|Indeedee, L50, M|
|poke|p1|Sneasler, L50, F|
|poke|p1|Excadrill, L50, M|
|poke|p1|Tyranitar, L50, F|
|poke|p1|Corviknight, L50, M|
|poke|p1|Magmar, L50, F|
|poke|p2|Dragonite, L50, F|
|poke|p2|Gholdengo, L50|
|poke|p2|Rillaboom, L50, F|
|poke|p2|Ursaluna-Bloodmoon, L50, M|
|poke|p2|Maushold-Four, L50|
|poke|p2|Annihilape, L50, M|
|teampreview|4
|showteam|p1|Indeedee||ChoiceScarf|PsychicSurge|ExpandingForce,TeraBlast,Protect,Trick|||M|||50|,,,,,Psychic]Sneasler||WhiteHerb|Unburden|FakeOut,DireClaw,CloseCombat,Coaching|||F|||50|,,,,,Flying]Excadrill||FocusSash|SandRush|Protect,IronHead,Earthquake,SwordsDance|||M|||50|,,,,,Ground]Tyranitar||AssaultVest|SandStream|RockSlide,KnockOff,LowKick,TeraBlast|||F|||50|,,,,,Flying]Corviknight||PsychicSeed|MirrorArmor|BulkUp,BraveBird,PowerTrip,Roost|||M|||50|,,,,,Water]Magmar||Eviolite|FlameBody|FollowMe,HeatWave,Protect,HelpingHand|||F|||50|,,,,,Flying
|showteam|p2|Dragonite||LoadedDice|Multiscale|Tailwind,Haze,Protect,ScaleShot|||F|||50|,,,,,Fairy]Gholdengo||LifeOrb|GoodasGold|MakeItRain,ShadowBall,NastyPlot,Protect||||||50|,,,,,Water]Rillaboom||MiracleSeed|GrassySurge|WoodHammer,GrassyGlide,FakeOut,HighHorsepower|||F|||50|,,,,,Fire]Ursaluna-Bloodmoon||AssaultVest|MindsEye|BloodMoon,EarthPower,HyperVoice,VacuumWave|||M|||50|,,,,,Water]Maushold-Four||FocusSash|FriendGuard|SuperFang,FollowMe,BeatUp,Protect||||||50|,,,,,Ghost]Annihilape||SitrusBerry|Defiant|RageFist,DrainPunch,BulkUp,Protect|||M|||50|,,,,,Fire
|inactive|Battle timer is ON: inactive players will automatically lose when time's up. (requested by t3hsleepyshuckle)
|inactive|t3hsleepyshuckle has 60 seconds left.
|inactive|zucmpall has 60 seconds left.
|inactive|t3hsleepyshuckle has 30 seconds left.
|inactive|t3hsleepyshuckle has 20 seconds left.
|
|t:|1756686426
|teamsize|p1|4
|teamsize|p2|4
|start
|switch|p1a: Excadrill|Excadrill, L50, M|100/100
|switch|p1b: Tyranitar|Tyranitar, L50, F|100/100
|switch|p2a: Dragonite|Dragonite, L50, F|100/100
|switch|p2b: Gholdengo|Gholdengo, L50|100/100
|-weather|Sandstorm|[from] ability: Sand Stream|[of] p1b: Tyranitar
|turn|1
|inactive|t3hsleepyshuckle has 30 seconds left.
|inactive|zucmpall has 30 seconds left.
|inactive|t3hsleepyshuckle has 20 seconds left.
|inactive|zucmpall has 20 seconds left.
|inactive|t3hsleepyshuckle has 15 seconds left.
|inactive|zucmpall has 15 seconds left.
|inactive|t3hsleepyshuckle has 10 seconds left.
|inactive|zucmpall has 10 seconds left.
|inactive|zucmpall has 5 seconds left.
|
|t:|1756686477
|switch|p2b: Rillaboom|Rillaboom, L50, F|100/100
|-fieldstart|move: Grassy Terrain|[from] ability: Grassy Surge|[of] p2b: Rillaboom
|-terastallize|p1b: Tyranitar|Flying
|move|p1a: Excadrill|Swords Dance|p1a: Excadrill
|-boost|p1a: Excadrill|atk|2
|move|p2a: Dragonite|Scale Shot|p1b: Tyranitar
|-damage|p1b: Tyranitar|90/100
|-damage|p1b: Tyranitar|78/100
|-damage|p1b: Tyranitar|66/100
|-damage|p1b: Tyranitar|56/100
|-hitcount|p1b: Tyranitar|4
|-unboost|p2a: Dragonite|def|1
|-boost|p2a: Dragonite|spe|1
|move|p1b: Tyranitar|Knock Off|p2a: Dragonite
|-damage|p2a: Dragonite|67/100
|-enditem|p2a: Dragonite|Loaded Dice|[from] move: Knock Off|[of] p1b: Tyranitar
|
|-weather|Sandstorm|[upkeep]
|-damage|p2a: Dragonite|61/100|[from] Sandstorm
|-damage|p2b: Rillaboom|95/100|[from] Sandstorm
|-damage|p1b: Tyranitar|50/100|[from] Sandstorm
|-heal|p2b: Rillaboom|100/100|[from] Grassy Terrain
|upkeep
|turn|2
|inactive|t3hsleepyshuckle has 30 seconds left.
|inactive|zucmpall has 30 seconds left.
|inactive|t3hsleepyshuckle has 20 seconds left.
|inactive|zucmpall has 20 seconds left.
|inactive|t3hsleepyshuckle has 15 seconds left.
|inactive|zucmpall has 15 seconds left.
|inactive|t3hsleepyshuckle has 10 seconds left.
|inactive|zucmpall has 10 seconds left.
|inactive|t3hsleepyshuckle has 5 seconds left.
|inactive|zucmpall has 5 seconds left.
|
|t:|1756686531
|switch|p1b: Indeedee|Indeedee, L50, M|100/100
|-fieldstart|move: Psychic Terrain|[from] ability: Psychic Surge|[of] p1b: Indeedee
|move|p2a: Dragonite|Protect|p2a: Dragonite
|-singleturn|p2a: Dragonite|Protect
|move|p1a: Excadrill|Iron Head|p2b: Rillaboom
|-damage|p2b: Rillaboom|10/100
|move|p2b: Rillaboom|Wood Hammer|p1b: Indeedee
|-damage|p1b: Indeedee|0 fnt
|faint|p1b: Indeedee
|-damage|p2b: Rillaboom|0 fnt|[from] Recoil
|faint|p2b: Rillaboom
|
|-weather|Sandstorm|[upkeep]
|-damage|p2a: Dragonite|55/100|[from] Sandstorm
|upkeep
|inactive|t3hsleepyshuckle has 30 seconds left.
|inactive|zucmpall has 30 seconds left.
|inactive|t3hsleepyshuckle has 20 seconds left.
|inactive|zucmpall has 20 seconds left.
|inactive|t3hsleepyshuckle has 15 seconds left.
|inactive|zucmpall has 15 seconds left.
|inactive|zucmpall has 10 seconds left.
|inactive|t3hsleepyshuckle has 10 seconds left.
|inactive|zucmpall has 5 seconds left.
|inactive|t3hsleepyshuckle has 5 seconds left.
|
|t:|1756686588
|switch|p1b: Sneasler|Sneasler, L50, F|100/100
|switch|p2b: Ursaluna|Ursaluna-Bloodmoon, L50, M|100/100
|turn|3
|inactive|t3hsleepyshuckle has 30 seconds left.
|inactive|zucmpall has 30 seconds left.
|inactive|t3hsleepyshuckle has 20 seconds left.
|inactive|t3hsleepyshuckle has 15 seconds left.
|inactive|zucmpall has 20 seconds left.
|inactive|zucmpall has 15 seconds left.
|inactive|zucmpall has 10 seconds left.
|
|t:|1756686643
|switch|p2a: Gholdengo|Gholdengo, L50|100/100
|-terastallize|p2b: Ursaluna|Water
|move|p1a: Excadrill|Iron Head|p2a: Gholdengo
|-resisted|p2a: Gholdengo
|-damage|p2a: Gholdengo|54/100
|move|p1b: Sneasler|Coaching|p1a: Excadrill
|-boost|p1a: Excadrill|atk|1
|-boost|p1a: Excadrill|def|1
|move|p2b: Ursaluna|Earth Power|p1b: Sneasler
|-supereffective|p1b: Sneasler
|-damage|p1b: Sneasler|0 fnt
|faint|p1b: Sneasler
|
|-weather|Sandstorm|[upkeep]
|-damage|p2b: Ursaluna|94/100|[from] Sandstorm
|upkeep
|
|t:|1756686661
|switch|p1b: Tyranitar|Tyranitar, L50, F, tera:Flying|50/100
|turn|4
|inactive|t3hsleepyshuckle has 30 seconds left.
|
|t:|1756686689
|switch|p2b: Dragonite|Dragonite, L50, F|55/100
|move|p2a: Gholdengo|Protect|p2a: Gholdengo
|-singleturn|p2a: Gholdengo|Protect
|move|p1a: Excadrill|Earthquake|p2a: Gholdengo|[spread] 
|-activate|p2a: Gholdengo|move: Protect
|-immune|p1b: Tyranitar
|-immune|p2b: Dragonite
|move|p1b: Tyranitar|Knock Off|p2b: Dragonite
|-damage|p2b: Dragonite|26/100
|
|-weather|Sandstorm|[upkeep]
|-damage|p2b: Dragonite|20/100|[from] Sandstorm
|-damage|p1b: Tyranitar|44/100|[from] Sandstorm
|upkeep
|turn|5
|inactive|t3hsleepyshuckle has 30 seconds left.
|inactive|zucmpall has 30 seconds left.
|inactive|t3hsleepyshuckle has 20 seconds left.
|inactive|zucmpall has 20 seconds left.
|inactive|t3hsleepyshuckle has 15 seconds left.
|inactive|zucmpall has 15 seconds left.
|inactive|t3hsleepyshuckle has 10 seconds left.
|inactive|zucmpall has 10 seconds left.
|inactive|zucmpall has 5 seconds left.
|
|t:|1756686744
|move|p1a: Excadrill|Iron Head|p2b: Dragonite
|-damage|p2b: Dragonite|0 fnt
|faint|p2b: Dragonite
|move|p2a: Gholdengo|Make It Rain|p1b: Tyranitar|[spread] p1a,p1b
|-resisted|p1a: Excadrill
|-damage|p1a: Excadrill|55/100
|-damage|p1b: Tyranitar|7/100
|-unboost|p2a: Gholdengo|spa|1
|-damage|p2a: Gholdengo|44/100|[from] item: Life Orb
|move|p1b: Tyranitar|Knock Off|p2a: Gholdengo
|-supereffective|p2a: Gholdengo
|-damage|p2a: Gholdengo|0 fnt
|-enditem|p2a: Gholdengo|Life Orb|[from] move: Knock Off|[of] p1b: Tyranitar
|faint|p2a: Gholdengo
|
|-weather|none
|upkeep
|
|t:|1756686762
|switch|p2b: Ursaluna|Ursaluna-Bloodmoon, L50, M, tera:Water|94/100
|turn|6
|inactive|t3hsleepyshuckle has 30 seconds left.
|
|t:|1756686787
|move|p2b: Ursaluna|Vacuum Wave|p1a: Excadrill
|-activate|p1a: Excadrill|move: Psychic Terrain
|move|p1a: Excadrill|Earthquake|p2b: Ursaluna|[spread] p2b
|-immune|p1b: Tyranitar
|-damage|p2b: Ursaluna|27/100
|move|p1b: Tyranitar|Low Kick|p2b: Ursaluna
|-crit|p2b: Ursaluna
|-damage|p2b: Ursaluna|0 fnt
|faint|p2b: Ursaluna
|
|win|t3hsleepyshuckle
|raw|t3hsleepyshuckle's rating: 1037 → 1068(+31 for winning)
|raw|zucmpall's rating: 1000 → 1000(+0 for losing)
|c|☆t3hsleepyshuckle|ggwp
|l|☆zucmpall
|player|p2|
