|j|☆wenopoly
|j|☆fff125621324
|html|wenopolyfff125621324    
|uhtml|bestof|Game 1 of a best-of-3
|t:|1783315356
|gametype|doubles
|player|p1|wenopoly|102|1030
|player|p2|fff125621324|101|1000
|gen|9
|tier|[Gen 9 Champions] VGC 2026 Reg M-B (Bo3)
|rated|
|rule|Species Clause: Limit one of each Pokémon
|rule|Item Clause: Limit 1 of each item
|clearpoke
|poke|p1|Venusaur, L50, F|
|poke|p1|Sinistcha, L50|
|poke|p1|Pelipper, L50, M|
|poke|p1|Archaludon, L50, M|
|poke|p1|Swampert, L50, M|
|poke|p1|Grimmsnarl, L50, M|
|poke|p2|Aerodactyl, L50, M|
|poke|p2|Blastoise, L50, F|
|poke|p2|Garchomp, L50, F|
|poke|p2|Kingambit, L50, F|
|poke|p2|Farigiraf, L50, F|
|poke|p2|Sinistcha, L50|
|teampreview|4
|showteam|p1|Venusaur||Venusaurite|Chlorophyll|GigaDrain,EarthPower,SludgeBomb,Protect|Calm||F|||50|]Sinistcha||CobaBerry|Hospitality|MatchaGotcha,RagePowder,TrickRoom,LifeDew|Relaxed|||||50|]Pelipper||SitrusBerry|Drizzle|Hurricane,Tailwind,WeatherBall,WideGuard|Serious||M|||50|]Archaludon||Leftovers|Stamina|ElectroShot,DragonPulse,FlashCannon,Protect|Modest||M|||50|]Swampert||Swampertite|Torrent|WaveCrash,Earthquake,IcePunch,Protect|Adamant||M|||50|]Grimmsnarl||LightClay|Prankster|FoulPlay,PartingShot,Reflect,LightScreen|Calm||M|||50|
|showteam|p2|Aerodactyl||FocusSash|Unnerve|RockSlide,Tailwind,DualWingbeat,Protect|Jolly||M|||50|]Blastoise||Blastoisinite|RainDish|WaterSpout,DarkPulse,AuraSphere,DragonPulse|Modest||F|||50|]Garchomp||LifeOrb|RoughSkin|DragonClaw,Earthquake,Protect,PoisonJab|Jolly||F|||50|]Kingambit||BlackGlasses|Defiant|SuckerPunch,Protect,IronHead,KowtowCleave|Adamant||F|||50|]Farigiraf||SitrusBerry|ArmorTail|PsychicFangs,Thunderbolt,TrickRoom,HelpingHand|Bold||F|||50|]Sinistcha||KasibBerry|Hospitality|MatchaGotcha,RagePowder,TrickRoom,ShadowBall|Bold|||||50|
|inactive|Battle timer is ON: inactive players will automatically lose when time's up. (requested by fff125621324)
|inactive|fff125621324 has 60 seconds left.
|inactive|fff125621324 has 30 seconds left.
|inactive|fff125621324 has 20 seconds left.
|inactive|fff125621324 has 15 seconds left.
|inactive|fff125621324 has 10 seconds left.
|inactive|fff125621324 has 5 seconds left.
|
|t:|1783315448
|teamsize|p1|4
|teamsize|p2|4
|start
|switch|p1a: Venusaur|Venusaur, L50, F|100/100
|switch|p1b: Grimmsnarl|Grimmsnarl, L50, M|100/100
|switch|p2a: Aerodactyl|Aerodactyl, L50, M|100/100
|switch|p2b: Blastoise|Blastoise, L50, F|100/100
|-ability|p2a: Aerodactyl|Unnerve
|turn|1
|inactive|fff125621324 has 30 seconds left.
|inactive|fff125621324 has 20 seconds left.
|inactive|fff125621324 has 15 seconds left.
|inactive|fff125621324 has 10 seconds left.
|inactive|fff125621324 has 5 seconds left.
|
|t:|1783315503
|detailschange|p1a: Venusaur|Venusaur-Mega, L50, F
|-mega|p1a: Venusaur|Venusaur|Venusaurite
|move|p1b: Grimmsnarl|Light Screen|p1b: Grimmsnarl
|-sidestart|p1: wenopoly|move: Light Screen
|move|p2a: Aerodactyl|Rock Slide|p1b: Grimmsnarl|[spread] p1a,p1b
|-damage|p1a: Venusaur|80/100
|-damage|p1b: Grimmsnarl|72/100
|move|p2b: Blastoise|Water Spout|p1a: Venusaur|[spread] p1a,p1b
|-resisted|p1a: Venusaur|1
|-damage|p1a: Venusaur|71/100
|-damage|p1b: Grimmsnarl|43/100
|cant|p1a: Venusaur|flinch
|
|upkeep
|turn|2
|inactive|fff125621324 has 30 seconds left.
|inactive|fff125621324 has 20 seconds left.
|inactive|fff125621324 has 15 seconds left.
|inactive|fff125621324 has 10 seconds left.
|inactive|fff125621324 has 5 seconds left.
|
|t:|1783315558
|move|p1b: Grimmsnarl|Parting Shot|p2b: Blastoise
|-unboost|p2b: Blastoise|atk|1
|-unboost|p2b: Blastoise|spa|1
|
|t:|1783315563
|switch|p1b: Archaludon|Archaludon, L50, M|100/100|[from] Parting Shot
|move|p2a: Aerodactyl|Rock Slide|p1a: Venusaur|[spread] p1a,p1b
|-resisted|p1b: Archaludon|1
|-damage|p1a: Venusaur|50/100g
|-damage|p1b: Archaludon|90/100
|-ability|p1b: Archaludon|Stamina|boost
|-boost|p1b: Archaludon|def|1
|move|p2b: Blastoise|Water Spout|p1a: Venusaur|[spread] p1a,p1b
|-resisted|p1a: Venusaur|1
|-resisted|p1b: Archaludon|1
|-damage|p1a: Venusaur|44/100
|-damage|p1b: Archaludon|80/100
|-ability|p1b: Archaludon|Stamina|boost
|-boost|p1b: Archaludon|def|1
|move|p1a: Venusaur|Giga Drain|p2b: Blastoise
|-supereffective|p2b: Blastoise|1
|-crit|p2b: Blastoise
|-damage|p2b: Blastoise|2/100
|-heal|p1a: Venusaur|85/100|[from] drain|[of] p2b: Blastoise
|
|-heal|p1b: Archaludon|86/100|[from] item: Leftovers
|upkeep
|turn|3
|inactive|fff125621324 has 30 seconds left.
|inactive|wenopoly has 30 seconds left.
|inactive|fff125621324 has 20 seconds left.
|inactive|wenopoly has 20 seconds left.
|inactive|fff125621324 has 15 seconds left.
|inactive|fff125621324 has 10 seconds left.
|inactive|fff125621324 has 5 seconds left.
|
|t:|1783315618
|move|p2a: Aerodactyl|Rock Slide|p1a: Venusaur|[spread] p1b
|-miss|p2a: Aerodactyl|p1a: Venusaur
|-resisted|p1b: Archaludon|1
|-damage|p1b: Archaludon|82/100
|-ability|p1b: Archaludon|Stamina|boost
|-boost|p1b: Archaludon|def|1
|move|p2b: Blastoise|Water Spout|p1b: Archaludon|[spread] p1a,p1b
|-resisted|p1a: Venusaur|1
|-resisted|p1b: Archaludon|1
|-damage|p1a: Venusaur|84/100
|-damage|p1b: Archaludon|81/100
|-ability|p1b: Archaludon|Stamina|boost
|-boost|p1b: Archaludon|def|1
|cant|p1b: Archaludon|flinch
|move|p1a: Venusaur|Sludge Bomb|p2b: Blastoise
|-damage|p2b: Blastoise|0 fnt
|faint|p2b: Blastoise
|
|-heal|p1b: Archaludon|87/100|[from] item: Leftovers
|upkeep
|inactive|fff125621324 has 30 seconds left.
|inactive|fff125621324 has 20 seconds left.
|inactive|fff125621324 has 15 seconds left.
|inactive|fff125621324 has 10 seconds left.
|inactive|fff125621324 has 5 seconds left.
|
|t:|1783315673
|switch|p2b: Garchomp|Garchomp, L50, F|100/100
|turn|4
|inactive|wenopoly has 30 seconds left.
|inactive|fff125621324 has 30 seconds left.
|inactive|wenopoly has 20 seconds left.
|inactive|fff125621324 has 20 seconds left.
|inactive|wenopoly has 15 seconds left.
|inactive|fff125621324 has 15 seconds left.
|inactive|wenopoly has 10 seconds left.
|inactive|fff125621324 has 10 seconds left.
|inactive|fff125621324 has 5 seconds left.
|
|t:|1783315728
|move|p2a: Aerodactyl|Rock Slide|p1a: Venusaur|[spread] p1a,p1b
|-resisted|p1b: Archaludon|1
|-damage|p1a: Venusaur|65/100
|-damage|p1b: Archaludon|84/100
|-ability|p1b: Archaludon|Stamina|boost
|-boost|p1b: Archaludon|def|1
|move|p2b: Garchomp|Dragon Claw|p1b: Archaludon
|-damage|p1b: Archaludon|72/100
|-ability|p1b: Archaludon|Stamina|boost
|-boost|p1b: Archaludon|def|1
|-damage|p2b: Garchomp|90/100|[from] item: Life Orb
|move|p1b: Archaludon|Dragon Pulse|p2b: Garchomp
|-supereffective|p2b: Garchomp|1
|-damage|p2b: Garchomp|5/100
|move|p1a: Venusaur|Giga Drain|p2a: Aerodactyl
|-damage|p2a: Aerodactyl|53/100
|-heal|p1a: Venusaur|85/100|[from] drain|[of] p2a: Aerodactyl
|
|-heal|p1b: Archaludon|78/100|[from] item: Leftovers
|upkeep
|turn|5
|inactive|wenopoly has 30 seconds left.
|inactive|fff125621324 has 30 seconds left.
|inactive|wenopoly has 20 seconds left.
|inactive|fff125621324 has 20 seconds left.
|inactive|wenopoly has 15 seconds left.
|inactive|fff125621324 has 15 seconds left.
|inactive|fff125621324 has 10 seconds left.
|inactive|fff125621324 has 5 seconds left.
|
|t:|1783315783
|move|p2a: Aerodactyl|Rock Slide|p1b: Archaludon|[spread] p1a,p1b
|-resisted|p1b: Archaludon|1
|-damage|p1a: Venusaur|62/100
|-damage|p1b: Archaludon|76/100
|move|p2b: Garchomp|Dragon Claw|p1a: Venusaur
|-damage|p1a: Venusaur|16/100
|-damage|p2b: Garchomp|0 fnt|[from] item: Life Orb
|faint|p2b: Garchomp
|move|p1b: Archaludon|Flash Cannon|p2a: Aerodactyl
|-supereffective|p2a: Aerodactyl|1
|-damage|p2a: Aerodactyl|0 fnt
|faint|p2a: Aerodactyl
|move|p1a: Venusaur|Earth Power|p2: Aerodactyl|[notarget]
|-fail|p1a: Venusaur
|
|-heal|p1b: Archaludon|82/100|[from] item: Leftovers
|upkeep
|inactive|fff125621324 has 30 seconds left.
|inactive|fff125621324 has 20 seconds left.
|inactive|fff125621324 has 15 seconds left.
|inactive|fff125621324 has 10 seconds left.
|inactive|fff125621324 has 5 seconds left.
|
|t:|1783315838
|switch|p2a: Kingambit|Kingambit, L50, F|100/100
|turn|6
|inactive|fff125621324 has 30 seconds left.
|inactive|fff125621324 has 20 seconds left.
|inactive|fff125621324 has 15 seconds left.
|inactive|fff125621324 has 10 seconds left.
|inactive|fff125621324 has 5 seconds left.
|-message|fff125621324 lost due to inactivity.
|
|win|wenopoly
