|j|☆Arhanjunior
|j|☆tyninja-1
|html|Arhanjuniortyninja-1    
|uhtml|bestof|Game 1 of a best-of-3
|t:|1782598791
|gametype|doubles
|player|p1|Arhanjunior|266|1075
|player|p2|tyninja-1|ingo|1075
|gen|9
|tier|[Gen 9 Champions] VGC 2026 Reg M-B (Bo3)
|rated|
|rule|Species Clause: Limit one of each Pokémon
|rule|Item Clause: Limit 1 of each item
|clearpoke
|poke|p1|Swampert, L50, F|
|poke|p1|Pelipper, L50, F|
|poke|p1|Archaludon, L50, F|
|poke|p1|Sinistcha, L50|
|poke|p1|Maushold-Four, L50|
|poke|p1|Gholdengo, L50|
|poke|p2|Tinkaton, L50, F|
|poke|p2|Scovillain, L50, F|
|poke|p2|Basculegion, L50, M|
|poke|p2|Raichu, L50, M|
|poke|p2|Hydreigon, L50, F|
|poke|p2|Mudsdale, L50, F|
|teampreview|4
|showteam|p1|Swampert||Swampertite|Damp|HighHorsepower,WaveCrash,IcePunch,Protect|Adamant||F|||50|]Pelipper||FocusSash|Drizzle|Hurricane,WeatherBall,Tailwind,WideGuard|Modest||F|||50|]Archaludon||Leftovers|Stamina|DragonPulse,ElectroShot,AuraSphere,FlashCannon|Modest||F|||50|]Sinistcha||SitrusBerry|Hospitality|MatchaGotcha,TrickRoom,RagePowder,LifeDew|Bold|||||50|]Maushold-Four||ChopleBerry|FriendGuard|SuperFang,FollowMe,RainDance,Protect|Timid|||||50|]Gholdengo||LifeOrb|GoodasGold|MakeItRain,ShadowBall,NastyPlot,Protect|Modest|||||50|
|showteam|p2|Tinkaton||FocusSash|OwnTempo|FakeOut,GigatonHammer,Encore,PlayRough|Impish||F|||50|]Scovillain||Scovillainite|Chlorophyll|Protect,GigaDrain,Flamethrower,Swagger|Timid||F|||50|]Basculegion||LifeOrb|Adaptability|AquaJet,LastRespects,WaveCrash,FlipTurn|Adamant||M|||50|]Raichu||RaichuniteY|LightningRod|ZapCannon,Protect,FakeOut,FocusBlast|Timid||M|||50|]Hydreigon||ChoiceScarf|Levitate|DracoMeteor,Snarl,EarthPower,HydroPump|Modest||F|||50|]Mudsdale||SitrusBerry|OwnTempo|Protect,Earthquake,RockSlide,HighHorsepower|Serious||F|||50|
|inactive|Battle timer is ON: inactive players will automatically lose when time's up. (requested by tyninja-1)
|inactive|Arhanjunior has 60 seconds left.
|
|t:|1782598843
|teamsize|p1|4
|teamsize|p2|4
|start
|switch|p1a: Swampert|Swampert, L50, F|100/100
|switch|p1b: Pelipper|Pelipper, L50, F|100/100
|switch|p2a: Raichu|Raichu, L50, M|100/100
|switch|p2b: Basculegion|Basculegion, L50, M|100/100
|-weather|RainDance|[from] ability: Drizzle|[of] p1b: Pelipper
|turn|1
|inactive|tyninja-1 has 30 seconds left.
|
|t:|1782598871
|switch|p1b: Archaludon|Archaludon, L50, F|100/100
|detailschange|p2a: Raichu|Raichu-Mega-Y, L50, M
|-mega|p2a: Raichu|Raichu|Raichunite Y
|detailschange|p1a: Swampert|Swampert-Mega, L50, F
|-mega|p1a: Swampert|Swampert|Swampertite
|move|p2a: Raichu|Fake Out|p1a: Swampert
|-damage|p1a: Swampert|92/100
|cant|p1a: Swampert|flinch
|move|p2b: Basculegion|Wave Crash|p1a: Swampert
|-damage|p1a: Swampert|0 fnt
|faint|p1a: Swampert
|-damage|p2b: Basculegion|73/100|[from] Recoil
|-damage|p2b: Basculegion|63/100|[from] item: Life Orb
|
|-weather|RainDance|[upkeep]
|upkeep
|
|t:|1782598894
|switch|p1a: Sinistcha|Sinistcha, L50|100/100
|turn|2
|
|t:|1782598917
|move|p1a: Sinistcha|Rage Powder|p1a: Sinistcha
|-singleturn|p1a: Sinistcha|move: Rage Powder
|move|p2a: Raichu|Zap Cannon|p1a: Sinistcha
|-resisted|p1a: Sinistcha|1
|-damage|p1a: Sinistcha|62/100
|-status|p1a: Sinistcha|par
|move|p2b: Basculegion|Last Respects|p1a: Sinistcha
|-supereffective|p1a: Sinistcha|1
|-damage|p1a: Sinistcha|0 fnt
|faint|p1a: Sinistcha
|-damage|p2b: Basculegion|53/100|[from] item: Life Orb
|move|p1b: Archaludon|Dragon Pulse|p2a: Raichu
|-crit|p2a: Raichu
|-damage|p2a: Raichu|5/100
|
|-weather|RainDance|[upkeep]
|upkeep
|
|t:|1782598931
|switch|p1a: Pelipper|Pelipper, L50, F|100/100
|turn|3
|
|t:|1782598940
|move|p2a: Raichu|Focus Blast|p1b: Archaludon
|-supereffective|p1b: Archaludon|1
|-damage|p1b: Archaludon|0 fnt
|faint|p1b: Archaludon
|move|p2b: Basculegion|Flip Turn|p1a: Pelipper
|-resisted|p1a: Pelipper|1
|-damage|p1a: Pelipper|46/100
|-damage|p2b: Basculegion|44/100|[from] item: Life Orb
|
|t:|1782598944
|switch|p2b: Hydreigon|Hydreigon, L50, F|100/100|[from] Flip Turn
|move|p1a: Pelipper|Weather Ball|p2a: Raichu
|-damage|p2a: Raichu|0 fnt
|faint|p2a: Raichu
|
|-weather|RainDance|[upkeep]
|upkeep
|
|t:|1782598949
|switch|p2a: Basculegion|Basculegion, L50, M|44/100
|turn|4
|
|t:|1782598957
|move|p2b: Hydreigon|Snarl|p1a: Pelipper
|-damage|p1a: Pelipper|0 fnt
|faint|p1a: Pelipper
|
|win|tyninja-1
||tyninja-1 is ready for game 2.
||Arhanjunior is ready for game 2.
|uhtml|next|Next: Game 2 of 3
