|j|☆magicalarcher57
|j|☆SitrusC
|html|magicalarcher57SitrusC    
|uhtml|bestof|Game 1 of a best-of-3
|t:|1783517009
|gametype|doubles
|player|p1|magicalarcher57|diantha|
|player|p2|SitrusC|lucas|
|gen|9
|tier|[Gen 9 Champions] VGC 2026 Reg M-B (Bo3)
|rule|Species Clause: Limit one of each Pokémon
|rule|Item Clause: Limit 1 of each item
|clearpoke
|poke|p1|Kingambit, L50, M|
|poke|p1|Charizard, L50, F|
|poke|p1|Aerodactyl, L50, F|
|poke|p1|Farigiraf, L50, M|
|poke|p1|Garchomp, L50, M|
|poke|p1|Sylveon, L50, F|
|poke|p2|Charizard, L50, F, shiny|
|poke|p2|Garchomp, L50, M|
|poke|p2|Kingambit, L50, M|
|poke|p2|Aerodactyl, L50, M|
|poke|p2|Sylveon, L50, F|
|poke|p2|Farigiraf, L50, M|
|teampreview|4
|showteam|p1|Kingambit||FocusSash|Defiant|KowtowCleave,IronHead,SuckerPunch,LowKick|Adamant||M|||50|]Charizard||CharizarditeY|Blaze|HeatWave,SolarBeam,WeatherBall,Protect|Modest||F|||50|]Aerodactyl||Aerodactylite|Unnerve|RockSlide,DualWingbeat,IceFang,Tailwind|Jolly||F|||50|]Farigiraf||SitrusBerry|ArmorTail|Psychic,Thunderbolt,TrickRoom,Protect|Bold||M|||50|]Garchomp||LifeOrb|RoughSkin|Earthquake,DragonClaw,StompingTantrum,Protect|Jolly||M|||50|]Sylveon||FairyFeather|Pixilate|HyperVoice,HyperBeam,QuickAttack,Protect|Modest||F|||50|
|showteam|p2|Charizard||CharizarditeY|Blaze|Protect,HeatWave,SolarBeam,WeatherBall|Modest||F|||50|]Garchomp||LifeOrb|RoughSkin|Protect,Earthquake,DragonClaw,StompingTantrum|Jolly||M|||50|]Kingambit||FocusSash|Defiant|LowKick,IronHead,SuckerPunch,KowtowCleave|Adamant||M|||50|]Aerodactyl||Aerodactylite|Unnerve|Tailwind,IceFang,RockSlide,WideGuard|Jolly||M|||50|]Sylveon||FairyFeather|Pixilate|Protect,HyperVoice,HyperBeam,QuickAttack|Modest||F|||50|]Farigiraf||SitrusBerry|ArmorTail|TrickRoom,TwinBeam,Thunderbolt,HelpingHand|Bold||M|||50|
|inactive|Battle timer is ON: inactive players will automatically lose when time's up. (requested by magicalarcher57)
|inactive|SitrusC also wants the timer to be on.
|c|☆SitrusC|Glhf
|c|☆magicalarcher57|glhf
|c|☆magicalarcher57|i think this mu would be important since hoj got top 4 in vr
|c|☆magicalarcher57|also seems to be abit hard
|inactive|magicalarcher57 has 60 seconds left.
|inactive|SitrusC has 60 seconds left.
|
|t:|1783517067
|teamsize|p1|4
|teamsize|p2|4
|start
|switch|p1a: Kingambit|Kingambit, L50, M|100/100
|switch|p1b: Farigiraf|Farigiraf, L50, M|100/100
|switch|p2a: Kingambit|Kingambit, L50, M|100/100
|switch|p2b: Aerodactyl|Aerodactyl, L50, M|100/100
|-ability|p2b: Aerodactyl|Unnerve
|turn|1
|inactive|magicalarcher57 has 30 seconds left.
|inactive|SitrusC has 30 seconds left.
|inactive|magicalarcher57 has 20 seconds left.
|inactive|magicalarcher57 has 15 seconds left.
|inactive|magicalarcher57 has 10 seconds left.
|
|t:|1783517116
|move|p2b: Aerodactyl|Rock Slide|p1a: Kingambit|[spread] p1a,p1b
|-resisted|p1a: Kingambit|1
|-damage|p1a: Kingambit|89/100
|-damage|p1b: Farigiraf|80/100
|move|p1a: Kingambit|Iron Head|p2b: Aerodactyl
|-supereffective|p2b: Aerodactyl|1
|-damage|p2b: Aerodactyl|0 fnt
|faint|p2b: Aerodactyl
|move|p2a: Kingambit|Low Kick|p1a: Kingambit
|-supereffective|p1a: Kingambit|2
|-damage|p1a: Kingambit|0 fnt
|faint|p1a: Kingambit
|move|p1b: Farigiraf|Trick Room|p1b: Farigiraf
|-fieldstart|move: Trick Room|[of] p1b: Farigiraf
|
|upkeep
|
|t:|1783517134
|switch|p1a: Sylveon|Sylveon, L50, F|100/100
|switch|p2b: Sylveon|Sylveon, L50, F|100/100
|turn|2
|inactive|SitrusC has 30 seconds left.
|inactive|SitrusC has 20 seconds left.
|inactive|SitrusC has 15 seconds left.
|
|t:|1783517176
|move|p1b: Farigiraf|Thunderbolt|p2a: Kingambit
|-damage|p2a: Kingambit|73/100
|move|p1a: Sylveon|Hyper Voice|p2b: Sylveon|[spread] p2a,p2b
|-damage|p2a: Kingambit|19/100
|-damage|p2b: Sylveon|62/100
|move|p2b: Sylveon|Hyper Voice|p1b: Farigiraf|[spread] p1a,p1b
|-damage|p1a: Sylveon|60/100
|-damage|p1b: Farigiraf|34/100
|-enditem|p1b: Farigiraf|Sitrus Berry|[eat]
|-heal|p1b: Farigiraf|59/100|[from] item: Sitrus Berry
|move|p2a: Kingambit|Iron Head|p1a: Sylveon
|-supereffective|p1a: Sylveon|1
|-damage|p1a: Sylveon|0 fnt
|faint|p1a: Sylveon
|
|upkeep
|
|t:|1783517190
|switch|p1a: Aerodactyl|Aerodactyl, L50, F|100/100
|-ability|p1a: Aerodactyl|Unnerve
|turn|3
|inactive|SitrusC has 30 seconds left.
|
|t:|1783517219
|switch|p2a: Charizard|Charizard, L50, F, shiny|100/100
|detailschange|p1a: Aerodactyl|Aerodactyl-Mega, L50, F
|-mega|p1a: Aerodactyl|Aerodactyl|Aerodactylite
|move|p1b: Farigiraf|Thunderbolt|p2a: Charizard
|-supereffective|p2a: Charizard|1
|-damage|p2a: Charizard|49/100
|move|p2b: Sylveon|Hyper Beam|p1b: Farigiraf
|-damage|p1b: Farigiraf|0 fnt
|-mustrecharge|p2b: Sylveon
|faint|p1b: Farigiraf
|move|p1a: Aerodactyl|Dual Wingbeat|p2b: Sylveon
|-damage|p2b: Sylveon|34/100
|-damage|p2b: Sylveon|6/100
|-hitcount|p2b: Sylveon|2
|
|upkeep
|turn|4
|
|t:|1783517238
|detailschange|p2a: Charizard|Charizard-Mega-Y, L50, F, shiny
|-mega|p2a: Charizard|Charizard|Charizardite Y
|-weather|SunnyDay|[from] ability: Drought|[of] p2a: Charizard
|cant|p2b: Sylveon|recharge
|move|p2a: Charizard|Solar Beam||[still]
|-prepare|p2a: Charizard|Solar Beam
|-anim|p2a: Charizard|Solar Beam|p1a: Aerodactyl
|-damage|p1a: Aerodactyl|54/100
|move|p1a: Aerodactyl|Rock Slide|p2a: Charizard|[spread] p2a,p2b
|-supereffective|p2a: Charizard|2
|-crit|p2a: Charizard
|-damage|p2a: Charizard|0 fnt
|-damage|p2b: Sylveon|0 fnt
|faint|p2a: Charizard
|faint|p2b: Sylveon
|
|-weather|SunnyDay|[upkeep]
|upkeep
|
|t:|1783517255
|switch|p2a: Kingambit|Kingambit, L50, M|19/100
|turn|5
|
|t:|1783517267
|move|p2a: Kingambit|Iron Head|p1a: Aerodactyl
|-supereffective|p1a: Aerodactyl|1
|-damage|p1a: Aerodactyl|0 fnt
|faint|p1a: Aerodactyl
|
|win|SitrusC
