|j|☆Quackennn
|j|☆MrMelon125
|html|QuackennnMrMelon125    
|uhtml|bestof|Game 1 of a best-of-3
|t:|1784405169
|gametype|doubles
|player|p1|Quackennn|pilot|
|player|p2|MrMelon125|101|
|gen|9
|tier|[Gen 9 Champions] VGC 2026 Reg M-B (Bo3)
|rule|Species Clause: Limit one of each Pokémon
|rule|Item Clause: Limit 1 of each item
|clearpoke
|poke|p1|Araquanid, L50, M|
|poke|p1|Farigiraf, L50, F|
|poke|p1|Primarina, L50, F|
|poke|p1|Ninetales-Alola, L50, F|
|poke|p1|Crabominable, L50, M|
|poke|p1|Golurk, L50|
|poke|p2|Raichu, L50, F|
|poke|p2|Samurott-Hisui, L50, M|
|poke|p2|Greninja, L50, M|
|poke|p2|Talonflame, L50, F|
|poke|p2|Altaria, L50, M|
|poke|p2|Scizor, L50, F|
|teampreview|4
|showteam|p1|Araquanid||LifeOrb|WaterBubble|LeechLife,Liquidation,Protect,PoisonJab|Adamant||M|||50|]Farigiraf||Leftovers|ArmorTail|Imprison,Protect,TrickRoom,HyperVoice|Sassy||F|||50|]Primarina||WacanBerry|LiquidVoice|HyperVoice,DazzlingGleam,WeatherBall,Protect|Modest||F|||50|]Ninetales-Alola||LightClay|SnowWarning|AuroraVeil,Protect,Blizzard,IcyWind|Timid||F|||50|]Crabominable||Crabominite|HyperCutter|IceHammer,CloseCombat,MachPunch,ThunderPunch|Adamant||M|||50|]Golurk||Golurkite|NoGuard|BrickBreak,Protect,Poltergeist,HeadlongRush|Adamant|||||50|
|showteam|p2|Raichu||RaichuniteY|Static|Protect,ZapCannon,Encore,FakeOut|Modest||F|||50|]Samurott-Hisui||LifeOrb|Sharpness|Protect,RazorShell,NightSlash,AquaJet|Adamant||M|||50|]Greninja||Greninjite|Protean|Protect,IceBeam,HydroPump,DarkPulse|Modest||M|||50|]Talonflame||FocusSash|GaleWings|Protect,Tailwind,BraveBird,FlareBlitz|Adamant||F|||50|]Altaria||Leftovers|CloudNine|PerishSong,WillOWisp,Tailwind,SunnyDay|Calm||M|||50|]Scizor||Scizorite|Technician|Protect,SwordsDance,BulletPunch,BugBite|Adamant||F|||50|
|
|t:|1784405231
|teamsize|p1|4
|teamsize|p2|4
|start
|switch|p1a: The Creature|Farigiraf, L50, F|100/100
|switch|p1b: The Crawler|Araquanid, L50, M|100/100
|switch|p2a: BDSP Sux|Scizor, L50, F|100/100
|switch|p2b: Hampter?|Raichu, L50, F|100/100
|turn|1
|
|t:|1784405264
|detailschange|p2b: Hampter?|Raichu-Mega-Y, L50, F
|-mega|p2b: Hampter?|Raichu|Raichunite Y
|move|p2b: Hampter?|Zap Cannon|p1b: The Crawler
|-supereffective|p1b: The Crawler|1
|-damage|p1b: The Crawler|0 fnt
|faint|p1b: The Crawler
|move|p2a: BDSP Sux|Bug Bite|p1a: The Creature
|-supereffective|p1a: The Creature|1
|-damage|p1a: The Creature|0 fnt
|faint|p1a: The Creature
|
|upkeep
|
|t:|1784405275
|switch|p1a: The Caller|Primarina, L50, F|100/100
|switch|p1b: The Crabber|Crabominable, L50, M|100/100
|turn|2
|j| Hariyamamomma
|
|t:|1784405326
|detailschange|p1b: The Crabber|Crabominable-Mega, L50, M
|-mega|p1b: The Crabber|Crabominable|Crabominite
|move|p2a: BDSP Sux|Bullet Punch|p1b: The Crabber
|-supereffective|p1b: The Crabber|1
|-damage|p1b: The Crabber|46/100
|move|p1b: The Crabber|Mach Punch|p2b: Hampter?
|-damage|p2b: Hampter?|31/100
|move|p2b: Hampter?|Zap Cannon|p1a: The Caller
|-supereffective|p1a: The Caller|1
|-enditem|p1a: The Caller|Wacan Berry|[eat]
|-enditem|p1a: The Caller|Wacan Berry|[weaken]
|-damage|p1a: The Caller|32/100
|-status|p1a: The Caller|par
|move|p1a: The Caller|Hyper Voice|p2b: Hampter?|[spread] p2a,p2b
|-damage|p2a: BDSP Sux|59/100
|-damage|p2b: Hampter?|0 fnt
|faint|p2b: Hampter?
|
|upkeep
|j|+joey
|
|t:|1784405339
|switch|p2b: 1 Pound|Samurott-Hisui, L50, M|100/100
|turn|3
|
|t:|1784405344
|move|p2a: BDSP Sux|Bullet Punch|p1b: The Crabber
|-supereffective|p1b: The Crabber|1
|-damage|p1b: The Crabber|0 fnt
|faint|p1b: The Crabber
|move|p2b: 1 Pound|Razor Shell|p1a: The Caller
|-resisted|p1a: The Caller|1
|-crit|p1a: The Caller
|-damage|p1a: The Caller|0 fnt
|faint|p1a: The Caller
|-damage|p2b: 1 Pound|90/100|[from] item: Life Orb
|
|win|MrMelon125
||Quackennn is ready for game 2.
||MrMelon125 is ready for game 2.
|uhtml|next|Next: Game 2 of 3
|j| SirFishWasTaken
|l| SirFishWasTaken
