|j|☆washingtongargacha
|j|☆theyboi carti
|html|washingtongargachatheyboi carti    
|uhtml|bestof|Game 2 of a best-of-3
|t:|1757091119
|gametype|doubles
|player|p1|washingtongargacha|2|1120
|player|p2|theyboi carti|beauty|1221
|gen|9
|tier|[Gen 9] VGC 2025 Reg H (Bo3)
|rated|
|rule|Species Clause: Limit one of each Pokémon
|rule|Item Clause: Limit 1 of each item
|clearpoke
|poke|p1|Talonflame, L50, M|
|poke|p1|Gholdengo, L50|
|poke|p1|Dragonite, L50, F|
|poke|p1|Archaludon, L50, M|
|poke|p1|Tyranitar, L50, F|
|poke|p1|Garchomp, L50, F|
|poke|p2|Electabuzz, L50, F|
|poke|p2|Dragonite, L50, F|
|poke|p2|Rillaboom, L50, F|
|poke|p2|Gholdengo, L50|
|poke|p2|Ursaluna-Bloodmoon, L50, M|
|poke|p2|Sneasler, L50, F|
|teampreview|4
|showteam|p1|Talonflame||CovertCloak|GaleWings|Tailwind,DualWingbeat,Taunt,FlareBlitz|||M|||50|,,,,,Ghost]Gholdengo||ChoiceSpecs|GoodasGold|MakeItRain,SteelBeam,ShadowBall,PowerGem||||||50|,,,,,Steel]Dragonite||LoadedDice|Multiscale|ScaleShot,IceSpinner,Haze,Protect|||F|||50|,,,,,Steel]Archaludon||PowerHerb|Sturdy|FlashCannon,ElectroShot,DracoMeteor,Protect|||M|||50|,,,,,Flying]Tyranitar||AssaultVest|SandStream|KnockOff,RockSlide,TeraBlast,LowKick|||F|||50|,,,,,Flying]Garchomp||LifeOrb|RoughSkin|DragonClaw,StompingTantrum,Earthquake,Protect|||F|||50|,,,,,Steel
|showteam|p2|Electabuzz||Eviolite|VitalSpirit|Electroweb,FollowMe,Taunt,Protect|||F|||50|,,,,,Grass]Dragonite||LoadedDice|Multiscale|ScaleShot,Tailwind,Haze,Protect|||F|||50|,,,,,Fairy]Rillaboom||MiracleSeed|GrassySurge|WoodHammer,GrassyGlide,FakeOut,HighHorsepower|||F|||50|,,,,,Ground]Gholdengo||LifeOrb|GoodasGold|MakeItRain,ShadowBall,NastyPlot,Protect||||||50|,,,,,Water]Ursaluna-Bloodmoon||AssaultVest|MindsEye|HyperVoice,BloodMoon,EarthPower,VacuumWave|||M|||50|,,,,,Normal]Sneasler||FocusSash|Unburden|DireClaw,CloseCombat,ThroatChop,FakeOut|||F|||50|,,,,,Dark
|inactive|Battle timer is ON: inactive players will automatically lose when time's up. (requested by theyboi carti)
|inactive|theyboi carti has 60 seconds left.
|
|t:|1757091168
|teamsize|p1|4
|teamsize|p2|4
|start
|switch|p1a: Tyranitar|Tyranitar, L50, F|100/100
|switch|p1b: Talonflame|Talonflame, L50, M|100/100
|switch|p2a: Dragonite|Dragonite, L50, F|100/100
|switch|p2b: Sneasler|Sneasler, L50, F|100/100
|-weather|Sandstorm|[from] ability: Sand Stream|[of] p1a: Tyranitar
|turn|1
|inactive|washingtongargacha has 30 seconds left.
|inactive|washingtongargacha has 20 seconds left.
|
|t:|1757091207
|-terastallize|p2b: Sneasler|Dark
|-terastallize|p1a: Tyranitar|Flying
|move|p1b: Talonflame|Tailwind|p1b: Talonflame
|-sidestart|p1: washingtongargacha|move: Tailwind
|move|p1a: Tyranitar|Rock Slide|p2b: Sneasler|[spread] p2a,p2b
|-supereffective|p2a: Dragonite
|-damage|p2a: Dragonite|66/100
|-damage|p2b: Sneasler|46/100
|cant|p2b: Sneasler|flinch
|move|p2a: Dragonite|Scale Shot|p1b: Talonflame
|-damage|p1b: Talonflame|80/100
|-damage|p1b: Talonflame|60/100
|-damage|p1b: Talonflame|41/100
|-damage|p1b: Talonflame|23/100
|-hitcount|p1b: Talonflame|4
|-unboost|p2a: Dragonite|def|1
|-boost|p2a: Dragonite|spe|1
|
|-weather|Sandstorm|[upkeep]
|-damage|p1b: Talonflame|17/100|[from] Sandstorm
|-damage|p1a: Tyranitar|95/100|[from] Sandstorm
|-damage|p2a: Dragonite|60/100|[from] Sandstorm
|-damage|p2b: Sneasler|40/100|[from] Sandstorm
|upkeep
|turn|2
|inactive|washingtongargacha has 30 seconds left.
|inactive|washingtongargacha has 20 seconds left.
|
|t:|1757091243
|move|p1b: Talonflame|Dual Wingbeat|p2b: Sneasler
|-damage|p2b: Sneasler|20/100
|-crit|p2b: Sneasler
|-damage|p2b: Sneasler|0 fnt
|faint|p2b: Sneasler
|-hitcount|p2: Sneasler|2
|move|p1a: Tyranitar|Rock Slide|p2a: Dragonite
|-supereffective|p2a: Dragonite
|-crit|p2a: Dragonite
|-damage|p2a: Dragonite|0 fnt
|faint|p2a: Dragonite
|
|-weather|Sandstorm|[upkeep]
|-damage|p1b: Talonflame|11/100|[from] Sandstorm
|-damage|p1a: Tyranitar|89/100|[from] Sandstorm
|upkeep
|
|t:|1757091251
|switch|p2b: Gholdengo|Gholdengo, L50|100/100
|switch|p2a: Ursaluna|Ursaluna-Bloodmoon, L50, M|100/100
|turn|3
|inactive|washingtongargacha has 30 seconds left.
|inactive|washingtongargacha has 20 seconds left.
|
|t:|1757091286
|move|p1b: Talonflame|Dual Wingbeat|p2a: Ursaluna
|-damage|p2a: Ursaluna|90/100
|-damage|p2a: Ursaluna|80/100
|-hitcount|p2a: Ursaluna|2
|move|p1a: Tyranitar|Low Kick|p2a: Ursaluna
|-supereffective|p2a: Ursaluna
|-damage|p2a: Ursaluna|16/100
|move|p2b: Gholdengo|Make It Rain|p1b: Talonflame|[spread] p1a,p1b
|-resisted|p1b: Talonflame
|-damage|p1a: Tyranitar|54/100
|-damage|p1b: Talonflame|0 fnt
|-unboost|p2b: Gholdengo|spa|1
|faint|p1b: Talonflame
|-damage|p2b: Gholdengo|91/100|[from] item: Life Orb
|move|p2a: Ursaluna|Hyper Voice|p1a: Tyranitar
|-damage|p1a: Tyranitar|22/100
|
|-weather|Sandstorm|[upkeep]
|-damage|p1a: Tyranitar|17/100|[from] Sandstorm
|upkeep
|
|t:|1757091305
|switch|p1b: Garchomp|Garchomp, L50, F|100/100
|turn|4
|-message|theyboi carti forfeited.
|
|win|washingtongargacha
