|j|☆UmamusumeDerby
|j|☆Vicentefc2
|html|UmamusumeDerbyVicentefc2    
|uhtml|bestof|Game 3 of a best-of-3
|t:|1757810117
|gametype|doubles
|player|p1|UmamusumeDerby|bugcatcher-gen4dp|1206
|player|p2|Vicentefc2|hilbert|1294
|gen|9
|tier|[Gen 9] VGC 2025 Reg H (Bo3)
|rated|
|rule|Species Clause: Limit one of each Pokémon
|rule|Item Clause: Limit 1 of each item
|clearpoke
|poke|p1|Ninetales-Alola, L50, M|
|poke|p1|Archaludon, L50, F|
|poke|p1|Dragapult, L50, F|
|poke|p1|Sneasler, L50, M|
|poke|p1|Incineroar, L50, M|
|poke|p1|Rillaboom, L50, F|
|poke|p2|Rillaboom, L50, M|
|poke|p2|Annihilape, L50, M|
|poke|p2|Politoed, L50, M|
|poke|p2|Murkrow, L50, M|
|poke|p2|Archaludon, L50, M|
|poke|p2|Maushold, L50|
|teampreview|4
|showteam|p1|Ninetales-Alola||CovertCloak|SnowWarning|IcyWind,AuroraVeil,Blizzard,FreezeDry|||M|||50|,,,,,Water]Archaludon||PowerHerb|Sturdy|ElectroShot,DracoMeteor,Thunderbolt,Protect|||F|||50|,,,,,Electric]Dragapult||ChoiceBand|ClearBody|DragonDarts,Outrage,PhantomForce,Uturn|||F|||50|,,,,,Dragon]Sneasler||FocusSash|PoisonTouch|FakeOut,DireClaw,CloseCombat,Protect|||M|||50|,,,,,Ghost]Incineroar||SafetyGoggles|Intimidate|FlareBlitz,KnockOff,Uturn,FakeOut|||M|||50|,,,,,Bug]Rillaboom||AssaultVest|GrassySurge|WoodHammer,FakeOut,HighHorsepower,GrassyGlide|||F|||50|,,,,,Ghost
|showteam|p2|Rillaboom||AssaultVest|GrassySurge|WoodHammer,GrassyGlide,Uturn,FakeOut|||M|||50|,,,,,Fire]Annihilape||SafetyGoggles|Defiant|DrainPunch,RageFist,BulkUp,Protect|||M|||50|,,,,,Fire]Politoed||LifeOrb|Drizzle|WeatherBall,IceBeam,EarthPower,Protect|||M|||50|,,,,,Grass]Murkrow||Eviolite|Prankster|FoulPlay,Taunt,Haze,Tailwind|||M|||50|,,,,,Steel]Archaludon||PowerHerb|Sturdy|ElectroShot,DracoMeteor,FlashCannon,Protect|||M|||50|,,,,,Electric]Maushold||FocusSash|Technician|PopulationBomb,BeatUp,FollowMe,Protect||||||50|,,,,,Ghost
|
|t:|1757810147
|teamsize|p1|4
|teamsize|p2|4
|start
|switch|p1a: Archaludon|Archaludon, L50, F, shiny|100/100
|switch|p1b: Ninetales|Ninetales-Alola, L50, M|100/100
|switch|p2a: micky|Maushold, L50|100/100
|switch|p2b: rocky|Annihilape, L50, M|100/100
|-weather|Snowscape|[from] ability: Snow Warning|[of] p1b: Ninetales
|turn|1
|
|t:|1757810164
|-terastallize|p1a: Archaludon|Electric
|move|p2a: micky|Population Bomb|p1b: Ninetales
|-damage|p1b: Ninetales|90/100
|-damage|p1b: Ninetales|79/100
|-damage|p1b: Ninetales|68/100
|-damage|p1b: Ninetales|58/100
|-crit|p1b: Ninetales
|-damage|p1b: Ninetales|41/100
|-damage|p1b: Ninetales|30/100
|-damage|p1b: Ninetales|19/100
|-damage|p1b: Ninetales|7/100
|-hitcount|p1b: Ninetales|8
|move|p1b: Ninetales|Icy Wind|p2b: rocky|[spread] p2a,p2b
|-damage|p2a: micky|74/100
|-damage|p2b: rocky|86/100
|-unboost|p2a: micky|spe|1
|-unboost|p2b: rocky|spe|1
|-ability|p2b: rocky|Defiant|boost
|-boost|p2b: rocky|atk|2
|move|p1a: Archaludon|Electro Shot||[still]
|-prepare|p1a: Archaludon|Electro Shot
|-boost|p1a: Archaludon|spa|1
|-enditem|p1a: Archaludon|Power Herb
|-anim|p1a: Archaludon|Electro Shot|p2b: rocky
|-damage|p2b: rocky|0 fnt
|faint|p2b: rocky
|
|-weather|Snowscape|[upkeep]
|upkeep
|
|t:|1757810188
|switch|p2b: megadramon|Archaludon, L50, M|100/100
|turn|2
|
|t:|1757810224
|move|p1b: Ninetales|Icy Wind|p2a: micky|[spread] p2a,p2b
|-damage|p2a: micky|52/100
|-damage|p2b: megadramon|77/100
|-unboost|p2a: micky|spe|1
|-unboost|p2b: megadramon|spe|1
|move|p1a: Archaludon|Thunderbolt|p2a: micky
|-damage|p2a: micky|0 fnt
|faint|p2a: micky
|move|p2b: megadramon|Electro Shot||[still]
|-prepare|p2b: megadramon|Electro Shot
|-boost|p2b: megadramon|spa|1
|-enditem|p2b: megadramon|Power Herb
|-anim|p2b: megadramon|Electro Shot|p1a: Archaludon
|-resisted|p1a: Archaludon
|-crit|p1a: Archaludon
|-damage|p1a: Archaludon|20/100
|
|-weather|Snowscape|[upkeep]
|upkeep
|
|t:|1757810226
|switch|p2a: gamabunta|Politoed, L50, M, shiny|100/100
|-weather|RainDance|[from] ability: Drizzle|[of] p2a: gamabunta
|turn|3
|
|t:|1757810249
|move|p2b: megadramon|Protect|p2b: megadramon
|-singleturn|p2b: megadramon|Protect
|move|p1b: Ninetales|Freeze-Dry|p2b: megadramon
|-activate|p2b: megadramon|move: Protect
|move|p1a: Archaludon|Electro Shot||[still]
|-prepare|p1a: Archaludon|Electro Shot
|-boost|p1a: Archaludon|spa|1
|-anim|p1a: Archaludon|Electro Shot|p2a: gamabunta
|-supereffective|p2a: gamabunta
|-damage|p2a: gamabunta|0 fnt
|faint|p2a: gamabunta
|
|-weather|RainDance|[upkeep]
|upkeep
|turn|4
|-message|Vicentefc2 forfeited.
|raw|UmamusumeDerby's rating: 1206 → 1237(+31 for winning)
|raw|Vicentefc2's rating: 1294 → 1263(-31 for losing)
|
|win|UmamusumeDerby
