|j|☆lShoots
|j|☆mackerjuan
|html|lShootsmackerjuan    
|uhtml|bestof|Game 1 of a best-of-3
|t:|1756199063
|gametype|doubles
|player|p1|lShoots|169|1123
|player|p2|mackerjuan|2|1226
|gen|9
|tier|[Gen 9] VGC 2025 Reg H (Bo3)
|rated|
|rule|Species Clause: Limit one of each Pokémon
|rule|Item Clause: Limit 1 of each item
|clearpoke
|poke|p1|Primarina, L50, F|
|poke|p1|Hydreigon, L50, F|
|poke|p1|Ursaluna-Bloodmoon, L50, M|
|poke|p1|Amoonguss, L50, F|
|poke|p1|Incineroar, L50, M|
|poke|p1|Gholdengo, L50|
|poke|p2|Incineroar, L50, F|
|poke|p2|Gholdengo, L50|
|poke|p2|Porygon2, L50|
|poke|p2|Ursaluna, L50, M|
|poke|p2|Amoonguss, L50, M|
|poke|p2|Hydreigon, L50, M|
|teampreview|4
|showteam|p1|Primarina||AssaultVest|LiquidVoice|Moonblast,HyperVoice,IcyWind,FlipTurn|||F|||50|,,,,,Dragon]Hydreigon||SafetyGoggles|Levitate|DracoMeteor,DarkPulse,Tailwind,Protect|||F|||50|,,,,,Poison]Ursaluna-Bloodmoon||LifeOrb|MindsEye|BloodMoon,EarthPower,HyperVoice,Protect|||M|||50|,,,,,Normal]Amoonguss||RockyHelmet|EffectSpore|Spore,RagePowder,SludgeBomb,PollenPuff|||F|||50|,,,,,Water]Incineroar||SitrusBerry|Intimidate|KnockOff,FlareBlitz,FakeOut,PartingShot|||M|||50|,,,,,Ghost]Gholdengo||MetalCoat|GoodasGold|MakeItRain,ShadowBall,NastyPlot,Protect||||||50|,,,,,Water
|showteam|p2|Incineroar||SafetyGoggles|Intimidate|FlareBlitz,KnockOff,FakeOut,PartingShot|||F|||50|,,,,,Ghost]Gholdengo||LifeOrb|GoodasGold|MakeItRain,ShadowBall,NastyPlot,Protect||||||50|,,,,,Water]Porygon2||Eviolite|Download|TeraBlast,IceBeam,Recover,TrickRoom||||||50|,,,,,Fighting]Ursaluna||FlameOrb|Guts|Facade,HeadlongRush,Earthquake,Protect|||M|||50|,,,,,Ghost]Amoonguss||SitrusBerry|Regenerator|PollenPuff,Spore,RagePowder,Protect|||M|||50|,,,,,Water]Hydreigon||CovertCloak|Levitate|Taunt,Tailwind,DracoMeteor,Snarl|||M|||50|,,,,,Steel
|inactive|Battle timer is ON: inactive players will automatically lose when time's up. (requested by mackerjuan)
|inactive|lShoots has 60 seconds left.
|inactive|mackerjuan has 60 seconds left.
|
|t:|1756199119
|teamsize|p1|4
|teamsize|p2|4
|start
|switch|p1a: Incineroar|Incineroar, L50, M|100/100
|switch|p1b: Primarina|Primarina, L50, F, shiny|100/100
|switch|p2a: Amoonguss|Amoonguss, L50, M|100/100
|switch|p2b: Hydreigon|Hydreigon, L50, M|100/100
|-ability|p1a: Incineroar|Intimidate|boost
|-unboost|p2a: Amoonguss|atk|1
|-unboost|p2b: Hydreigon|atk|1
|turn|1
|inactive|lShoots has 30 seconds left.
|inactive|mackerjuan has 30 seconds left.
|inactive|lShoots has 20 seconds left.
|inactive|mackerjuan has 20 seconds left.
|
|t:|1756199156
|switch|p2a: Ursaluna|Ursaluna, L50, M|100/100
|-terastallize|p2b: Hydreigon|Steel
|move|p2b: Hydreigon|Tailwind|p2b: Hydreigon
|-sidestart|p2: mackerjuan|move: Tailwind
|move|p1b: Primarina|Moonblast|p2b: Hydreigon
|-resisted|p2b: Hydreigon
|-damage|p2b: Hydreigon|73/100
|move|p1a: Incineroar|Knock Off|p2a: Ursaluna
|-damage|p2a: Ursaluna|73/100
|-enditem|p2a: Ursaluna|Flame Orb|[from] move: Knock Off|[of] p1a: Incineroar
|
|upkeep
|turn|2
|inactive|lShoots has 30 seconds left.
|inactive|mackerjuan has 30 seconds left.
|inactive|mackerjuan has 20 seconds left.
|
|t:|1756199192
|switch|p1a: Hydreigon|Hydreigon, L50, F, shiny|100/100
|move|p2b: Hydreigon|Draco Meteor|p1b: Primarina
|-immune|p1b: Primarina
|move|p2a: Ursaluna|Headlong Rush|p1b: Primarina
|-damage|p1b: Primarina|18/100
|-unboost|p2a: Ursaluna|def|1
|-unboost|p2a: Ursaluna|spd|1
|move|p1b: Primarina|Hyper Voice|p2b: Hydreigon|[spread] p2a,p2b
|-supereffective|p2a: Ursaluna
|-damage|p2a: Ursaluna|0 fnt
|-damage|p2b: Hydreigon|36/100
|faint|p2a: Ursaluna
|
|upkeep
|
|t:|1756199207
|switch|p2a: Amoonguss|Amoonguss, L50, M|100/100
|turn|3
|inactive|lShoots has 30 seconds left.
|inactive|lShoots has 20 seconds left.
|
|t:|1756199245
|move|p2b: Hydreigon|Draco Meteor|p1a: Hydreigon|[miss]
|-miss|p2b: Hydreigon|p1a: Hydreigon
|move|p1a: Hydreigon|Tailwind|p1a: Hydreigon
|-sidestart|p1: lShoots|move: Tailwind
|move|p1b: Primarina|Hyper Voice|p2b: Hydreigon|[spread] p2a,p2b
|-resisted|p2a: Amoonguss
|-damage|p2a: Amoonguss|87/100
|-damage|p2b: Hydreigon|0 fnt
|faint|p2b: Hydreigon
|move|p2a: Amoonguss|Spore|p1b: Primarina
|-status|p1b: Primarina|slp|[from] move: Spore
|
|upkeep
|
|t:|1756199256
|switch|p2b: Gholdengo|Gholdengo, L50|100/100
|turn|4
|-message|mackerjuan forfeited.
|
|win|lShoots
