|j|☆REI do CHAMPIONS
|j|☆zytexd
|html|REI do CHAMPIONSzytexd    
|uhtml|bestof|Game 1 of a best-of-3
|t:|1784059539
|gametype|doubles
|player|p1|REI do CHAMPIONS|brycen|1068
|player|p2|zytexd|lucas|1000
|gen|9
|tier|[Gen 9 Champions] VGC 2026 Reg M-B (Bo3)
|rated|
|rule|Species Clause: Limit one of each Pokémon
|rule|Item Clause: Limit 1 of each item
|clearpoke
|poke|p1|Pelipper, L50, M|
|poke|p1|Archaludon, L50, M, shiny|
|poke|p1|Sinistcha-Masterpiece, L50, shiny|
|poke|p1|Swampert, L50, M|
|poke|p1|Sableye, L50, F|
|poke|p1|Sneasler, L50, F|
|poke|p2|Kangaskhan, L50, F|
|poke|p2|Chandelure, L50, M|
|poke|p2|Avalugg-Hisui, L50, M|
|poke|p2|Farigiraf, L50, F|
|poke|p2|Decidueye-Hisui, L50, M|
|poke|p2|Kingambit, L50, M|
|teampreview|4
|showteam|p1|Pelipper||DampRock|Drizzle|Hurricane,Tailwind,Protect,WeatherBall|Timid||M|||50|]Archaludon||Leftovers|Stamina|DracoMeteor,FlashCannon,Protect,ElectroShot|Modest||M|||50|]Sinistcha-Masterpiece||OccaBerry|Hospitality|LifeDew,MatchaGotcha,Protect,RagePowder|Timid|||||50|]Swampert||Swampertite|Torrent|WaveCrash,Protect,Earthquake,IcePunch|Jolly||M|||50|]Sableye||LightClay|Prankster|RainDance,WillOWisp,LightScreen,Reflect|Calm||F|||50|]Sneasler||WhiteHerb|Unburden|CloseCombat,DireClaw,FakeOut,Protect|Jolly||F|||50|
|showteam|p2|Kangaskhan||Kangaskhanite|Scrappy|DoubleEdge,HammerArm,IcePunch,FakeOut|Brave||F|||50|]Chandelure||FocusSash|FlashFire|HeatWave,ShadowBall,TrickRoom,Protect|Quiet||M|||50|]Avalugg-Hisui||WideLens|Sturdy|MountainGale,RockSlide,BodyPress,WideGuard|Brave||M|||50|]Farigiraf||SitrusBerry|ArmorTail|PsychicNoise,Thunderbolt,TrickRoom,Protect|Quiet||F|||50|]Decidueye-Hisui||LifeOrb|Scrappy|CloseCombat,LeafBlade,BraveBird,Protect|Brave||M|||50|]Kingambit||ChopleBerry|Defiant|KowtowCleave,IronHead,SuckerPunch,SwordsDance|Brave||M|||50|
|inactive|Battle timer is ON: inactive players will automatically lose when time's up. (requested by zytexd)
|inactive|REI do CHAMPIONS has 60 seconds left.
|inactive|REI do CHAMPIONS has 30 seconds left.
|inactive|REI do CHAMPIONS has 20 seconds left.
|inactive|REI do CHAMPIONS has 15 seconds left.
|inactive|REI do CHAMPIONS has 10 seconds left.
|inactive|REI do CHAMPIONS has 5 seconds left.
|
|t:|1784059667
|teamsize|p1|4
|teamsize|p2|4
|start
|switch|p1a: Pelicano|Pelipper, L50, M|100/100
|switch|p1b: Arranha céu|Archaludon, L50, M, shiny|100/100
|switch|p2a: Kangaskhan|Kangaskhan, L50, F|100/100
|switch|p2b: Farigiraf|Farigiraf, L50, F|100/100
|-weather|RainDance|[from] ability: Drizzle|[of] p1a: Pelicano
|turn|1
|inactive|REI do CHAMPIONS has 30 seconds left.
|inactive|zytexd has 30 seconds left.
|inactive|REI do CHAMPIONS has 20 seconds left.
|inactive|zytexd has 20 seconds left.
|inactive|REI do CHAMPIONS has 15 seconds left.
|inactive|zytexd has 15 seconds left.
|inactive|REI do CHAMPIONS has 10 seconds left.
|inactive|zytexd has 10 seconds left.
|inactive|REI do CHAMPIONS has 5 seconds left.
|
|t:|1784059722
|detailschange|p2a: Kangaskhan|Kangaskhan-Mega, L50, F
|-mega|p2a: Kangaskhan|Kangaskhan|Kangaskhanite
|move|p1b: Arranha céu|Draco Meteor|p2b: Farigiraf
|-damage|p2b: Farigiraf|51/100
|-unboost|p1b: Arranha céu|spa|2
|move|p1a: Pelicano|Hurricane|p2a: Kangaskhan
|-damage|p2a: Kangaskhan|64/100
|-start|p2a: Kangaskhan|confusion
|-activate|p2a: Kangaskhan|confusion
|move|p2a: Kangaskhan|Hammer Arm|p1b: Arranha céu
|-supereffective|p1b: Arranha céu|1
|-damage|p1b: Arranha céu|30/100
|-unboost|p2a: Kangaskhan|spe|1
|-ability|p1b: Arranha céu|Stamina|boost
|-boost|p1b: Arranha céu|def|1
|-supereffective|p1b: Arranha céu|1
|-damage|p1b: Arranha céu|20/100r
|-unboost|p2a: Kangaskhan|spe|1
|-ability|p1b: Arranha céu|Stamina|boost
|-boost|p1b: Arranha céu|def|1
|-hitcount|p1b: Arranha céu|2
|move|p2b: Farigiraf|Thunderbolt|p1a: Pelicano
|-supereffective|p1a: Pelicano|2
|-damage|p1a: Pelicano|0 fnt
|faint|p1a: Pelicano
|
|-weather|RainDance|[upkeep]
|-heal|p1b: Arranha céu|26/100|[from] item: Leftovers
|upkeep
|inactive|REI do CHAMPIONS has 30 seconds left.
|inactive|REI do CHAMPIONS has 20 seconds left.
|inactive|REI do CHAMPIONS has 15 seconds left.
|inactive|REI do CHAMPIONS has 10 seconds left.
|inactive|REI do CHAMPIONS has 5 seconds left.
|
|t:|1784059777
|switch|p1a: Sinistcha|Sinistcha-Masterpiece, L50, shiny|100/100
|-heal|p1b: Arranha céu|50/100g|[from] ability: Hospitality|[of] p1a: Sinistcha
|turn|2
|inactive|REI do CHAMPIONS has 30 seconds left.
|inactive|REI do CHAMPIONS has 20 seconds left.
|inactive|REI do CHAMPIONS has 15 seconds left.
|inactive|REI do CHAMPIONS has 10 seconds left.
|inactive|REI do CHAMPIONS has 5 seconds left.
|
|t:|1784059832
|switch|p2a: Decidueye|Decidueye-Hisui, L50, M|100/100
|move|p1b: Arranha céu|Draco Meteor|p2b: Farigiraf
|-damage|p2b: Farigiraf|25/100
|-unboost|p1b: Arranha céu|spa|2
|-enditem|p2b: Farigiraf|Sitrus Berry|[eat]
|-heal|p2b: Farigiraf|49/100|[from] item: Sitrus Berry
|move|p1a: Sinistcha|Life Dew||[still]|[spread] p1a,p1b
|-fail|p1a: Sinistcha|heal
|-heal|p1b: Arranha céu|75/100
|move|p2b: Farigiraf|Trick Room|p2b: Farigiraf
|-fieldstart|move: Trick Room|[of] p2b: Farigiraf
|
|-weather|RainDance|[upkeep]
|-heal|p1b: Arranha céu|81/100|[from] item: Leftovers
|upkeep
|turn|3
|l|☆REI do CHAMPIONS
|inactive|REI do CHAMPIONS disconnected and has a minute to reconnect!
|player|p1|
|inactive|REI do CHAMPIONS has 30 seconds left.
|inactive|zytexd has 30 seconds left.
|inactive|REI do CHAMPIONS has 20 seconds left.
|inactive|REI do CHAMPIONS has 15 seconds left.
|inactive|REI do CHAMPIONS has 10 seconds left.
|inactive|REI do CHAMPIONS has 5 seconds left.
|-message|REI do CHAMPIONS lost due to inactivity.
|
|win|zytexd
