|j|☆Giocostorto
|j|☆pabloblo
|html|Giocostortopabloblo    
|uhtml|bestof|Game 1 of a best-of-3
|t:|1756456908
|gametype|doubles
|player|p1|Giocostorto|palmer|1184
|player|p2|pabloblo|266|1272
|gen|9
|tier|[Gen 9] VGC 2025 Reg H (Bo3)
|rated|
|rule|Species Clause: Limit one of each Pokémon
|rule|Item Clause: Limit 1 of each item
|clearpoke
|poke|p1|Oricorio-Pom-Pom, L50, M|
|poke|p1|Volcarona, L50, F|
|poke|p1|Maushold, L50|
|poke|p1|Annihilape, L50, M|
|poke|p1|Basculegion, L50, M|
|poke|p1|Farigiraf, L50, M|
|poke|p2|Torkoal, L50, M|
|poke|p2|Hatterene, L50, F|
|poke|p2|Indeedee-F, L50, F|
|poke|p2|Armarouge, L50, F|
|poke|p2|Ursaluna, L50, F|
|poke|p2|Kingambit, L50, M|
|teampreview|4
|showteam|p1|Oricorio-Pom-Pom||FocusSash|Dancer|Hurricane,RevelationDance,Tailwind,Protect|||M|||50|,,,,,Ghost]Volcarona||CovertCloak|FlameBody|FieryDance,TeraBlast,QuiverDance,Protect|||F|||50|,,,,,Fairy]Maushold||SafetyGoggles|FriendGuard|BeatUp,Taunt,FollowMe,Protect||||||50|,,,,,Ghost]Annihilape||SitrusBerry|Defiant|Protect,BulkUp,DrainPunch,RageFist|||M|||50|,,,,,Fire]Basculegion||ChoiceScarf|Adaptability|WaveCrash,LastRespects,FlipTurn,AquaJet|||M|||50|,,,,,Water]Farigiraf||ThroatSpray|ArmorTail|Psychic,HyperVoice,TrickRoom,Imprison|||M|||50|,,,,,Fairy
|showteam|p2|Torkoal||Charcoal|Drought|Eruption,Overheat,HelpingHand,Protect|||M|||50|,,,,,Fire]Hatterene||LifeOrb|MagicBounce|ExpandingForce,DazzlingGleam,TrickRoom,Protect|||F|||50|,,,,,Fire]Indeedee-F||SafetyGoggles|PsychicSurge|FollowMe,Psychic,TrickRoom,HelpingHand|||F|||50|,,,,,Water]Armarouge||PowerHerb|FlashFire|ArmorCannon,MeteorBeam,ExpandingForce,TrickRoom|||F|||50|,,,,,Grass]Ursaluna||FlameOrb|Guts|Facade,HeadlongRush,Earthquake,Protect|||F|||50|,,,,,Ghost]Kingambit||AssaultVest|Defiant|KowtowCleave,SuckerPunch,IronHead,LowKick|||M|||50|,,,,,Flying
|inactive|Battle timer is ON: inactive players will automatically lose when time's up. (requested by Giocostorto)
|inactive|Giocostorto has 60 seconds left.
|
|t:|1756456945
|teamsize|p1|4
|teamsize|p2|4
|start
|switch|p1a: Farigiraf|Farigiraf, L50, M|100/100
|switch|p1b: Volcarona|Volcarona, L50, F|100/100
|switch|p2a: Indeedee|Indeedee-F, L50, F|100/100
|switch|p2b: Armarouge|Armarouge, L50, F|100/100
|-fieldstart|move: Psychic Terrain|[from] ability: Psychic Surge|[of] p2a: Indeedee
|turn|1
|inactive|Giocostorto has 30 seconds left.
|inactive|pabloblo has 30 seconds left.
|
|t:|1756456974
|move|p2a: Indeedee|Helping Hand|p2b: Armarouge
|-singleturn|p2b: Armarouge|Helping Hand|[of] p2a: Indeedee
|move|p1b: Volcarona|Quiver Dance|p1b: Volcarona
|-boost|p1b: Volcarona|spa|1
|-boost|p1b: Volcarona|spd|1
|-boost|p1b: Volcarona|spe|1
|move|p1a: Farigiraf|Imprison|p1a: Farigiraf
|-start|p1a: Farigiraf|move: Imprison
|move|p2b: Armarouge|Meteor Beam||[still]
|-prepare|p2b: Armarouge|Meteor Beam
|-boost|p2b: Armarouge|spa|1
|-enditem|p2b: Armarouge|Power Herb
|-anim|p2b: Armarouge|Meteor Beam|p1a: Farigiraf
|-damage|p1a: Farigiraf|15/100
|
|upkeep
|turn|2
|inactive|Giocostorto has 30 seconds left.
|inactive|pabloblo has 30 seconds left.
|inactive|Giocostorto has 20 seconds left.
|inactive|Giocostorto has 15 seconds left.
|inactive|Giocostorto has 10 seconds left.
|
|t:|1756457023
|switch|p1a: Oricorio|Oricorio-Pom-Pom, L50, M|100/100
|move|p2a: Indeedee|Helping Hand|p2b: Armarouge
|-singleturn|p2b: Armarouge|Helping Hand|[of] p2a: Indeedee
|move|p1b: Volcarona|Fiery Dance|p2a: Indeedee
|-damage|p2a: Indeedee|44/100
|-activate|p1a: Oricorio|ability: Dancer
|move|p1a: Oricorio|Fiery Dance|p2a: Indeedee|[from] ability: Dancer
|-damage|p2a: Indeedee|24/100
|move|p2b: Armarouge|Expanding Force|p1a: Oricorio|[spread] p1a,p1b
|-enditem|p1a: Oricorio|Focus Sash
|-damage|p1a: Oricorio|1/100
|-damage|p1b: Volcarona|3/100
|
|upkeep
|turn|3
|inactive|Giocostorto has 30 seconds left.
|
|t:|1756457054
|move|p2a: Indeedee|Follow Me|p2a: Indeedee
|-singleturn|p2a: Indeedee|move: Follow Me
|move|p1b: Volcarona|Fiery Dance|p2a: Indeedee
|-damage|p2a: Indeedee|0 fnt
|faint|p2a: Indeedee
|-activate|p1a: Oricorio|ability: Dancer
|move|p1a: Oricorio|Fiery Dance|p2b: Armarouge|[from] ability: Dancer
|-start|p2b: Armarouge|ability: Flash Fire
|move|p1a: Oricorio|Hurricane|p2b: Armarouge|[miss]
|-miss|p1a: Oricorio|p2b: Armarouge
|move|p2b: Armarouge|Trick Room|p2b: Armarouge
|-fieldstart|move: Trick Room|[of] p2b: Armarouge
|
|upkeep
|
|t:|1756457069
|switch|p2a: Ursaluna|Ursaluna, L50, F|100/100
|turn|4
|-message|Giocostorto forfeited.
|
|win|pabloblo
