|j|Ōśåmolder
|j|ŌśåCheekyCow
|html|molderCheekyCow    
|uhtml|bestof|Game 2 of a best-of-3
|t:|1783376085
|gametype|doubles
|player|p1|molder|101|
|player|p2|CheekyCow|worker|
|gen|9
|tier|[Gen 9 Champions] VGC 2026 Reg M-B (Bo3)
|rule|Species Clause: Limit one of each Pok├®mon
|rule|Item Clause: Limit 1 of each item
|clearpoke
|poke|p1|Gardevoir, L50, F, shiny|
|poke|p1|Incineroar, L50, M|
|poke|p1|Serperior, L50, F|
|poke|p1|Kangaskhan, L50, F|
|poke|p1|Noivern, L50, F|
|poke|p1|Machamp, L50, M|
|poke|p2|Palafin, L50, M|
|poke|p2|Sableye, L50, M|
|poke|p2|Scizor, L50, M|
|poke|p2|Meganium, L50, M|
|poke|p2|Pelipper, L50, F|
|poke|p2|Greninja, L50, F|
|teampreview|4
|showteam|p1|Gardevoir||Gardevoirite|Trace|HyperVoice,Psychic,Protect,MysticalFire|Modest||F|||50|]Incineroar||ChopleBerry|Intimidate|FakeOut,FlareBlitz,PartingShot,Protect|Careful||M|||50|]Serperior||MiracleSeed|Contrary|LeafStorm,Glare,Substitute,Protect|Timid||F|||50|]Kangaskhan||SilkScarf|Scrappy|FakeOut,LastResort|Jolly||F|||50|]Noivern||FocusSash|Frisk|Hurricane,DracoMeteor,Tailwind,Protect|Modest||F|||50|]Machamp||SitrusBerry|NoGuard|QuickGuard,PoisonJab,DrainPunch,BulkUp|Adamant||M|||50|
|showteam|p2|Palafin||ChoiceScarf|ZerotoHero|WaveCrash,CloseCombat,FlipTurn,IcePunch|Jolly||M|||50|]Sableye||LightClay|Prankster|RainDance,Reflect,LightScreen,KnockOff|Impish||M|||50|]Scizor||Leftovers|Technician|BugBite,BulletPunch,SwordsDance,DualWingbeat|Adamant||M|||50|]Meganium||Meganiumite|Overgrow|DazzlingGleam,EarthPower,Synthesis,SolarBeam|Timid||M|||50|]Pelipper||FocusSash|Drizzle|Hurricane,WeatherBall,Tailwind,Uturn|Modest||F|||50|]Greninja||LifeOrb|Protean|IceBeam,WaterShuriken,Protect,Uturn|Timid||F|||50|
|c|Ōśåmolder|cheeky cow, more like leaky cow, cause YOUR TEAM IS FULL OF HOLES
|c|Ōśåmolder|i never said i was the best at trash talk
|
|t:|1783376158
|teamsize|p1|4
|teamsize|p2|4
|start
|switch|p1a: oh boy nope|Machamp, L50, M|100/100
|switch|p1b: Mamma Mia|Kangaskhan, L50, F|100/100
|switch|p2a: Sebulba|Sableye, L50, M|100/100
|switch|p2b: Dr. Mantis|Scizor, L50, M|100/100
|turn|1
|c|Ōśåmolder|nobody likes this
|c|ŌśåCheekyCow|i do :)
|
|t:|1783376184
|move|p1b: Mamma Mia|Fake Out|p2b: Dr. Mantis
|-resisted|p2b: Dr. Mantis|1
|-damage|p2b: Dr. Mantis|90/100
|move|p2a: Sebulba|Reflect|p2a: Sebulba
|-sidestart|p2: CheekyCow|Reflect
|cant|p2b: Dr. Mantis|flinch
|move|p1a: oh boy nope|Bulk Up|p1a: oh boy nope
|-boost|p1a: oh boy nope|atk|1
|-boost|p1a: oh boy nope|def|1
|
|-heal|p2b: Dr. Mantis|96/100|[from] item: Leftovers
|upkeep
|turn|2
|
|t:|1783376213
|move|p1b: Mamma Mia|Last Resort|p2a: Sebulba
|-damage|p2a: Sebulba|56/100
|move|p2b: Dr. Mantis|Swords Dance|p2b: Dr. Mantis
|-boost|p2b: Dr. Mantis|atk|2
|move|p1a: oh boy nope|Drain Punch|p2b: Dr. Mantis
|-damage|p2b: Dr. Mantis|59/100
|move|p2a: Sebulba|Knock Off|p1b: Mamma Mia
|-damage|p1b: Mamma Mia|70/100
|-enditem|p1b: Mamma Mia|Silk Scarf|[from] move: Knock Off|[of] p2a: Sebulba
|
|-heal|p2b: Dr. Mantis|66/100|[from] item: Leftovers
|upkeep
|turn|3
|c|Ōśåmolder|oh boy
|c|Ōśåmolder|decisions were made
|
|t:|1783376248
|move|p1b: Mamma Mia|Last Resort|p2b: Dr. Mantis
|-resisted|p2b: Dr. Mantis|1
|-damage|p2b: Dr. Mantis|46/100
|move|p2b: Dr. Mantis|Dual Wingbeat|p1a: oh boy nope
|-supereffective|p1a: oh boy nope|1
|-damage|p1a: oh boy nope|45/100
|-enditem|p1a: oh boy nope|Sitrus Berry|[eat]
|-heal|p1a: oh boy nope|70/100|[from] item: Sitrus Berry
|-supereffective|p1a: oh boy nope|1
|-damage|p1a: oh boy nope|17/100
|-hitcount|p1a: oh boy nope|2
|move|p1a: oh boy nope|Drain Punch|p2b: Dr. Mantis
|-damage|p2b: Dr. Mantis|10/100
|-heal|p1a: oh boy nope|34/100|[from] drain|[of] p2b: Dr. Mantis
|move|p2a: Sebulba|Knock Off|p1a: oh boy nope
|-resisted|p1a: oh boy nope|1
|-damage|p1a: oh boy nope|28/100
|
|-heal|p2b: Dr. Mantis|16/100|[from] item: Leftovers
|upkeep
|turn|4
|
|t:|1783376274
|switch|p2b: Superman (2025)|Palafin, L50, M|100/100
|move|p2a: Sebulba|Rain Dance|p2a: Sebulba
|-weather|RainDance
|move|p1b: Mamma Mia|Last Resort|p2b: Superman (2025)
|-damage|p2b: Superman (2025)|51/100
|move|p1a: oh boy nope|Drain Punch|p2b: Superman (2025)
|-damage|p2b: Superman (2025)|8/100
|-heal|p1a: oh boy nope|47/100|[from] drain|[of] p2b: Superman (2025)
|
|-weather|RainDance|[upkeep]
|upkeep
|turn|5
|
|t:|1783376299
|move|p2a: Sebulba|Light Screen|p2a: Sebulba
|-sidestart|p2: CheekyCow|move: Light Screen
|move|p2b: Superman (2025)|Flip Turn|p1a: oh boy nope
|-damage|p1a: oh boy nope|28/100
|
|t:|1783376303
|detailschange|p2b: Superman (2025)|Palafin-Hero, L50, M
|switch|p2b: Mega Gogurt|Meganium, L50, M|100/100|[from] Flip Turn
|move|p1b: Mamma Mia|Last Resort|p2a: Sebulba
|-damage|p2a: Sebulba|17/100
|move|p1a: oh boy nope|Drain Punch|p2b: Mega Gogurt
|-damage|p2b: Mega Gogurt|58/100
|-heal|p1a: oh boy nope|44/100|[from] drain|[of] p2b: Mega Gogurt
|
|-weather|RainDance|[upkeep]
|upkeep
|turn|6
|
|t:|1783376323
|detailschange|p2b: Mega Gogurt|Meganium-Mega, L50, M
|-mega|p2b: Mega Gogurt|Meganium|Meganiumite
|move|p1b: Mamma Mia|Last Resort|p2b: Mega Gogurt
|-damage|p2b: Mega Gogurt|18/100
|move|p2b: Mega Gogurt|Synthesis|p2b: Mega Gogurt
|-activate|p2b: Mega Gogurt|ability: Mega Sol
|-heal|p2b: Mega Gogurt|85/100
|move|p1a: oh boy nope|Poison Jab|p2b: Mega Gogurt
|-supereffective|p2b: Mega Gogurt|2
|-damage|p2b: Mega Gogurt|0 fnt
|faint|p2b: Mega Gogurt
|move|p2a: Sebulba|Knock Off|p1b: Mamma Mia
|-damage|p1b: Mamma Mia|48/100
|
|-weather|RainDance|[upkeep]
|upkeep
|c|Ōśåmolder|DELETED
|
|t:|1783376336
|switch|p2b: Superman (2025)|Palafin-Hero, L50, M|8/100
|-activate|p2b: Superman (2025)|ability: Zero to Hero
|turn|7
|c|Ōśåmolder|we got one
|
|t:|1783376349
|move|p2b: Superman (2025)|Close Combat|p1b: Mamma Mia
|-supereffective|p1b: Mamma Mia|1
|-damage|p1b: Mamma Mia|0 fnt
|-unboost|p2b: Superman (2025)|def|1
|-unboost|p2b: Superman (2025)|spd|1
|faint|p1b: Mamma Mia
|move|p1a: oh boy nope|Drain Punch|p2b: Superman (2025)
|-damage|p2b: Superman (2025)|0 fnt
|-heal|p1a: oh boy nope|48/100|[from] drain|[of] p2b: Superman (2025)
|faint|p2b: Superman (2025)
|move|p2a: Sebulba|Knock Off|p1a: oh boy nope
|-resisted|p1a: oh boy nope|1
|-crit|p1a: oh boy nope
|-damage|p1a: oh boy nope|36/100
|
|-weather|RainDance|[upkeep]
|upkeep
|
|t:|1783376362
|switch|p2b: Dr. Mantis|Scizor, L50, M|16/100
|switch|p1b: Batman|Noivern, L50, F|100/100
|-item|p2a: Sebulba|Light Clay|[from] ability: Frisk|[of] p1b: Batman
|-item|p2b: Dr. Mantis|Leftovers|[from] ability: Frisk|[of] p1b: Batman
|turn|8
|
|t:|1783376371
|move|p1a: oh boy nope|Quick Guard|p1a: oh boy nope
|-singleturn|p1a: oh boy nope|Quick Guard
|move|p1b: Batman|Hurricane|p2b: Dr. Mantis
|-damage|p2b: Dr. Mantis|0 fnt
|faint|p2b: Dr. Mantis
|move|p2a: Sebulba|Knock Off|p1b: Batman
|-damage|p1b: Batman|60/100
|-enditem|p1b: Batman|Focus Sash|[from] move: Knock Off|[of] p2a: Sebulba
|
|-weather|none
|-sideend|p2: CheekyCow|Reflect
|upkeep
|turn|9
|
|t:|1783376382
|move|p1b: Batman|Protect|p1b: Batman
|-singleturn|p1b: Batman|Protect
|move|p2a: Sebulba|Light Screen||[still]
|-fail|p2a: Sebulba
|move|p1a: oh boy nope|Poison Jab|p2a: Sebulba
|-resisted|p2a: Sebulba|1
|-damage|p2a: Sebulba|0 fnt
|faint|p2a: Sebulba
|
|win|molder
|c|Ōśåmolder|gg mate :)
|l|ŌśåCheekyCow
|player|p2|
