|j|☆grimmnay
|j|☆tessa scarlet
|html|grimmnaytessa scarlet    
|uhtml|bestof|Game 3 of a best-of-3
|t:|1756072327
|gametype|doubles
|player|p1|grimmnay|crasherwake|1392
|player|p2|tessa scarlet|1|1451
|gen|9
|tier|[Gen 9] VGC 2025 Reg H (Bo3)
|rated|
|rule|Species Clause: Limit one of each Pokémon
|rule|Item Clause: Limit 1 of each item
|clearpoke
|poke|p1|Archaludon, L50, M|
|poke|p1|Dragonite, L50, M|
|poke|p1|Pelipper, L50, M|
|poke|p1|Ursaluna, L50, M|
|poke|p1|Sinistcha, L50|
|poke|p1|Gholdengo, L50|
|poke|p2|Charizard, L50, M|
|poke|p2|Torkoal, L50, F|
|poke|p2|Porygon2, L50|
|poke|p2|Incineroar, L50, F|
|poke|p2|Jumpluff, L50, F|
|poke|p2|Ursaluna, L50, F|
|teampreview|4
|showteam|p1|Archaludon||AssaultVest|Stamina|FlashCannon,BodyPress,ElectroShot,Snarl|||M|||50|,,,,,Fighting]Dragonite||LoadedDice|Multiscale|ScaleShot,Tailwind,Haze,Protect|||M|||50|,,,,,Fairy]Pelipper||FocusSash|Drizzle|MuddyWater,Hurricane,Tailwind,Protect|||M|||50|,,,,,Ghost]Ursaluna||FlameOrb|Guts|Facade,HeadlongRush,Earthquake,Protect|||M|||50|,,,,,Ghost]Sinistcha||SitrusBerry|Hospitality|MatchaGotcha,LifeDew,RagePowder,TrickRoom||||||50|,,,,,Dark]Gholdengo||ChoiceScarf|GoodasGold|MakeItRain,ShadowBall,Trick,Protect||||||50|,,,,,Flying
|showteam|p2|Charizard||ChoiceSpecs|SolarPower|HeatWave,Overheat,WeatherBall,AirSlash|||M|||50|,,,,,Ghost]Torkoal||EjectPack|Drought|Eruption,Overheat,HelpingHand,Protect|||F|||50|,,,,,Fire]Porygon2||Eviolite|Download|IceBeam,TeraBlast,TrickRoom,Recover||||||50|,,,,,Fighting]Incineroar||SitrusBerry|Intimidate|FlareBlitz,KnockOff,FakeOut,PartingShot|||F|||50|,,,,,Ghost]Jumpluff||CovertCloak|Chlorophyll|SleepPowder,SunnyDay,RagePowder,Tailwind|||F|||50|,,,,,Water]Ursaluna||FlameOrb|Guts|HeadlongRush,Facade,Earthquake,Protect|||F|||50|,,,,,Ghost
|inactive|Battle timer is ON: inactive players will automatically lose when time's up. (requested by grimmnay)
|inactive|grimmnay has 60 seconds left.
|inactive|tessa scarlet has 60 seconds left.
|
|t:|1756072378
|teamsize|p1|4
|teamsize|p2|4
|start
|switch|p1a: Gholdengo|Gholdengo, L50|100/100
|switch|p1b: Ursaluna|Ursaluna, L50, M|100/100
|switch|p2a: Charizard|Charizard, L50, M|100/100
|switch|p2b: Jumpluff|Jumpluff, L50, F, shiny|100/100
|turn|1
|inactive|grimmnay has 30 seconds left.
|
|t:|1756072406
|switch|p1b: Pelipper|Pelipper, L50, M|100/100
|-weather|RainDance|[from] ability: Drizzle|[of] p1b: Pelipper
|move|p1a: Gholdengo|Shadow Ball|p2a: Charizard
|-damage|p2a: Charizard|46/100
|move|p2b: Jumpluff|Sunny Day|p2b: Jumpluff
|-weather|SunnyDay
|move|p2a: Charizard|Heat Wave|p1b: Pelipper|[spread] p1a,p1b
|-supereffective|p1a: Gholdengo
|-resisted|p1b: Pelipper
|-damage|p1a: Gholdengo|0 fnt
|-damage|p1b: Pelipper|3/100
|faint|p1a: Gholdengo
|
|-weather|SunnyDay|[upkeep]
|-damage|p2a: Charizard|33/100|[from] ability: Solar Power|[of] p2a: Charizard
|upkeep
|
|t:|1756072418
|switch|p1a: Ursaluna|Ursaluna, L50, M|100/100
|turn|2
|-message|grimmnay forfeited.
|
|win|tessa scarlet
|raw|grimmnay's rating: 1392 → 1375(-17 for losing)
|raw|tessa scarlet's rating: 1451 → 1468(+17 for winning)
|l|☆tessa scarlet
|player|p2|
