|j|☆reshiee
|j|☆113biggirl
|html|reshiee113biggirl    
|uhtml|bestof|Game 1 of a best-of-3
|t:|1784567716
|gametype|doubles
|player|p1|reshiee|gwynn|1090
|player|p2|113biggirl|waitress-gen4|1009
|gen|9
|tier|[Gen 9 Champions] VGC 2026 Reg M-B (Bo3)
|rated|
|rule|Species Clause: Limit one of each Pokémon
|rule|Item Clause: Limit 1 of each item
|clearpoke
|poke|p1|Charizard, L50, M|
|poke|p1|Venusaur, L50, F|
|poke|p1|Pelipper, L50, F|
|poke|p1|Grimmsnarl, L50, M|
|poke|p1|Basculegion, L50, M|
|poke|p1|Archaludon, L50, M|
|poke|p2|Grimmsnarl, L50, M, shiny|
|poke|p2|Aegislash, L50, M|
|poke|p2|Basculegion, L50, M, shiny|
|poke|p2|Dragapult, L50, M, shiny|
|poke|p2|Raichu, L50, M, shiny|
|poke|p2|Lucario, L50, M, shiny|
|teampreview|4
|showteam|p1|Charizard||CharizarditeY|Blaze|HeatWave,WeatherBall,SolarBeam,Protect|Modest||M|||50|]Venusaur||FocusSash|Chlorophyll|SludgeBomb,EarthPower,SleepPowder,Protect|Modest||F|||50|]Pelipper||SitrusBerry|Drizzle|Hurricane,WeatherBall,Tailwind,WideGuard|Modest||F|||50|]Grimmsnarl||LightClay|Prankster|SpiritBreak,Reflect,LightScreen,PartingShot|Sassy||M|||50|]Basculegion||ChoiceScarf|Adaptability|WaveCrash,LastRespects,FlipTurn,AquaJet|Jolly||M|||50|]Archaludon||Leftovers|Stamina|DragonPulse,FlashCannon,ElectroShot,Protect|Calm||M|||50|
|showteam|p2|Grimmsnarl||Leftovers|Prankster|Swagger,Reflect,LightScreen,SpiritBreak|Gentle||M|||50|]Aegislash||MetalCoat|StanceChange|WideGuard,IronHead,ShadowSneak,KingsShield|Lax||M|||50|]Basculegion||ChoiceScarf|Adaptability|WaveCrash,FlipTurn,LastRespects,Outrage|Jolly||M|||50|]Dragapult||LifeOrb|CursedBody|DragonDarts,Thunder,FireBlast,DragonTail|Adamant||M|||50|]Raichu||RaichuniteY|LightningRod|FakeOut,ZapCannon,FocusBlast,Protect|Modest||M|||50|]Lucario||Lucarionite|Justified|CloseCombat,MeteorMash,VacuumWave,SwordsDance|Adamant||M|||50|
|inactive|Battle timer is ON: inactive players will automatically lose when time's up. (requested by 113biggirl)
|c|☆reshiee|glhf
|inactive|reshiee has 60 seconds left.
|inactive|reshiee has 30 seconds left.
|inactive|reshiee has 20 seconds left.
|inactive|reshiee has 15 seconds left.
|inactive|reshiee has 10 seconds left.
|
|t:|1784567799
|teamsize|p1|4
|teamsize|p2|4
|start
|switch|p1a: Charizard|Charizard, L50, M|100/100
|switch|p1b: Venusaur|Venusaur, L50, F|100/100
|switch|p2a: Aegislash|Aegislash, L50, M|100/100
|switch|p2b: YUDO|Lucario, L50, M, shiny|100/100
|turn|1
|inactive|reshiee has 30 seconds left.
|inactive|reshiee has 20 seconds left.
|
|t:|1784567839
|detailschange|p2b: YUDO|Lucario-Mega, L50, M, shiny
|-mega|p2b: YUDO|Lucario|Lucarionite
|detailschange|p1a: Charizard|Charizard-Mega-Y, L50, M
|-mega|p1a: Charizard|Charizard|Charizardite Y
|-weather|SunnyDay|[from] ability: Drought|[of] p1a: Charizard
|move|p2a: Aegislash|Wide Guard|p2a: Aegislash
|-singleturn|p2a: Aegislash|Wide Guard
|move|p1b: Venusaur|Sleep Powder|p2a: Aegislash
|-status|p2a: Aegislash|slp|[from] move: Sleep Powder
|move|p2b: YUDO|Swords Dance|p2b: YUDO
|-boost|p2b: YUDO|atk|2
|move|p1a: Charizard|Weather Ball|p2b: YUDO
|-supereffective|p2b: YUDO|1
|-damage|p2b: YUDO|0 fnt
|faint|p2b: YUDO
|
|-weather|SunnyDay|[upkeep]
|upkeep
|
|t:|1784567855
|switch|p2b: Dragapult|Dragapult, L50, M, shiny|100/100
|turn|2
|
|t:|1784567879
|move|p1b: Venusaur|Sleep Powder|p2b: Dragapult
|-status|p2b: Dragapult|slp|[from] move: Sleep Powder
|cant|p2b: Dragapult|slp
|move|p1a: Charizard|Heat Wave|p2b: Dragapult|[spread] p2a,p2b
|-supereffective|p2a: Aegislash|1
|-resisted|p2b: Dragapult|1
|-damage|p2a: Aegislash|0 fnt
|-damage|p2b: Dragapult|54/100 slp
|-start|p1a: Charizard|Disable|Heat Wave|[from] ability: Cursed Body|[of] p2b: Dragapult
|faint|p2a: Aegislash
|
|-weather|SunnyDay|[upkeep]
|upkeep
|
|t:|1784567893
|switch|p2a: Basculegion|Basculegion, L50, M, shiny|100/100
|turn|3
|
|t:|1784567907
|move|p1a: Charizard|Protect|p1a: Charizard
|-singleturn|p1a: Charizard|Protect
|move|p1b: Venusaur|Sleep Powder|p2a: Basculegion
|-status|p2a: Basculegion|slp|[from] move: Sleep Powder
|cant|p2a: Basculegion|slp
|-curestatus|p2b: Dragapult|slp|[msg]
|move|p2b: Dragapult|Thunder|p1a: Charizard
|-activate|p1a: Charizard|move: Protect
|
|-weather|SunnyDay|[upkeep]
|upkeep
|turn|4
|l|☆113biggirl
|inactive|113biggirl disconnected and has a minute to reconnect!
|player|p2|
|inactive|113biggirl has 30 seconds left.
|inactive|113biggirl has 20 seconds left.
|inactive|113biggirl has 15 seconds left.
|inactive|reshiee has 30 seconds left.
|inactive|113biggirl has 10 seconds left.
|inactive|113biggirl has 5 seconds left.
|-message|113biggirl lost due to inactivity.
|
|win|reshiee
