|j|Ōśåfrogsmokinablunt
|j|Ōśådresovense
|html|frogsmokinabluntdresovense    
|uhtml|bestof|Game 2 of a best-of-3
|t:|1783353747
|gametype|doubles
|player|p1|frogsmokinablunt|ingo|
|player|p2|dresovense|skier|
|gen|9
|tier|[Gen 9 Champions] VGC 2026 Reg M-B (Bo3)
|rule|Species Clause: Limit one of each Pok├®mon
|rule|Item Clause: Limit 1 of each item
|clearpoke
|poke|p1|Sneasler, L50, F|
|poke|p1|Glimmora, L50, M|
|poke|p1|Talonflame, L50, F|
|poke|p1|Froslass, L50, F|
|poke|p1|Azumarill, L50, F|
|poke|p1|Mamoswine, L50, M|
|poke|p2|Jolteon, L50, M|
|poke|p2|Charizard, L50, M|
|poke|p2|Garchomp, L50, F|
|poke|p2|Skarmory, L50, F|
|poke|p2|Kangaskhan, L50, F|
|poke|p2|Aegislash, L50, M|
|teampreview|4
|showteam|p1|Sneasler||WhiteHerb|Unburden|FakeOut,DireClaw,CloseCombat,RockSlide|Adamant||F|||50|]Glimmora||Glimmoranite|ToxicDebris|SludgeWave,EarthPower,PowerGem,Protect|Timid||M|||50|]Talonflame||FocusSash|FlameBody|FlareBlitz,BraveBird,Protect,Tailwind|Jolly||F|||50|]Froslass||Froslassite|SnowCloak|AuroraVeil,Protect,Blizzard,ShadowBall|Modest||F|||50|]Azumarill||LifeOrb|HugePower|AquaJet,PlayRough,Liquidation,BellyDrum|Adamant||F|||50|]Mamoswine||ChoiceScarf|ThickFat|IcicleCrash,HighHorsepower,RockSlide,KnockOff|Jolly||M|||50|
|showteam|p2|Jolteon||FocusSash|VoltAbsorb|Electroweb,Detect,SunnyDay,FakeTears|Timid||M|||50|]Charizard||CharizarditeY|Blaze|HeatWave,Protect,ScorchingSands,SolarBeam|Modest||M|||50|]Garchomp||Garchompite|RoughSkin|Earthquake,StompingTantrum,RockSlide,Protect|Jolly||F|||50|]Skarmory||Leftovers|Sturdy|Tailwind,Feint,DualWingbeat,IronHead|Adamant||F|||50|]Kangaskhan||SilkScarf|Scrappy|FakeOut,DoubleEdge,Earthquake,RockSlide|Adamant||F|||50|]Aegislash||KasibBerry|StanceChange|BrickBreak,KingsShield,Poltergeist,ShadowSneak|Adamant||M|||50|
|inactive|Battle timer is ON: inactive players will automatically lose when time's up. (requested by dresovense)
|j| Goblinwaltz
|inactive|dresovense has 60 seconds left.
|c|Ōśåfrogsmokinablunt|is it supposed to be open team sheet btw goblin
|c|Ōśåfrogsmokinablunt|or was that a option we forgot to turn offd
|inactive|dresovense has 30 seconds left.
|inactiveoff|Battle timer is now OFF.
|c|Ōśåfrogsmokinablunt|not that it matters now lol
|c| Goblinwaltz|It isnŌĆÖt. IŌĆÖve got a fix coming shortly sorry for werk
|c| Goblinwaltz|week 1
|c|Ōśåfrogsmokinablunt|all good
|
|t:|1783353856
|teamsize|p1|4
|teamsize|p2|4
|start
|switch|p1a: Talonflame|Talonflame, L50, F|100/100
|switch|p1b: Sneasler|Sneasler, L50, F|100/100
|switch|p2a: Kangaskhan|Kangaskhan, L50, F|100/100
|switch|p2b: Skarmory|Skarmory, L50, F|100/100
|turn|1
|c|Ōśådresovense|yeah it's fine no worries ^^
|
|t:|1783353886
|move|p1b: Sneasler|Fake Out|p2b: Skarmory
|-resisted|p2b: Skarmory|1
|-damage|p2b: Skarmory|94/100
|move|p1a: Talonflame|Tailwind|p1a: Talonflame
|-sidestart|p1: frogsmokinablunt|move: Tailwind
|move|p2a: Kangaskhan|Rock Slide|p1b: Sneasler|[spread] p1a,p1b
|-supereffective|p1a: Talonflame|2
|-crit|p1a: Talonflame
|-resisted|p1b: Sneasler|1
|-enditem|p1a: Talonflame|Focus Sash
|-damage|p1a: Talonflame|1/100
|-damage|p1b: Sneasler|84/100
|cant|p2b: Skarmory|flinch
|
|-heal|p2b: Skarmory|100/100|[from] item: Leftovers
|upkeep
|turn|2
|
|t:|1783353922
|move|p1a: Talonflame|Flare Blitz|p2b: Skarmory
|-supereffective|p2b: Skarmory|1
|-damage|p2b: Skarmory|22/100
|-damage|p1a: Talonflame|0 fnt|[from] Recoil
|faint|p1a: Talonflame
|move|p1b: Sneasler|Close Combat|p2b: Skarmory
|-damage|p2b: Skarmory|0 fnt
|-unboost|p1b: Sneasler|def|1
|-unboost|p1b: Sneasler|spd|1
|faint|p2b: Skarmory
|-enditem|p1b: Sneasler|White Herb
|-clearnegativeboost|p1b: Sneasler|[silent]
|move|p2a: Kangaskhan|Earthquake|p1b: Sneasler
|-supereffective|p1b: Sneasler|1
|-damage|p1b: Sneasler|0 fnt
|faint|p1b: Sneasler
|
|upkeep
|
|t:|1783353947
|switch|p1a: Mamoswine|Mamoswine, L50, M|100/100
|switch|p1b: Glimmora|Glimmora, L50, M|100/100
|switch|p2b: Charizard|Charizard, L50, M|100/100
|turn|3
|
|t:|1783353985
|detailschange|p1b: Glimmora|Glimmora-Mega, L50, M
|-mega|p1b: Glimmora|Glimmora|Glimmoranite
|move|p1b: Glimmora|Protect|p1b: Glimmora
|-singleturn|p1b: Glimmora|Protect
|move|p2b: Charizard|Protect|p2b: Charizard
|-singleturn|p2b: Charizard|Protect
|move|p1a: Mamoswine|Icicle Crash|p2a: Kangaskhan
|-damage|p2a: Kangaskhan|56/100
|cant|p2a: Kangaskhan|flinch
|
|upkeep
|turn|4
|
|t:|1783354029
|detailschange|p2b: Charizard|Charizard-Mega-Y, L50, M
|-mega|p2b: Charizard|Charizard|Charizardite Y
|-weather|SunnyDay|[from] ability: Drought|[of] p2b: Charizard
|move|p1a: Mamoswine|Icicle Crash|p2a: Kangaskhan
|-damage|p2a: Kangaskhan|11/100
|move|p1b: Glimmora|Power Gem|p2b: Charizard
|-supereffective|p2b: Charizard|2
|-damage|p2b: Charizard|0 fnt
|faint|p2b: Charizard
|move|p2a: Kangaskhan|Double-Edge|p1a: Mamoswine
|-damage|p1a: Mamoswine|25/100
|-damage|p2a: Kangaskhan|0 fnt|[from] Recoil
|faint|p2a: Kangaskhan
|
|-weather|SunnyDay|[upkeep]
|-sideend|p1: frogsmokinablunt|move: Tailwind
|upkeep
|
|t:|1783354044
|switch|p2b: Garchomp|Garchomp, L50, F|100/100
|turn|5
|
|t:|1783354058
|move|p1a: Mamoswine|Icicle Crash|p2b: Garchomp
|-supereffective|p2b: Garchomp|2
|-damage|p2b: Garchomp|0 fnt
|faint|p2b: Garchomp
|
|win|frogsmokinablunt
||dresovense is ready for game 3.
||frogsmokinablunt is ready for game 3.
|uhtml|next|Next: Game 3 of 3
|l| Goblinwaltz
|j| Goblinwaltz
|l| Goblinwaltz
|j| Goblinwaltz
|l| Goblinwaltz
