|j|☆dhairyasethia
|j|☆dragonite fraude
|html|dhairyasethiadragonite fraude    
|uhtml|bestof|Game 1 of a best-of-3
|t:|1757930260
|gametype|doubles
|player|p1|dhairyasethia|266|1085
|player|p2|dragonite fraude|1|1098
|gen|9
|tier|[Gen 9] VGC 2025 Reg H (Bo3)
|rated|
|rule|Species Clause: Limit one of each Pokémon
|rule|Item Clause: Limit 1 of each item
|clearpoke
|poke|p1|Annihilape, L50, M|
|poke|p1|Tatsugiri, L50, F|
|poke|p1|Dondozo, L50, F|
|poke|p1|Flamigo, L50, F|
|poke|p1|Snorlax, L50, F|
|poke|p1|Incineroar, L50, F|
|poke|p2|Maushold-Four, L50|
|poke|p2|Gholdengo, L50|
|poke|p2|Dragonite, L50, F|
|poke|p2|Annihilape, L50, M|
|poke|p2|Rillaboom, L50, F|
|poke|p2|Ursaluna-Bloodmoon, L50, M|
|teampreview|4
|showteam|p1|Annihilape||ChoiceScarf|Defiant|CloseCombat,RageFist,FinalGambit,Outrage|||M|||50|,,,,,Fighting]Tatsugiri||ToxicOrb|Commander|DracoMeteor,HydroPump,Protect,Endure|||F|||50|,,,,,Fire]Dondozo||Leftovers|Oblivious|Protect,Substitute,OrderUp,WaveCrash|||F|||50|,,,,,Grass]Flamigo||ClearAmulet|Costar|Detect,BraveBird,CloseCombat,Roost|||F|||50|,,,,,Steel]Snorlax||AguavBerry|Gluttony|Protect,BellyDrum,Facade,HighHorsepower|||F|||50|,,,,,Ghost]Incineroar||AssaultVest|Intimidate|FakeOut,Uturn,KnockOff,FlareBlitz|||F|||50|,,,,,Grass
|showteam|p2|Maushold-Four||FocusSash|FriendGuard|SuperFang,BeatUp,FollowMe,Protect||||||50|,,,,,Ghost]Gholdengo||LifeOrb|GoodasGold|MakeItRain,ShadowBall,NastyPlot,Protect||||||50|,,,,,Water]Dragonite||LoadedDice|Multiscale|ScaleShot,Tailwind,Haze,Protect|||F|||50|,,,,,Fairy]Annihilape||SitrusBerry|Defiant|DrainPunch,RageFist,BulkUp,Protect|||M|||50|,,,,,Fire]Rillaboom||MiracleSeed|GrassySurge|WoodHammer,GrassyGlide,HighHorsepower,FakeOut|||F|||50|,,,,,Fire]Ursaluna-Bloodmoon||AssaultVest|MindsEye|BloodMoon,EarthPower,HyperVoice,VacuumWave|||M|||50|,,,,,Water
|inactive|Battle timer is ON: inactive players will automatically lose when time's up. (requested by dragonite fraude)
|inactive|dhairyasethia has 60 seconds left.
|
|t:|1757930334
|teamsize|p1|4
|teamsize|p2|4
|start
|switch|p1a: Snorlax|Snorlax, L50, F, shiny|100/100
|switch|p1b: Annihilape|Annihilape, L50, M, shiny|100/100
|switch|p2a: Annihilape|Annihilape, L50, M|100/100
|switch|p2b: Maushold|Maushold-Four, L50|100/100
|turn|1
|inactive|dhairyasethia has 30 seconds left.
|inactive|dragonite fraude has 30 seconds left.
|inactive|dhairyasethia has 20 seconds left.
|inactive|dragonite fraude has 20 seconds left.
|inactive|dragonite fraude has 15 seconds left.
|inactive|dragonite fraude has 10 seconds left.
|inactive|dragonite fraude has 5 seconds left.
|
|t:|1757930384
|-terastallize|p1a: Snorlax|Ghost
|move|p1b: Annihilape|Close Combat|p2b: Maushold
|-supereffective|p2b: Maushold
|-enditem|p2b: Maushold|Focus Sash
|-damage|p2b: Maushold|1/100
|-unboost|p1b: Annihilape|def|1
|-unboost|p1b: Annihilape|spd|1
|move|p2b: Maushold|Super Fang|p1a: Snorlax
|-immune|p1a: Snorlax
|move|p2a: Annihilape|Drain Punch|p1a: Snorlax
|-immune|p1a: Snorlax
|move|p1a: Snorlax|Belly Drum|p1a: Snorlax
|-damage|p1a: Snorlax|51/100
|-setboost|p1a: Snorlax|atk|6|[from] move: Belly Drum
|
|upkeep
|turn|2
|inactive|dhairyasethia has 30 seconds left.
|
|t:|1757930418
|-terastallize|p2b: Maushold|Ghost
|move|p1b: Annihilape|Close Combat|p2b: Maushold
|-immune|p2b: Maushold
|move|p2b: Maushold|Beat Up|p2a: Annihilape
|-damage|p2a: Annihilape|98/100
|-damage|p2a: Annihilape|96/100
|-damage|p2a: Annihilape|93/100
|-damage|p2a: Annihilape|91/100
|-hitcount|p2a: Annihilape|4
|move|p2a: Annihilape|Rage Fist|p1a: Snorlax
|-supereffective|p1a: Snorlax
|-damage|p1a: Snorlax|0 fnt
|faint|p1a: Snorlax
|
|upkeep
|inactive|dhairyasethia has 30 seconds left.
|
|t:|1757930448
|switch|p1a: Flamigo|Flamigo, L50, F, shiny|100/100
|-copyboost|p1a: Flamigo|p1b: Annihilape|[from] ability: Costar
|turn|3
|inactive|dhairyasethia has 30 seconds left.
|inactive|dhairyasethia has 20 seconds left.
|inactive|dhairyasethia has 15 seconds left.
|
|t:|1757930490
|move|p2b: Maushold|Follow Me|p2b: Maushold
|-singleturn|p2b: Maushold|move: Follow Me
|move|p1b: Annihilape|Close Combat|p2b: Maushold
|-immune|p2b: Maushold
|move|p1a: Flamigo|Brave Bird|p2b: Maushold
|-damage|p2b: Maushold|0 fnt
|faint|p2b: Maushold
|-damage|p1a: Flamigo|99/100|[from] Recoil
|move|p2a: Annihilape|Rage Fist|p1a: Flamigo
|-damage|p1a: Flamigo|0 fnt
|faint|p1a: Flamigo
|
|upkeep
|-message|dhairyasethia forfeited.
|raw|dhairyasethia's rating: 1085 → 1063(-22 for losing)
|raw|dragonite fraude's rating: 1098 → 1122(+24 for winning)
|
|win|dragonite fraude
|l|☆dhairyasethia
|player|p1|
