|j|☆KirkGPT
|j|☆katkraydel
|html|KirkGPTkatkraydel    
|uhtml|bestof|Game 3 of a best-of-3
|t:|1784658583
|gametype|doubles
|player|p1|KirkGPT|101|1389
|player|p2|katkraydel|lebanne|1338
|gen|9
|tier|[Gen 9 Champions] VGC 2026 Reg M-B (Bo3)
|rated|
|rule|Species Clause: Limit one of each Pokémon
|rule|Item Clause: Limit 1 of each item
|clearpoke
|poke|p1|Blaziken, L50, M|
|poke|p1|Venusaur, L50, M|
|poke|p1|Ninetales-Alola, L50, F, shiny|
|poke|p1|Lycanroc-Dusk, L50, M, shiny|
|poke|p1|Kingambit, L50, F, shiny|
|poke|p1|Basculegion, L50, M|
|poke|p2|Raichu, L50, F|
|poke|p2|Ninetales-Alola, L50, F|
|poke|p2|Talonflame, L50, F|
|poke|p2|Garchomp, L50, F|
|poke|p2|Basculegion, L50, M|
|poke|p2|Tsareena, L50, F|
|teampreview|4
|showteam|p1|Blaziken||Blazikenite|SpeedBoost|CloseCombat,FlareBlitz,StoneEdge,Detect|Adamant||M|||50|]Venusaur||Venusaurite|Chlorophyll|GigaDrain,SludgeBomb,EarthPower,Protect|Modest||M|||50|]Ninetales-Alola||NeverMeltIce|SnowWarning|Blizzard,FreezeDry,Encore,Protect|Timid||F|||50|]Lycanroc-Dusk||FocusSash|ToughClaws|Accelerock,RockSlide,CloseCombat,Protect|Adamant||M|||50|]Kingambit||LifeOrb|Defiant|SuckerPunch,KowtowCleave,IronHead,Protect|Adamant||F|||50|]Basculegion||ChoiceScarf|Adaptability|WaveCrash,LastRespects,FlipTurn,AquaJet|Jolly||M|||50|
|showteam|p2|Raichu||RaichuniteY|LightningRod|FakeOut,ZapCannon,FocusBlast,Protect|Timid||F|||50|]Ninetales-Alola||NeverMeltIce|SnowWarning|Blizzard,FreezeDry,Encore,Protect|Timid||F|||50|]Talonflame||SharpBeak|GaleWings|FlareBlitz,DualWingbeat,Tailwind,Protect|Jolly||F|||50|]Garchomp||LifeOrb|RoughSkin|StompingTantrum,DragonClaw,RockSlide,Protect|Jolly||F|||50|]Basculegion||MysticWater|Adaptability|WaveCrash,LastRespects,AquaJet,Protect|Adamant||M|||50|]Tsareena||OccaBerry|QueenlyMajesty|TropKick,LowKick,HelpingHand,Protect|Jolly||F|||50|
|
|t:|1784658676
|teamsize|p1|4
|teamsize|p2|4
|start
|switch|p1a: Ninetales|Ninetales-Alola, L50, F, shiny|100/100
|switch|p1b: Basculegion|Basculegion, L50, M|100/100
|switch|p2a: Talonflame|Talonflame, L50, F|100/100
|switch|p2b: Raichu|Raichu, L50, F|100/100
|-weather|Snowscape|[from] ability: Snow Warning|[of] p1a: Ninetales
|turn|1
|
|t:|1784658697
|detailschange|p2b: Raichu|Raichu-Mega-Y, L50, F
|-mega|p2b: Raichu|Raichu|Raichunite Y
|move|p1b: Basculegion|Aqua Jet|p2b: Raichu
|-damage|p2b: Raichu|65/100
|move|p2a: Talonflame|Tailwind|p2a: Talonflame
|-sidestart|p2: katkraydel|move: Tailwind
|move|p2b: Raichu|Zap Cannon|p1b: Basculegion
|-supereffective|p1b: Basculegion|1
|-damage|p1b: Basculegion|0 fnt
|faint|p1b: Basculegion
|move|p1a: Ninetales|Blizzard|p2b: Raichu|[spread] p2a,p2b
|-damage|p2a: Talonflame|45/100
|-damage|p2b: Raichu|16/100
|
|-weather|Snowscape|[upkeep]
|upkeep
|
|t:|1784658715
|switch|p1b: Kingambit|Kingambit, L50, F, shiny|100/100
|turn|2
|
|t:|1784658725
|switch|p2a: Tsareena|Tsareena, L50, F|100/100
|move|p1b: Kingambit|Sucker Punch||[still]
|cant|p2a: Tsareena|ability: Queenly Majesty|Sucker Punch|[of] p1b: Kingambit
|move|p2b: Raichu|Focus Blast|p1b: Kingambit
|-supereffective|p1b: Kingambit|2
|-damage|p1b: Kingambit|0 fnt
|faint|p1b: Kingambit
|move|p1a: Ninetales|Blizzard|p2b: Raichu|[spread] p2a,p2b
|-supereffective|p2a: Tsareena|1
|-damage|p2a: Tsareena|26/100
|-damage|p2b: Raichu|0 fnt
|faint|p2b: Raichu
|
|-weather|Snowscape|[upkeep]
|upkeep
|
|t:|1784658738
|switch|p2b: Basculegion|Basculegion, L50, M|100/100
|switch|p1b: Blaziken|Blaziken, L50, M|100/100
|turn|3
|
|t:|1784658749
|move|p2a: Tsareena|Helping Hand|p2b: Basculegion
|-singleturn|p2b: Basculegion|Helping Hand|[of] p2a: Tsareena
|move|p1b: Blaziken|Detect|p1b: Blaziken
|-singleturn|p1b: Blaziken|Protect
|move|p2b: Basculegion|Last Respects|p1a: Ninetales
|-damage|p1a: Ninetales|0 fnt
|faint|p1a: Ninetales
|
|-weather|Snowscape|[upkeep]
|-ability|p1b: Blaziken|Speed Boost|boost
|-boost|p1b: Blaziken|spe|1
|upkeep
|turn|4
|-message|KirkGPT forfeited.
|raw|KirkGPT's rating: 1389 → 1366(-23 for losing)
|raw|katkraydel's rating: 1338 → 1361(+23 for winning)
|
|win|katkraydel
|l|☆KirkGPT
|player|p1|
