|j|☆peprayo25
|j|☆HalcyonJon
|html|peprayo25HalcyonJon    
|uhtml|bestof|Game 1 of a best-of-3
|t:|1757922293
|gametype|doubles
|player|p1|peprayo25|preschooler|1172
|player|p2|HalcyonJon|pokemonbreeder|1286
|gen|9
|tier|[Gen 9] VGC 2025 Reg H (Bo3)
|rated|
|rule|Species Clause: Limit one of each Pokémon
|rule|Item Clause: Limit 1 of each item
|clearpoke
|poke|p1|Annihilape, L50, F|
|poke|p1|Sinistcha, L50|
|poke|p1|Maushold-Four, L50|
|poke|p1|Klefki, L50, M|
|poke|p1|Ursaluna-Bloodmoon, L50, M|
|poke|p1|Ninetales-Alola, L50, F|
|poke|p2|Meowstic-F, L50, F|
|poke|p2|Indeedee-F, L50, F|
|poke|p2|Decidueye-Hisui, L50, F|
|poke|p2|Sneasler, L50, M|
|poke|p2|Tyranitar, L50, M|
|poke|p2|Exeggutor-Alola, L50, F|
|teampreview|4
|showteam|p1|Annihilape||Leftovers|Defiant|Protect,BulkUp,DrainPunch,RageFist|||F|||50|,,,,,Fire]Sinistcha||SitrusBerry|Hospitality|MatchaGotcha,TrickRoom,LifeDew,RagePowder||||||50|,,,,,Water]Maushold-Four||CovertCloak|FriendGuard|FollowMe,Taunt,BeatUp,Protect||||||50|,,,,,Grass]Klefki||LightClay|Prankster|Reflect,LightScreen,MistyTerrain,DazzlingGleam|||M|||50|,,,,,Ghost]Ursaluna-Bloodmoon||AssaultVest|MindsEye|BloodMoon,HyperVoice,EarthPower,VacuumWave|||M|||50|,,,,,Water]Ninetales-Alola||FocusSash|SnowWarning|Protect,Encore,FreezeDry,Blizzard|||F|||50|,,,,,Ghost
|showteam|p2|Meowstic-F||FocusSash|Competitive|ExpandingForce,TeraBlast,NastyPlot,Protect|||F|||50|,,,,,Ground]Indeedee-F||RockyHelmet|PsychicSurge|Psychic,FollowMe,HelpingHand,TrickRoom|||F|||50|,,,,,Fairy]Decidueye-Hisui||ScopeLens|Scrappy|TripleArrows,LeafBlade,Haze,Tailwind|||F|||50|,,,,,Rock]Sneasler||PsychicSeed|Unburden|CloseCombat,DireClaw,SwordsDance,Protect|||M|||50|,,,,,Rock]Tyranitar||AssaultVest|SandStream|KnockOff,RockSlide,TeraBlast,LowKick|||M|||50|,,,,,Flying]Exeggutor-Alola||SitrusBerry|Harvest|DracoMeteor,EnergyBall,Flamethrower,TrickRoom|||F|||50|,,,,,Fire
|inactive|Battle timer is ON: inactive players will automatically lose when time's up. (requested by peprayo25)
|inactive|peprayo25 has 60 seconds left.
|inactive|HalcyonJon has 60 seconds left.
|
|t:|1757922340
|teamsize|p1|4
|teamsize|p2|4
|start
|switch|p1a: Maushold|Maushold-Four, L50|100/100
|switch|p1b: Annihilape|Annihilape, L50, F, shiny|100/100
|switch|p2a: Meowstic|Meowstic-F, L50, F|100/100
|switch|p2b: Indeedee|Indeedee-F, L50, F|100/100
|-fieldstart|move: Psychic Terrain|[from] ability: Psychic Surge|[of] p2b: Indeedee
|turn|1
|inactive|peprayo25 has 30 seconds left.
|
|t:|1757922373
|-terastallize|p1b: Annihilape|Fire
|move|p2b: Indeedee|Follow Me|p2b: Indeedee
|-singleturn|p2b: Indeedee|move: Follow Me
|move|p2a: Meowstic|Nasty Plot|p2a: Meowstic
|-boost|p2a: Meowstic|spa|2
|move|p1a: Maushold|Taunt|p2b: Indeedee
|-start|p2b: Indeedee|move: Taunt
|move|p1b: Annihilape|Bulk Up|p1b: Annihilape
|-boost|p1b: Annihilape|atk|1
|-boost|p1b: Annihilape|def|1
|
|upkeep
|turn|2
|inactive|HalcyonJon has 30 seconds left.
|
|t:|1757922400
|switch|p2b: Sneasler|Sneasler, L50, M|100/100
|-enditem|p2b: Sneasler|Psychic Seed
|-boost|p2b: Sneasler|spd|1|[from] item: Psychic Seed
|move|p2a: Meowstic|Expanding Force|p1a: Maushold|[spread] p1a,p1b
|-damage|p1a: Maushold|0 fnt
|-damage|p1b: Annihilape|38/100
|faint|p1a: Maushold
|move|p1b: Annihilape|Rage Fist|p2a: Meowstic
|-supereffective|p2a: Meowstic
|-enditem|p2a: Meowstic|Focus Sash
|-damage|p2a: Meowstic|1/100
|
|-heal|p1b: Annihilape|45/100|[from] item: Leftovers
|upkeep
|
|t:|1757922414
|switch|p1a: Sinistcha|Sinistcha, L50|100/100
|-heal|p1b: Annihilape|70/100|[from] ability: Hospitality|[of] p1a: Sinistcha
|turn|3
|
|t:|1757922428
|move|p1b: Annihilape|Protect|p1b: Annihilape
|-singleturn|p1b: Annihilape|Protect
|move|p2b: Sneasler|Dire Claw|p1a: Sinistcha
|-damage|p1a: Sinistcha|66/100
|-status|p1a: Sinistcha|psn
|move|p2a: Meowstic|Expanding Force|p1a: Sinistcha|[spread] p1a
|-activate|p1b: Annihilape|move: Protect
|-damage|p1a: Sinistcha|0 fnt
|faint|p1a: Sinistcha
|
|-heal|p1b: Annihilape|76/100|[from] item: Leftovers
|upkeep
|-message|peprayo25 forfeited.
|
|win|HalcyonJon
|l|☆peprayo25
|player|p1|
||peprayo25 is ready for game 2.
||HalcyonJon is ready for game 2.
|uhtml|next|Next: Game 2 of 3
|j|☆peprayo25
|player|p1|peprayo25|preschooler|
|l|☆peprayo25
|player|p1|
