|j|☆Jun RH
|j|☆C.blaze
|html|Jun RHC.blaze    
|uhtml|bestof|Game 1 of a best-of-3
|t:|1756990956
|gametype|doubles
|player|p1|Jun RH|burglar|1106
|player|p2|C.blaze|2|1125
|gen|9
|tier|[Gen 9] VGC 2025 Reg H (Bo3)
|rated|
|rule|Species Clause: Limit one of each Pokémon
|rule|Item Clause: Limit 1 of each item
|clearpoke
|poke|p1|Gholdengo, L50|
|poke|p1|Incineroar, L50, F|
|poke|p1|Amoonguss, L50, M|
|poke|p1|Dragonite, L50, F|
|poke|p1|Garchomp, L50, F|
|poke|p1|Primarina, L50, F|
|poke|p2|Sneasler, L50, F|
|poke|p2|Gholdengo, L50|
|poke|p2|Dragonite, L50, M|
|poke|p2|Volcarona, L50, F|
|poke|p2|Porygon2, L50|
|poke|p2|Ursaluna, L50, M|
|teampreview|4
|showteam|p1|Gholdengo||LifeOrb|GoodasGold|MakeItRain,ShadowBall,NastyPlot,Protect||||||50|,,,,,Water]Incineroar||SafetyGoggles|Intimidate|KnockOff,FlareBlitz,FakeOut,PartingShot|||F|||50|,,,,,Ghost]Amoonguss||CovertCloak|Regenerator|RagePowder,PollenPuff,Protect,Spore|||M|||50|,,,,,Dark]Dragonite||LoadedDice|Multiscale|ScaleShot,Tailwind,Protect,Haze|||F|||50|,,,,,Fairy]Garchomp||ClearAmulet|RoughSkin|DragonClaw,Earthquake,StompingTantrum,Protect|||F|||50|,,,,,Fire]Primarina||AssaultVest|LiquidVoice|HyperVoice,Moonblast,IcyWind,DazzlingGleam|||F|||50|,,,,,Grass
|showteam|p2|Sneasler||FocusSash|Unburden|DireClaw,CloseCombat,Protect,FakeOut|||F|||50|,,,,,Fighting]Gholdengo||LifeOrb|GoodasGold|MakeItRain,ShadowBall,Protect,NastyPlot||||||50|,,,,,Water]Dragonite||LoadedDice|InnerFocus|ScaleShot,Haze,Protect,Tailwind|||M|||50|,,,,,Steel]Volcarona||CovertCloak|FlameBody|HeatWave,StruggleBug,GigaDrain,QuiverDance|||F|||50|,,,,,Grass]Porygon2||Eviolite|Download|TeraBlast,IceBeam,Recover,TrickRoom||||||50|,,,,,Fighting]Ursaluna||FlameOrb|Guts|Facade,HeadlongRush,Protect,Earthquake|||M|||50|,,,,,Ground
|inactive|Battle timer is ON: inactive players will automatically lose when time's up. (requested by C.blaze)
|
|t:|1756991054
|teamsize|p1|4
|teamsize|p2|4
|start
|switch|p1a: Incineroar|Incineroar, L50, F|100/100
|switch|p1b: Dragonite|Dragonite, L50, F|100/100
|switch|p2a: Sneasler|Sneasler, L50, F|100/100
|switch|p2b: Volcarona|Volcarona, L50, F|100/100
|-ability|p1a: Incineroar|Intimidate|boost
|-unboost|p2a: Sneasler|atk|1
|-unboost|p2b: Volcarona|atk|1
|turn|1
|inactive|Jun RH has 30 seconds left.
|inactive|C.blaze has 30 seconds left.
|inactive|Jun RH has 20 seconds left.
|inactive|C.blaze has 20 seconds left.
|inactive|C.blaze has 15 seconds left.
|inactive|C.blaze has 10 seconds left.
|inactive|C.blaze has 5 seconds left.
|
|t:|1756991109
|switch|p1a: Primarina|Primarina, L50, F|100/100
|move|p2a: Sneasler|Dire Claw|p1a: Primarina
|-supereffective|p1a: Primarina
|-damage|p1a: Primarina|36/100
|move|p2b: Volcarona|Heat Wave|p1a: Primarina|[spread] p1a,p1b
|-resisted|p1a: Primarina
|-resisted|p1b: Dragonite
|-damage|p1a: Primarina|23/100
|-damage|p1b: Dragonite|89/100
|move|p1b: Dragonite|Scale Shot|p2a: Sneasler
|-damage|p2a: Sneasler|79/100
|-damage|p2a: Sneasler|55/100
|-damage|p2a: Sneasler|32/100
|-damage|p2a: Sneasler|8/100
|-crit|p2a: Sneasler
|-damage|p2a: Sneasler|0 fnt
|faint|p2a: Sneasler
|-hitcount|p2: Sneasler|5
|-unboost|p1b: Dragonite|def|1
|-boost|p1b: Dragonite|spe|1
|
|upkeep
|inactive|C.blaze has 30 seconds left.
|inactive|C.blaze has 20 seconds left.
|inactive|C.blaze has 15 seconds left.
|inactive|C.blaze has 10 seconds left.
|inactive|C.blaze has 5 seconds left.
|
|t:|1756991164
|switch|p2a: Gholdengo|Gholdengo, L50|100/100
|turn|2
|inactive|C.blaze has 30 seconds left.
|inactive|C.blaze has 20 seconds left.
|inactive|C.blaze has 15 seconds left.
|inactive|C.blaze has 10 seconds left.
|inactive|C.blaze has 5 seconds left.
|
|t:|1756991219
|move|p1b: Dragonite|Tailwind|p1b: Dragonite
|-sidestart|p1: Jun RH|move: Tailwind
|move|p1a: Primarina|Hyper Voice|p2b: Volcarona|[spread] p2a,p2b
|-supereffective|p2b: Volcarona
|-crit|p2b: Volcarona
|-damage|p2a: Gholdengo|62/100
|-damage|p2b: Volcarona|0 fnt
|faint|p2b: Volcarona
|move|p2a: Gholdengo|Make It Rain|p1b: Dragonite|[spread] p1a,p1b
|-damage|p1a: Primarina|0 fnt
|-damage|p1b: Dragonite|21/100
|-unboost|p2a: Gholdengo|spa|1
|faint|p1a: Primarina
|-damage|p2a: Gholdengo|52/100|[from] item: Life Orb
|
|upkeep
|inactive|C.blaze has 30 seconds left.
|inactive|C.blaze has 20 seconds left.
|inactive|C.blaze has 15 seconds left.
|inactive|C.blaze has 10 seconds left.
|inactive|C.blaze has 5 seconds left.
|
|t:|1756991274
|switch|p2b: Dragonite|Dragonite, L50, M|100/100
|switch|p1a: Garchomp|Garchomp, L50, F|100/100
|turn|3
|inactive|Jun RH has 30 seconds left.
|inactive|C.blaze has 30 seconds left.
|inactive|C.blaze has 20 seconds left.
|inactive|C.blaze has 15 seconds left.
|inactive|C.blaze has 10 seconds left.
|inactive|C.blaze has 5 seconds left.
|
|t:|1756991329
|move|p1b: Dragonite|Scale Shot|p2b: Dragonite
|-supereffective|p2b: Dragonite
|-damage|p2b: Dragonite|71/100
|-supereffective|p2b: Dragonite
|-damage|p2b: Dragonite|41/100
|-supereffective|p2b: Dragonite
|-damage|p2b: Dragonite|8/100
|-supereffective|p2b: Dragonite
|-damage|p2b: Dragonite|0 fnt
|faint|p2b: Dragonite
|-hitcount|p2: Dragonite|4
|-unboost|p1b: Dragonite|def|1
|-boost|p1b: Dragonite|spe|1
|move|p1a: Garchomp|Earthquake|p2a: Gholdengo|[spread] p2a
|-immune|p1b: Dragonite
|-supereffective|p2a: Gholdengo
|-damage|p2a: Gholdengo|0 fnt
|faint|p2a: Gholdengo
|
|win|Jun RH
|inactive|Jun RH has 30 seconds to confirm battle start!
|inactive|C.blaze has 30 seconds to confirm battle start!
