|j|☆slinky redfoot
|j|☆noel_noa
|html|slinky redfootnoel_noa    
|uhtml|bestof|Game 2 of a best-of-3
|t:|1757716775
|gametype|doubles
|player|p1|slinky redfoot|hoopster|1138
|player|p2|noel_noa|101|1231
|gen|9
|tier|[Gen 9] VGC 2025 Reg H (Bo3)
|rated|
|rule|Species Clause: Limit one of each Pokémon
|rule|Item Clause: Limit 1 of each item
|clearpoke
|poke|p1|Tyranitar, L50, M|
|poke|p1|Excadrill, L50, F|
|poke|p1|Annihilape, L50, M|
|poke|p1|Amoonguss, L50, F|
|poke|p1|Corviknight, L50, M|
|poke|p1|Basculegion, L50, M|
|poke|p2|Indeedee-F, L50, F|
|poke|p2|Torkoal, L50, M|
|poke|p2|Gallade, L50, M|
|poke|p2|Lilligant-Hisui, L50, F|
|poke|p2|Hatterene, L50, F|
|poke|p2|Ursaluna, L50, M|
|teampreview|4
|showteam|p1|Tyranitar||AssaultVest|SandStream|RockSlide,KnockOff,LowKick,TeraBlast|||M|||50|,,,,,Flying]Excadrill||FocusSash|SandRush|Protect,IronHead,HighHorsepower,Earthquake|||F|||50|,,,,,Ground]Annihilape||SafetyGoggles|Defiant|CloseCombat,RageFist,FinalGambit,Coaching|||M|||50|,,,,,Water]Amoonguss||SitrusBerry|Regenerator|Protect,ClearSmog,Spore,RagePowder|||F|||50|,,,,,Water]Corviknight||Leftovers|MirrorArmor|BraveBird,BulkUp,Tailwind,Roost|||M|||50|,,,,,Dragon]Basculegion||ChoiceScarf|Adaptability|WaveCrash,FlipTurn,LastRespects,HeadSmash|||M|||50|,,,,,Grass
|showteam|p2|Indeedee-F||SafetyGoggles|PsychicSurge|TrickRoom,FollowMe,HelpingHand,Psychic|||F|||50|,,,,,Fairy]Torkoal||ChoiceSpecs|Drought|Overheat,Eruption,EarthPower,WeatherBall|||M|||50|,,,,,Fire]Gallade||ClearAmulet|Sharpness|SacredSword,PsychoCut,WideGuard,TrickRoom|||M|||50|,,,,,Grass]Lilligant-Hisui||FocusSash|Chlorophyll|AfterYou,SleepPowder,CloseCombat,Encore|||F|||50|,,,,,Ghost]Hatterene||LifeOrb|MagicBounce|MysticalFire,ExpandingForce,DazzlingGleam,TrickRoom|||F|||50|,,,,,Poison]Ursaluna||FlameOrb|Guts|Facade,SwordsDance,IcePunch,HeadlongRush|||M|||50|,,,,,Ghost
|inactive|Battle timer is ON: inactive players will automatically lose when time's up. (requested by slinky redfoot)
|inactive|slinky redfoot has 60 seconds left.
|inactive|noel_noa has 60 seconds left.
|
|t:|1757716835
|teamsize|p1|4
|teamsize|p2|4
|start
|switch|p1a: Annihilape|Annihilape, L50, M|100/100
|switch|p1b: Basculegion|Basculegion, L50, M|100/100
|switch|p2a: Gallade|Gallade, L50, M|100/100
|switch|p2b: Indeedee|Indeedee-F, L50, F|100/100
|-fieldstart|move: Psychic Terrain|[from] ability: Psychic Surge|[of] p2b: Indeedee
|turn|1
|inactive|slinky redfoot has 30 seconds left.
|inactive|noel_noa has 30 seconds left.
|inactive|slinky redfoot has 20 seconds left.
|inactive|noel_noa has 20 seconds left.
|inactive|slinky redfoot has 15 seconds left.
|inactive|noel_noa has 15 seconds left.
|inactive|slinky redfoot has 10 seconds left.
|inactive|noel_noa has 10 seconds left.
|inactive|slinky redfoot has 5 seconds left.
|inactive|noel_noa has 5 seconds left.
|
|t:|1757716890
|move|p2b: Indeedee|Follow Me|p2b: Indeedee
|-singleturn|p2b: Indeedee|move: Follow Me
|move|p1b: Basculegion|Flip Turn|p2b: Indeedee
|-damage|p2b: Indeedee|49/100
|
|t:|1757716897
|switch|p1b: Excadrill|Excadrill, L50, F|100/100|[from] Flip Turn
|move|p1a: Annihilape|Final Gambit|p2b: Indeedee
|-damage|p2b: Indeedee|0 fnt
|faint|p1a: Annihilape
|faint|p2b: Indeedee
|move|p2a: Gallade|Psycho Cut|p1b: Excadrill
|-resisted|p1b: Excadrill
|-damage|p1b: Excadrill|48/100
|
|upkeep
|
|t:|1757716911
|switch|p1a: Basculegion|Basculegion, L50, M|100/100
|switch|p2b: Hatterene|Hatterene, L50, F|100/100
|turn|2
|l|☆noel_noa
|inactive|noel_noa disconnected and has a minute to reconnect!
|player|p2|
|inactive|slinky redfoot has 30 seconds left.
|inactive|noel_noa has 30 seconds left.
|inactive|noel_noa has 20 seconds left.
|inactive|noel_noa has 15 seconds left.
|j|☆noel_noa
|inactive|noel_noa reconnected and has 15 seconds left.
|player|p2|noel_noa|101|
|inactive|noel_noa has 10 seconds left.
|inactive|noel_noa has 5 seconds left.
|
|t:|1757716963
|-terastallize|p2a: Gallade|Grass
|move|p1a: Basculegion|Last Respects|p2a: Gallade
|-damage|p2a: Gallade|9/100
|move|p1b: Excadrill|Iron Head|p2b: Hatterene
|-supereffective|p2b: Hatterene
|-damage|p2b: Hatterene|12/100
|move|p2a: Gallade|Sacred Sword|p1b: Excadrill
|-supereffective|p1b: Excadrill
|-damage|p1b: Excadrill|0 fnt
|faint|p1b: Excadrill
|move|p2b: Hatterene|Trick Room|p2b: Hatterene
|-fieldstart|move: Trick Room|[of] p2b: Hatterene
|
|upkeep
|
|t:|1757716972
|switch|p1b: Tyranitar|Tyranitar, L50, M|100/100
|-weather|Sandstorm|[from] ability: Sand Stream|[of] p1b: Tyranitar
|turn|3
|inactive|slinky redfoot has 30 seconds left.
|inactive|noel_noa has 30 seconds left.
|inactive|noel_noa has 20 seconds left.
|inactive|noel_noa has 15 seconds left.
|inactive|noel_noa has 10 seconds left.
|
|t:|1757717022
|-terastallize|p1b: Tyranitar|Flying
|move|p2b: Hatterene|Expanding Force|p1a: Basculegion|[spread] p1a,p1b
|-damage|p1a: Basculegion|0 fnt
|-damage|p1b: Tyranitar|55/100
|faint|p1a: Basculegion
|-damage|p2b: Hatterene|3/100|[from] item: Life Orb
|move|p2a: Gallade|Psycho Cut|p1b: Tyranitar
|-damage|p1b: Tyranitar|0 fnt
|faint|p1b: Tyranitar
|
|win|noel_noa
||slinky redfoot is ready for game 3.
|l|☆noel_noa
|player|p2|
|inactive|noel_noa has 30 seconds to confirm battle start!
||noel_noa is ready for game 3.
|uhtml|next|Next: Game 3 of 3
