|j|☆Ch2.0
|j|☆amwaquatic
|html|Ch2.0amwaquatic    
|uhtml|bestof|Game 1 of a best-of-3
|t:|1782178220
|gametype|doubles
|player|p1|Ch2.0|170|1047
|player|p2|amwaquatic|hilbert|1055
|gen|9
|tier|[Gen 9 Champions] VGC 2026 Reg M-B (Bo3)
|rated|
|rule|Species Clause: Limit one of each Pokémon
|rule|Item Clause: Limit 1 of each item
|clearpoke
|poke|p1|Staraptor, L50, M|
|poke|p1|Whimsicott, L50, F|
|poke|p1|Ditto, L50|
|poke|p1|Runerigus, L50, F|
|poke|p1|Archaludon, L50, M|
|poke|p1|Pelipper, L50, M|
|poke|p2|Talonflame, L50, M|
|poke|p2|Metagross, L50|
|poke|p2|Kingambit, L50, F|
|poke|p2|Grimmsnarl, L50, M|
|poke|p2|Charizard, L50, M|
|poke|p2|Excadrill, L50, M|
|teampreview|4
|showteam|p1|Staraptor||Staraptite|Intimidate|CloseCombat,BraveBird,Roost,QuickAttack|Adamant||M|||50|]Whimsicott||MentalHerb|Prankster|Taunt,Charm,Uturn,Tailwind|Timid||F|||50|]Ditto||ChoiceScarf|Imposter|Transform|Timid|||||50|]Runerigus||QuickClaw|WanderingSpirit|DestinyBond,WillOWisp,Hex,StealthRock|Calm||F|||50|]Archaludon||ChopleBerry|Stamina|ElectroShot,DracoMeteor,FlashCannon,Protect|Timid||M|||50|]Pelipper||FocusSash|Drizzle|Hurricane,WeatherBall,Protect,Uturn|Bold||M|||50|
|showteam|p2|Talonflame||Charcoal|GaleWings|Tailwind,Protect,BraveBird,FlareBlitz|Jolly||M|||50|]Metagross||SilkScarf|ClearBody|Protect,MeteorMash,Explosion,PsychicFangs|Adamant|||||50|]Kingambit||BlackGlasses|Defiant|SuckerPunch,Protect,KowtowCleave,IronHead|Adamant||F|||50|]Grimmsnarl||LightClay|Prankster|Reflect,LightScreen,SpiritBreak,Taunt|Careful||M|||50|]Charizard||CharizarditeY|Blaze|HeatWave,Protect,SolarBeam,DragonPulse|Modest||M|||50|]Excadrill||LifeOrb|MoldBreaker|Protect,RockSlide,Earthquake,IronHead|Jolly||M|||50|
|inactive|Battle timer is ON: inactive players will automatically lose when time's up. (requested by amwaquatic)
|
|t:|1782178236
|teamsize|p1|4
|teamsize|p2|4
|start
|switch|p1a: Pelipper|Pelipper, L50, M|100/100
|switch|p1b: Archaludon|Archaludon, L50, M|100/100
|switch|p2a: Talonflame|Talonflame, L50, M|100/100
|switch|p2b: Metagross|Metagross, L50|100/100
|-weather|RainDance|[from] ability: Drizzle|[of] p1a: Pelipper
|turn|1
|
|t:|1782178251
|move|p2a: Talonflame|Tailwind|p2a: Talonflame
|-sidestart|p2: amwaquatic|move: Tailwind
|move|p2b: Metagross|Explosion|p1b: Archaludon|[spread] p2a,p1a,p1b
|-resisted|p1b: Archaludon|1
|-damage|p2a: Talonflame|0 fnt
|-damage|p1a: Pelipper|32/100
|-damage|p1b: Archaludon|59/100
|-ability|p1b: Archaludon|Stamina|boost
|-boost|p1b: Archaludon|def|1
|faint|p2b: Metagross
|faint|p2a: Talonflame
|move|p1b: Archaludon|Electro Shot||[still]
|-prepare|p1b: Archaludon|Electro Shot
|-boost|p1b: Archaludon|spa|1
|-anim|p1b: Archaludon|Electro Shot|p2: Talonflame|[notarget]
|-fail|p1b: Archaludon
|move|p1a: Pelipper|Weather Ball|p2: Talonflame|[notarget]
|-fail|p1a: Pelipper
|
|-weather|RainDance|[upkeep]
|upkeep
|j| tedidn
|
|t:|1782178264
|switch|p2a: Charizard|Charizard, L50, M|100/100
|switch|p2b: Excadrill|Excadrill, L50, M|100/100
|-ability|p2b: Excadrill|Mold Breaker
|turn|2
|
|t:|1782178278
|detailschange|p2a: Charizard|Charizard-Mega-Y, L50, M
|-mega|p2a: Charizard|Charizard|Charizardite Y
|-weather|SunnyDay|[from] ability: Drought|[of] p2a: Charizard
|move|p1b: Archaludon|Protect|p1b: Archaludon
|-singleturn|p1b: Archaludon|Protect
|move|p2b: Excadrill|Rock Slide|p1b: Archaludon|[spread] p1a
|-activate|p1b: Archaludon|move: Protect
|-supereffective|p1a: Pelipper|1
|-damage|p1a: Pelipper|0 fnt
|faint|p1a: Pelipper
|-damage|p2b: Excadrill|90/100|[from] item: Life Orb
|move|p2a: Charizard|Heat Wave|p1b: Archaludon
|-activate|p1b: Archaludon|move: Protect
|
|-weather|SunnyDay|[upkeep]
|upkeep
|
|t:|1782178287
|switch|p1a: Staraptor|Staraptor, L50, M|100/100
|-ability|p1a: Staraptor|Intimidate|boost
|-unboost|p2a: Charizard|atk|1
|-unboost|p2b: Excadrill|atk|1
|turn|3
|
|t:|1782178298
|detailschange|p1a: Staraptor|Staraptor-Mega, L50, M
|-mega|p1a: Staraptor|Staraptor|Staraptite
|move|p2b: Excadrill|Rock Slide|p1a: Staraptor|[spread] p1a,p1b
|-resisted|p1b: Archaludon|1
|-damage|p1a: Staraptor|80/100
|-damage|p1b: Archaludon|54/100
|-ability|p1b: Archaludon|Stamina|boost
|-boost|p1b: Archaludon|def|1
|-damage|p2b: Excadrill|80/100|[from] item: Life Orb
|move|p2a: Charizard|Heat Wave|p1a: Staraptor|[spread] p1a,p1b
|-damage|p1a: Staraptor|0 fnt
|-damage|p1b: Archaludon|0 fnt
|faint|p1a: Staraptor
|faint|p1b: Archaludon
|
|-weather|SunnyDay|[upkeep]
|upkeep
|-message|Ch2.0 forfeited.
|
|win|amwaquatic
