|j|☆ddojemane47
|j|☆noahguyvgc
|html|ddojemane47noahguyvgc    
|uhtml|bestof|Game 1 of a best-of-3
|t:|1757679737
|gametype|doubles
|player|p1|ddojemane47|266|1192
|player|p2|noahguyvgc|roxie|1349
|gen|9
|tier|[Gen 9] VGC 2025 Reg H (Bo3)
|rated|
|rule|Species Clause: Limit one of each Pokémon
|rule|Item Clause: Limit 1 of each item
|clearpoke
|poke|p1|Dragonite, L50, M|
|poke|p1|Gholdengo, L50|
|poke|p1|Ursaluna-Bloodmoon, L50, M|
|poke|p1|Annihilape, L50, M|
|poke|p1|Maushold-Four, L50|
|poke|p1|Rillaboom, L50, F|
|poke|p2|Chandelure, L50, M|
|poke|p2|Indeedee-F, L50, F|
|poke|p2|Torkoal, L50, F|
|poke|p2|Farigiraf, L50, F|
|poke|p2|Decidueye-Hisui, L50, M|
|poke|p2|Maushold-Four, L50|
|teampreview|4
|showteam|p1|Dragonite||LoadedDice|Multiscale|ScaleShot,Tailwind,Haze,Protect|||M|||50|,,,,,Fairy]Gholdengo||LifeOrb|GoodasGold|MakeItRain,ShadowBall,NastyPlot,Protect||||||50|,,,,,Water]Ursaluna-Bloodmoon||AssaultVest|MindsEye|BloodMoon,EarthPower,HyperVoice,VacuumWave|||M|||50|,,,,,Water]Annihilape||SitrusBerry|Defiant|DrainPunch,RageFist,BulkUp,Protect|||M|||50|,,,,,Fire]Maushold-Four||FocusSash|FriendGuard|SuperFang,BeatUp,FollowMe,Protect||||||50|,,,,,Ghost]Rillaboom||MiracleSeed|GrassySurge|WoodHammer,GrassyGlide,HighHorsepower,FakeOut|||F|||50|,,,,,Fire
|showteam|p2|Chandelure||LifeOrb|FlashFire|HeatWave,ShadowBall,EnergyBall,TrickRoom|||M|||50|,,,,,Grass]Indeedee-F||RockyHelmet|PsychicSurge|Psychic,FollowMe,HelpingHand,TrickRoom|||F|||50|,,,,,Grass]Torkoal||ChoiceSpecs|Drought|Eruption,HeatWave,EarthPower,WeatherBall|||F|||50|,,,,,Fire]Farigiraf||ThroatSpray|ArmorTail|Protect,TrickRoom,HyperVoice,ExpandingForce|||F|||50|,,,,,Water]Decidueye-Hisui||RazorClaw|Scrappy|TripleArrows,LeafBlade,Haze,Protect|||M|||50|,,,,,Water]Maushold-Four||WideLens|Technician|PopulationBomb,Taunt,Protect,FollowMe||||||50|,,,,,Ghost
|inactive|Battle timer is ON: inactive players will automatically lose when time's up. (requested by noahguyvgc)
|inactive|ddojemane47 has 60 seconds left.
|inactive|noahguyvgc has 60 seconds left.
|
|t:|1757679782
|teamsize|p1|4
|teamsize|p2|4
|start
|switch|p1a: Ursaluna|Ursaluna-Bloodmoon, L50, M|100/100
|switch|p1b: Maushold|Maushold-Four, L50|100/100
|switch|p2a: Calypso|Farigiraf, L50, F, shiny|100/100
|switch|p2b: Chandelure|Chandelure, L50, M, shiny|100/100
|turn|1
|inactive|ddojemane47 has 30 seconds left.
|
|t:|1757679813
|move|p1b: Maushold|Super Fang|p2a: Calypso
|-damage|p2a: Calypso|50/100
|move|p2b: Chandelure|Energy Ball|p1a: Ursaluna
|-supereffective|p1a: Ursaluna
|-damage|p1a: Ursaluna|51/100
|-damage|p2b: Chandelure|91/100|[from] item: Life Orb
|move|p1a: Ursaluna|Blood Moon|p2b: Chandelure
|-damage|p2b: Chandelure|0 fnt
|faint|p2b: Chandelure
|move|p2a: Calypso|Trick Room|p2a: Calypso
|-fieldstart|move: Trick Room|[of] p2a: Calypso
|
|upkeep
|
|t:|1757679823
|switch|p2b: Torkoal|Torkoal, L50, F|100/100
|-weather|SunnyDay|[from] ability: Drought|[of] p2b: Torkoal
|turn|2
|inactive|ddojemane47 has 30 seconds left.
|inactive|ddojemane47 has 20 seconds left.
|inactive|ddojemane47 has 15 seconds left.
|inactive|ddojemane47 has 10 seconds left.
|
|t:|1757679868
|-terastallize|p2b: Torkoal|Fire
|-terastallize|p1b: Maushold|Ghost
|move|p2b: Torkoal|Eruption|p1b: Maushold|[spread] p1a,p1b
|-damage|p1a: Ursaluna|0 fnt
|-enditem|p1b: Maushold|Focus Sash
|-damage|p1b: Maushold|1/100
|faint|p1a: Ursaluna
|move|p2a: Calypso|Hyper Voice|p1b: Maushold
|-immune|p1b: Maushold
|move|p1b: Maushold|Super Fang|p2b: Torkoal
|-damage|p2b: Torkoal|51/100
|
|-weather|SunnyDay|[upkeep]
|upkeep
|inactive|ddojemane47 has 30 seconds left.
|
|t:|1757679897
|switch|p1a: Gholdengo|Gholdengo, L50|100/100
|turn|3
|inactive|ddojemane47 has 30 seconds left.
|
|t:|1757679923
|switch|p2a: Decidueye|Decidueye-Hisui, L50, M|100/100
|move|p1b: Maushold|Protect|p1b: Maushold
|-singleturn|p1b: Maushold|Protect
|move|p2b: Torkoal|Eruption|p1a: Gholdengo|[spread] p1a
|-activate|p1b: Maushold|move: Protect
|-supereffective|p1a: Gholdengo
|-damage|p1a: Gholdengo|0 fnt
|faint|p1a: Gholdengo
|
|-weather|SunnyDay|[upkeep]
|upkeep
|
|t:|1757679935
|switch|p1a: Rillaboom|Rillaboom, L50, F|100/100
|-fieldstart|move: Grassy Terrain|[from] ability: Grassy Surge|[of] p1a: Rillaboom
|turn|4
|-message|ddojemane47 forfeited.
|
|win|noahguyvgc
|l|☆ddojemane47
|player|p1|
||noahguyvgc is ready for game 2.
||ddojemane47 is ready for game 2.
|uhtml|next|Next: Game 2 of 3
