|j|☆Siegfried_TV
|j|☆MudkipIsGreat
|html|Siegfried_TVMudkipIsGreat    
|uhtml|bestof|Game 1 of a best-of-3
|t:|1757243278
|gametype|doubles
|player|p1|Siegfried_TV|lance|1052
|player|p2|MudkipIsGreat|1|1046
|gen|9
|tier|[Gen 9] VGC 2025 Reg H (Bo3)
|rated|
|rule|Species Clause: Limit one of each Pokémon
|rule|Item Clause: Limit 1 of each item
|clearpoke
|poke|p1|Indeedee-F, L50, F|
|poke|p1|Hatterene, L50, F|
|poke|p1|Gallade, L50, M|
|poke|p1|Ursaluna, L50, M|
|poke|p1|Lilligant-Hisui, L50, F|
|poke|p1|Torkoal, L50, M|
|poke|p2|Ninetales-Alola, L50, M|
|poke|p2|Dragapult, L50, F|
|poke|p2|Sneasler, L50, F|
|poke|p2|Kingambit, L50, F|
|poke|p2|Magmar, L50, M|
|poke|p2|Rillaboom, L50, F|
|teampreview|4
|showteam|p1|Indeedee-F||PsychicSeed|PsychicSurge|TrickRoom,FollowMe,HelpingHand,DazzlingGleam|||F|||50|,,,,,Fire]Hatterene||LifeOrb|MagicBounce|ExpandingForce,TrickRoom,DazzlingGleam,Protect|||F|||50|,,,,,Psychic]Gallade||ClearAmulet|Sharpness|PsychoCut,TrickRoom,SacredSword,WideGuard|||M|||50|,,,,,Grass]Ursaluna||FlameOrb|Guts|HeadlongRush,Facade,SwordsDance,Protect|||M|||50|,,,,,Ghost]Lilligant-Hisui||FocusSash|Chlorophyll|SolarBlade,SleepPowder,CloseCombat,AfterYou|||F|||50|,,,,,Ghost]Torkoal||ChoiceSpecs|Drought|Eruption,HeatWave,WeatherBall,EarthPower|||M|||50|,,,,,Fire
|showteam|p2|Ninetales-Alola||ChoiceSpecs|SnowWarning|Blizzard,Moonblast,FreezeDry,IcyWind|||M|||50|,,,,,Water]Dragapult||ChoiceBand|ClearBody|DragonDarts,Outrage,PhantomForce,Uturn|||F|||50|,,,,,Dragon]Sneasler||FocusSash|Unburden|FakeOut,DireClaw,CloseCombat,Protect|||F|||50|,,,,,Stellar]Kingambit||BlackGlasses|Defiant|KowtowCleave,SuckerPunch,SwordsDance,Protect|||F|||50|,,,,,Dark]Magmar||Eviolite|FlameBody|Overheat,WillOWisp,FollowMe,Protect|||M|||50|,,,,,Ghost]Rillaboom||AssaultVest|GrassySurge|FakeOut,GrassyGlide,WoodHammer,Uturn|||F|||50|,,,,,Fire
|
|t:|1757243327
|teamsize|p1|4
|teamsize|p2|4
|start
|switch|p1a: MOIN|Indeedee-F, L50, F, shiny|100/100
|switch|p1b: Was|Gallade, L50, M, shiny|100/100
|switch|p2a: Ninetales|Ninetales-Alola, L50, M|100/100
|switch|p2b: Kingambit|Kingambit, L50, F|100/100
|-weather|Snowscape|[from] ability: Snow Warning|[of] p2a: Ninetales
|-fieldstart|move: Psychic Terrain|[from] ability: Psychic Surge|[of] p1a: MOIN
|-enditem|p1a: MOIN|Psychic Seed
|-boost|p1a: MOIN|spd|1|[from] item: Psychic Seed
|turn|1
|
|t:|1757243361
|move|p2a: Ninetales|Moonblast|p1b: Was
|-supereffective|p1b: Was
|-crit|p1b: Was
|-damage|p1b: Was|0 fnt
|faint|p1b: Was
|move|p2b: Kingambit|Kowtow Cleave|p1a: MOIN
|-supereffective|p1a: MOIN
|-damage|p1a: MOIN|0 fnt
|faint|p1a: MOIN
|
|-weather|Snowscape|[upkeep]
|upkeep
|-message|Siegfried_TV forfeited.
|
|win|MudkipIsGreat
|l|☆Siegfried_TV
|player|p1|
||Siegfried_TV is ready for game 2.
||MudkipIsGreat is ready for game 2.
|uhtml|next|Next: Game 2 of 3
|j| GriffonDex
|l| GriffonDex
|l|☆MudkipIsGreat
|player|p2|
|j|☆Siegfried_TV
|player|p1|Siegfried_TV|lance|
