|j|☆CavaliereIsSoPeak
|j|☆dont make me walk
|html|CavaliereIsSoPeakdont make me walk    
|uhtml|bestof|Game 3 of a best-of-3
|t:|1756901194
|gametype|doubles
|player|p1|CavaliereIsSoPeak|gambler|1435
|player|p2|dont make me walk|red-masters3|1385
|gen|9
|tier|[Gen 9] VGC 2025 Reg H (Bo3)
|rated|
|rule|Species Clause: Limit one of each Pokémon
|rule|Item Clause: Limit 1 of each item
|clearpoke
|poke|p1|Volcarona, L50, M|
|poke|p1|Basculegion, L50, M|
|poke|p1|Sneasler, L50, F|
|poke|p1|Dragonite, L50, M|
|poke|p1|Ursaluna-Bloodmoon, L50, M|
|poke|p1|Whimsicott, L50, F|
|poke|p2|Ursaluna-Bloodmoon, L50, M|
|poke|p2|Indeedee, L50, M|
|poke|p2|Sneasler, L50, M|
|poke|p2|Incineroar, L50, F|
|poke|p2|Talonflame, L50, M|
|poke|p2|Garchomp, L50, M|
|teampreview|4
|showteam|p1|Volcarona||SitrusBerry|FlameBody|HeatWave,TeraBlast,QuiverDance,Protect|||M|||50|,,,,,Fairy]Basculegion||ChoiceScarf|Adaptability|WaveCrash,FlipTurn,AquaJet,LastRespects|||M|||50|,,,,,Water]Sneasler||FocusSash|Unburden|DireClaw,CloseCombat,ThroatChop,Protect|||F|||50|,,,,,Dark]Dragonite||LoadedDice|Multiscale|ScaleShot,ExtremeSpeed,Haze,Protect|||M|||50|,,,,,Steel]Ursaluna-Bloodmoon||LifeOrb|MindsEye|BloodMoon,HyperVoice,EarthPower,Protect|||M|||50|,,,,,Normal]Whimsicott||CovertCloak|Prankster|Moonblast,Tailwind,Encore,Taunt|||F|||50|,,,,,Poison
|showteam|p2|Ursaluna-Bloodmoon||LifeOrb|MindsEye|Protect,EarthPower,HyperVoice,BloodMoon|||M|||50|,,,,,Normal]Indeedee||FocusSash|PsychicSurge|ExpandingForce,Protect,TrickRoom,Imprison|||M|||50|,,,,,Psychic]Sneasler||PsychicSeed|Unburden|DireClaw,CloseCombat,ThroatChop,Protect|||M|||50|,,,,,Dark]Incineroar||SafetyGoggles|Intimidate|FakeOut,KnockOff,FlareBlitz,PartingShot|||F|||50|,,,,,Ghost]Talonflame||CovertCloak|GaleWings|FlareBlitz,DualWingbeat,WillOWisp,Tailwind|||M|||50|,,,,,Fairy]Garchomp||ClearAmulet|RoughSkin|Earthquake,StompingTantrum,DragonClaw,Protect|||M|||50|,,,,,Fairy
|inactive|Battle timer is ON: inactive players will automatically lose when time's up. (requested by dont make me walk)
|
|t:|1756901212
|teamsize|p1|4
|teamsize|p2|4
|start
|switch|p1a: Ventus|Dragonite, L50, M|100/100
|switch|p1b: Mary|Whimsicott, L50, F|100/100
|switch|p2a: Sneasler|Sneasler, L50, M|100/100
|switch|p2b: Indeedee|Indeedee, L50, M|100/100
|-fieldstart|move: Psychic Terrain|[from] ability: Psychic Surge|[of] p2b: Indeedee
|-enditem|p2a: Sneasler|Psychic Seed
|-boost|p2a: Sneasler|spd|1|[from] item: Psychic Seed
|turn|1
|
|t:|1756901234
|-terastallize|p1a: Ventus|Steel
|move|p1b: Mary|Tailwind|p1b: Mary
|-sidestart|p1: CavaliereIsSoPeak|move: Tailwind
|move|p2a: Sneasler|Dire Claw|p1b: Mary
|-supereffective|p1b: Mary
|-crit|p1b: Mary
|-damage|p1b: Mary|0 fnt
|faint|p1b: Mary
|move|p1a: Ventus|Scale Shot|p2a: Sneasler
|-damage|p2a: Sneasler|73/100
|-damage|p2a: Sneasler|46/100
|-damage|p2a: Sneasler|20/100
|-damage|p2a: Sneasler|0 fnt
|faint|p2a: Sneasler
|-hitcount|p2: Sneasler|4
|-unboost|p1a: Ventus|def|1
|-boost|p1a: Ventus|spe|1
|move|p2b: Indeedee|Expanding Force|p1a: Ventus
|-resisted|p1a: Ventus
|-damage|p1a: Ventus|83/100
|
|upkeep
|
|t:|1756901247
|switch|p2a: Talonflame|Talonflame, L50, M|100/100
|switch|p1b: Aqua|Basculegion, L50, M|100/100
|turn|2
|
|t:|1756901258
|move|p1b: Aqua|Wave Crash|p2a: Talonflame
|-supereffective|p2a: Talonflame
|-damage|p2a: Talonflame|0 fnt
|faint|p2a: Talonflame
|-damage|p1b: Aqua|70/100|[from] Recoil
|move|p1a: Ventus|Scale Shot|p2b: Indeedee
|-damage|p2b: Indeedee|71/100
|-damage|p2b: Indeedee|39/100
|-damage|p2b: Indeedee|9/100
|-damage|p2b: Indeedee|0 fnt
|faint|p2b: Indeedee
|-hitcount|p2: Indeedee|4
|-unboost|p1a: Ventus|def|1
|-boost|p1a: Ventus|spe|1
|
|upkeep
|-message|dont make me walk forfeited.
|
|win|CavaliereIsSoPeak
|raw|CavaliereIsSoPeak's rating: 1435 → 1452(+17 for winning)
|raw|dont make me walk's rating: 1385 → 1368(-17 for losing)
|l|☆CavaliereIsSoPeak
|player|p1|
