|j|☆SeymoursLeftToeVGC
|j|☆derekingf
|html|SeymoursLeftToeVGCderekingf    
|uhtml|bestof|Game 2 of a best-of-3
|t:|1783292670
|gametype|doubles
|player|p1|SeymoursLeftToeVGC|ninjaboy|1155
|player|p2|derekingf|265|1236
|gen|9
|tier|[Gen 9 Champions] VGC 2026 Reg M-B (Bo3)
|rated|
|rule|Species Clause: Limit one of each Pokémon
|rule|Item Clause: Limit 1 of each item
|clearpoke
|poke|p1|Tyranitar, L50, M, shiny|
|poke|p1|Excadrill, L50, F, shiny|
|poke|p1|Kangaskhan, L50, F, shiny|
|poke|p1|Tsareena, L50, F, shiny|
|poke|p1|Clefable, L50, M, shiny|
|poke|p1|Talonflame, L50, M, shiny|
|poke|p2|Charizard, L50, F, shiny|
|poke|p2|Whimsicott, L50, M|
|poke|p2|Sylveon, L50, M, shiny|
|poke|p2|Garchomp, L50, F, shiny|
|poke|p2|Kingambit, L50, F|
|poke|p2|Basculegion, L50, M|
|teampreview|4
|showteam|p1|Tyranitar||Tyranitarite|SandStream|RockSlide,Protect,DragonDance,KnockOff|Adamant||M|||50|]Excadrill||FocusSash|SandRush|Earthquake,IronHead,Protect,HighHorsepower|Adamant||F|||50|]Kangaskhan||Kangaskhanite|Scrappy|FakeOut,LastResort|Adamant||F|||50|]Tsareena||LifeOrb|QueenlyMajesty|LowKick,Protect,TropKick,Uturn|Adamant||F|||50|]Clefable||SitrusBerry|Unaware|FollowMe,IceBeam,Protect,HelpingHand|Modest||M|||50|]Talonflame||SharpBeak|GaleWings|DualWingbeat,Tailwind,Protect,Taunt|Adamant||M|||50|
|showteam|p2|Charizard||CharizarditeY|Blaze|HeatWave,SolarBeam,FocusBlast,Protect|Modest||F|||50|]Whimsicott||FocusSash|Prankster|Moonblast,Tailwind,TrickRoom,Encore|Timid||M|||50|]Sylveon||FairyFeather|Pixilate|HyperVoice,HyperBeam,QuickAttack,Protect|Modest||M|||50|]Garchomp||LifeOrb|RoughSkin|Earthquake,DragonClaw,StoneEdge,Protect|Jolly||F|||50|]Kingambit||BlackGlasses|Defiant|KowtowCleave,SuckerPunch,IronHead,Protect|Brave||F|||50|]Basculegion||ChoiceScarf|Adaptability|WaveCrash,AquaJet,LastRespects,FlipTurn|Jolly||M|||50|
|inactive|Battle timer is ON: inactive players will automatically lose when time's up. (requested by SeymoursLeftToeVGC)
|inactive|derekingf has 60 seconds left.
|
|t:|1783292702
|teamsize|p1|4
|teamsize|p2|4
|start
|switch|p1a: Tyranitar|Tyranitar, L50, M, shiny|100/100
|switch|p1b: Clefable|Clefable, L50, M, shiny|100/100
|switch|p2a: Charizard|Charizard, L50, F, shiny|100/100
|switch|p2b: Garchomp|Garchomp, L50, F, shiny|100/100
|-weather|Sandstorm|[from] ability: Sand Stream|[of] p1a: Tyranitar
|turn|1
|
|t:|1783292719
|switch|p2b: Sylveon|Sylveon, L50, M, shiny|100/100
|switch|p2a: Basculegion|Basculegion, L50, M|100/100
|detailschange|p1a: Tyranitar|Tyranitar-Mega, L50, M, shiny
|-mega|p1a: Tyranitar|Tyranitar|Tyranitarite
|move|p1a: Tyranitar|Rock Slide|p2b: Sylveon|[spread] p2a,p2b
|-damage|p2a: Basculegion|58/100
|-damage|p2b: Sylveon|59/100
|move|p1b: Clefable|Ice Beam|p2b: Sylveon
|-damage|p2b: Sylveon|39/100
|-status|p2b: Sylveon|frz
|
|-weather|Sandstorm|[upkeep]
|-damage|p2a: Basculegion|52/100|[from] Sandstorm
|-damage|p2b: Sylveon|33/100 frz|[from] Sandstorm
|-damage|p1b: Clefable|94/100|[from] Sandstorm
|upkeep
|turn|2
|c|☆derekingf|Nah bro
|inactive|derekingf has 30 seconds left.
|c|☆SeymoursLeftToeVGC|sorry bruh
|
|t:|1783292751
|move|p1b: Clefable|Follow Me|p1b: Clefable
|-singleturn|p1b: Clefable|move: Follow Me
|move|p2a: Basculegion|Wave Crash|p1b: Clefable
|-damage|p1b: Clefable|15/100
|-enditem|p1b: Clefable|Sitrus Berry|[eat]
|-heal|p1b: Clefable|40/100|[from] item: Sitrus Berry
|-damage|p2a: Basculegion|25/100|[from] Recoil
|move|p1a: Tyranitar|Dragon Dance|p1a: Tyranitar
|-boost|p1a: Tyranitar|atk|1
|-boost|p1a: Tyranitar|spe|1
|cant|p2b: Sylveon|frz
|
|-weather|Sandstorm|[upkeep]
|-damage|p2a: Basculegion|19/100|[from] Sandstorm
|-damage|p2b: Sylveon|27/100 frz|[from] Sandstorm
|-damage|p1b: Clefable|34/100|[from] Sandstorm
|upkeep
|turn|3
|c|☆SeymoursLeftToeVGC|if it makes u feel better ive missed four high horsepower in the last 5 sets
|
|t:|1783292770
|move|p1b: Clefable|Helping Hand|p1a: Tyranitar
|-singleturn|p1a: Tyranitar|Helping Hand|[of] p1b: Clefable
|move|p2a: Basculegion|Wave Crash|p1a: Tyranitar
|-supereffective|p1a: Tyranitar|1
|-damage|p1a: Tyranitar|7/100
|-damage|p2a: Basculegion|0 fnt|[from] Recoil
|faint|p2a: Basculegion
|move|p1a: Tyranitar|Rock Slide|p2b: Sylveon
|-damage|p2b: Sylveon|0 fnt
|faint|p2b: Sylveon
|
|-weather|Sandstorm|[upkeep]
|-damage|p1b: Clefable|28/100|[from] Sandstorm
|upkeep
|
|t:|1783292782
|switch|p2a: Charizard|Charizard, L50, F, shiny|100/100
|switch|p2b: Garchomp|Garchomp, L50, F, shiny|100/100
|turn|4
|
|t:|1783292790
|detailschange|p2a: Charizard|Charizard-Mega-Y, L50, F, shiny
|-mega|p2a: Charizard|Charizard|Charizardite Y
|-weather|SunnyDay|[from] ability: Drought|[of] p2a: Charizard
|move|p1a: Tyranitar|Protect|p1a: Tyranitar
|-singleturn|p1a: Tyranitar|Protect
|move|p2a: Charizard|Protect|p2a: Charizard
|-singleturn|p2a: Charizard|Protect
|move|p2b: Garchomp|Earthquake|p1a: Tyranitar|[spread] p1b
|-activate|p2a: Charizard|move: Protect
|-activate|p1a: Tyranitar|move: Protect
|-damage|p1b: Clefable|0 fnt
|faint|p1b: Clefable
|-damage|p2b: Garchomp|90/100|[from] item: Life Orb
|
|-weather|SunnyDay|[upkeep]
|upkeep
|
|t:|1783292807
|switch|p1b: Tsareena|Tsareena, L50, F, shiny|100/100
|turn|5
|
|t:|1783292814
|move|p2b: Garchomp|Earthquake|p1a: Tyranitar|[spread] p1a,p1b
|-immune|p2a: Charizard
|-supereffective|p1a: Tyranitar|1
|-resisted|p1b: Tsareena|1
|-damage|p1a: Tyranitar|0 fnt
|-damage|p1b: Tsareena|72/100
|faint|p1a: Tyranitar
|-damage|p2b: Garchomp|80/100|[from] item: Life Orb
|move|p2a: Charizard|Heat Wave|p1b: Tsareena
|-supereffective|p1b: Tsareena|1
|-damage|p1b: Tsareena|0 fnt
|faint|p1b: Tsareena
|
|-weather|SunnyDay|[upkeep]
|upkeep
|
|t:|1783292826
|switch|p1b: Talonflame|Talonflame, L50, M, shiny|100/100
|turn|6
|
|t:|1783292833
|move|p1b: Talonflame|Dual Wingbeat|p2b: Garchomp
|-damage|p2b: Garchomp|64/100
|-damage|p1b: Talonflame|87/100|[from] ability: Rough Skin|[of] p2b: Garchomp
|-damage|p2b: Garchomp|48/100
|-damage|p1b: Talonflame|75/100|[from] ability: Rough Skin|[of] p2b: Garchomp
|-hitcount|p2b: Garchomp|2
|move|p2b: Garchomp|Stone Edge|p1b: Talonflame
|-supereffective|p1b: Talonflame|2
|-damage|p1b: Talonflame|0 fnt
|faint|p1b: Talonflame
|-damage|p2b: Garchomp|38/100|[from] item: Life Orb
|
|win|derekingf
