|j|ŌśåRokketRonnie
|j|Ōśågloomdrools
|html|RokketRonniegloomdrools    
|uhtml|bestof|Game 1 of a best-of-3
|t:|1783988005
|gametype|doubles
|player|p1|RokketRonnie|steven|
|player|p2|gloomdrools|depotagent|
|gen|9
|tier|[Gen 9 Champions] VGC 2026 Reg M-B (Bo3)
|rule|Species Clause: Limit one of each Pok├®mon
|rule|Item Clause: Limit 1 of each item
|clearpoke
|poke|p1|Rotom-Heat, L50|
|poke|p1|Sceptile, L50, M, shiny|
|poke|p1|Basculegion, L50, M|
|poke|p1|Grimmsnarl, L50, M|
|poke|p1|Heracross, L50, F|
|poke|p1|Gliscor, L50, M, shiny|
|poke|p2|Incineroar, L50, M|
|poke|p2|Sableye, L50, M|
|poke|p2|Venusaur, L50, M|
|poke|p2|Milotic, L50, F|
|poke|p2|Chandelure, L50, F|
|poke|p2|Wyrdeer, L50, M, shiny|
|teampreview|4
|showteam|p1|Rotom-Heat||ChoiceScarf|Levitate|Electroweb,Discharge,Overheat,Trick|Timid|||||50|]Sceptile||Sceptilite|Overgrow|EarthPower,GrassKnot,DragonPulse,Protect|Modest||M|||50|]Basculegion||SitrusBerry|Adaptability|WaveCrash,LastRespects,AquaJet,Protect|Adamant||M|||50|]Grimmsnarl||BlackGlasses|Prankster|SuckerPunch,Reflect,LightScreen,PartingShot|Adamant||M|||50|]Heracross||OccaBerry|Guts|CloseCombat,Coaching,Detect,HelpingHand|Careful||F|||50|]Gliscor||LifeOrb|HyperCutter|Tailwind,Protect,DualWingbeat,Earthquake|Adamant||M|||50|
|showteam|p2|Incineroar||LifeOrb|Intimidate|FakeOut,FlareBlitz,DarkestLariat,PartingShot|Careful||M|||50|]Sableye||FocusSash|Prankster|WillOWisp,SunnyDay,Encore,Quash|Impish||M|||50|]Venusaur||Venusaurite|Chlorophyll|SleepPowder,EarthPower,SludgeBomb,Protect|Modest||M|||50|]Milotic||RindoBerry|CuteCharm|IceBeam,HelpingHand,Hypnosis,Scald|Sassy||F|||50|]Chandelure||Chandelurite|FlashFire|TrickRoom,HeatWave,ShadowBall,Protect|Sassy||F|||50|]Wyrdeer||ColburBerry|Intimidate|TrickRoom,Gravity,Hypnosis,PsyshieldBash|Sassy||M|||50|
|c|Ōśågloomdrools|There's no timer right?
|c|ŌśåRokketRonnie|no
|c|Ōśågloomdrools|okie
|c|Ōśågloomdrools|:3
|c|ŌśåRokketRonnie|no looking at open teamsheets
|c|Ōśågloomdrools|la la la la la
|c|ŌśåRokketRonnie|~mutt
|c|ŌśåRokketRonnie|la la la
|
|t:|1783988145
|teamsize|p1|4
|teamsize|p2|4
|start
|switch|p1a: Gliscor|Gliscor, L50, M, shiny|100/100
|switch|p1b: EZ Bake|Rotom-Heat, L50|100/100
|switch|p2a: Incinewhar|Incineroar, L50, M|100/100
|switch|p2b: Gemlin|Sableye, L50, M|100/100
|-ability|p2a: Incinewhar|Intimidate|boost
|-fail|p1a: Gliscor|unboost|Attack|[from] ability: Hyper Cutter|[of] p1a: Gliscor
|-unboost|p1b: EZ Bake|atk|1
|turn|1
|
|t:|1783988226
|switch|p2a: Venuswhar|Venusaur, L50, M|100/100
|move|p2b: Gemlin|Will-O-Wisp|p1a: Gliscor
|-status|p1a: Gliscor|brn
|move|p1b: EZ Bake|Discharge|p2a: Venuswhar|[spread] p2a,p2b
|-immune|p1a: Gliscor
|-resisted|p2a: Venuswhar|1
|-damage|p2a: Venuswhar|87/100
|-damage|p2b: Gemlin|59/100
|move|p1a: Gliscor|Earthquake|p2b: Gemlin|[spread] p2a,p2b
|-immune|p1b: EZ Bake|[from] ability: Levitate
|-damage|p2a: Venuswhar|64/100
|-damage|p2b: Gemlin|38/100
|-damage|p1a: Gliscor|90/100 brn|[from] item: Life Orb
|
|-damage|p1a: Gliscor|84/100 brn|[from] brn
|upkeep
|turn|2
|
|t:|1783988373
|detailschange|p2a: Venuswhar|Venusaur-Mega, L50, M
|-mega|p2a: Venuswhar|Venusaur|Venusaurite
|move|p2b: Gemlin|Encore|p1a: Gliscor
|-start|p1a: Gliscor|Encore
|move|p1b: EZ Bake|Discharge|p2b: Gemlin|[spread] p2a,p2b
|-immune|p1a: Gliscor
|-resisted|p2a: Venuswhar|1
|-damage|p2a: Venuswhar|54/100
|-damage|p2b: Gemlin|0 fnt
|faint|p2b: Gemlin
|move|p1a: Gliscor|Earthquake|p2a: Venuswhar|[spread] p2a
|-immune|p1b: EZ Bake|[from] ability: Levitate
|-damage|p2a: Venuswhar|35/100
|-damage|p1a: Gliscor|74/100 brn|[from] item: Life Orb
|move|p2a: Venuswhar|Sludge Bomb|p1b: EZ Bake
|-damage|p1b: EZ Bake|40/100
|
|-damage|p1a: Gliscor|68/100 brn|[from] brn
|upkeep
|
|t:|1783988395
|switch|p2b: Long Fih|Milotic, L50, F|100/100
|turn|3
|
|t:|1783988456
|switch|p1b: Poseidon|Basculegion, L50, M|100/100
|move|p1a: Gliscor|Earthquake|p2b: Long Fih|[spread] p1b,p2a,p2b
|-damage|p1b: Poseidon|75/100
|-damage|p2a: Venuswhar|16/100
|-damage|p2b: Long Fih|76/100
|-damage|p1a: Gliscor|58/100 brn|[from] item: Life Orb
|move|p2a: Venuswhar|Sleep Powder||[still]
|-fail|p2a: Venuswhar
|move|p2b: Long Fih|Scald|p1b: Poseidon
|-resisted|p1b: Poseidon|1
|-damage|p1b: Poseidon|64/100
|
|-damage|p1a: Gliscor|52/100 brn|[from] brn
|upkeep
|turn|4
|
|t:|1783988501
|switch|p2a: Incinewhar|Incineroar, L50, M|100/100
|-ability|p2a: Incinewhar|Intimidate|boost
|-fail|p1a: Gliscor|unboost|Attack|[from] ability: Hyper Cutter|[of] p1a: Gliscor
|-unboost|p1b: Poseidon|atk|1
|switch|p1b: EZ Bake|Rotom-Heat, L50|40/100
|move|p1a: Gliscor|Earthquake|p2b: Long Fih|[spread] p2a,p2b
|-immune|p1b: EZ Bake|[from] ability: Levitate
|-supereffective|p2a: Incinewhar|1
|-damage|p2a: Incinewhar|52/100
|-damage|p2b: Long Fih|54/100
|-damage|p1a: Gliscor|42/100 brn|[from] item: Life Orb
|move|p2b: Long Fih|Hypnosis|p1b: EZ Bake
|-status|p1b: EZ Bake|slp|[from] move: Hypnosis
|
|-damage|p1a: Gliscor|36/100 brn|[from] brn
|-end|p1a: Gliscor|Encore
|upkeep
|turn|5
|
|t:|1783988599
|move|p2a: Incinewhar|Fake Out|p1a: Gliscor
|-damage|p1a: Gliscor|18/100 brn
|-damage|p2a: Incinewhar|42/100|[from] item: Life Orb
|cant|p1b: EZ Bake|slp
|cant|p1a: Gliscor|flinch
|move|p2b: Long Fih|Scald|p1a: Gliscor
|-supereffective|p1a: Gliscor|1
|-damage|p1a: Gliscor|0 fnt
|faint|p1a: Gliscor
|
|upkeep
|
|t:|1783988629
|switch|p1a: Anaxagoras|Sceptile, L50, M, shiny|100/100
|turn|6
|
|t:|1783988687
|detailschange|p1a: Anaxagoras|Sceptile-Mega, L50, M, shiny
|-mega|p1a: Anaxagoras|Sceptile|Sceptilite
|-curestatus|p1b: EZ Bake|slp|[msg]
|move|p1b: EZ Bake|Discharge|p2b: Long Fih|[spread] p2a,p2b
|-ability|p1a: Anaxagoras|Lightning Rod|boost
|-boost|p1a: Anaxagoras|spa|1
|-supereffective|p2b: Long Fih|1
|-damage|p2a: Incinewhar|20/100y
|-damage|p2b: Long Fih|22/100
|-status|p2b: Long Fih|par
|move|p1a: Anaxagoras|Grass Knot|p2b: Long Fih
|-supereffective|p2b: Long Fih|1
|-enditem|p2b: Long Fih|Rindo Berry|[eat]
|-enditem|p2b: Long Fih|Rindo Berry|[weaken]
|-damage|p2b: Long Fih|0 fnt
|faint|p2b: Long Fih
|move|p2a: Incinewhar|Flare Blitz|p1a: Anaxagoras
|-damage|p1a: Anaxagoras|0 fnt
|faint|p1a: Anaxagoras
|-damage|p2a: Incinewhar|0 fnt|[from] Recoil
|faint|p2a: Incinewhar
|
|upkeep
|
|t:|1783988743
|switch|p1a: Poseidon|Basculegion, L50, M|64/100
|switch|p2b: Venuswhar|Venusaur-Mega, L50, M|16/100
|turn|7
|
|t:|1783988757
|move|p2b: Venuswhar|Protect|p2b: Venuswhar
|-singleturn|p2b: Venuswhar|Protect
|move|p1a: Poseidon|Protect|p1a: Poseidon
|-singleturn|p1a: Poseidon|Protect
|move|p1b: EZ Bake|Discharge|p2b: Venuswhar|[spread] 
|-activate|p1a: Poseidon|move: Protect
|-activate|p2b: Venuswhar|move: Protect
|
|upkeep
|turn|8
|
|t:|1783988766
|move|p2b: Venuswhar|Protect|p2b: Venuswhar
|-singleturn|p2b: Venuswhar|Protect
|move|p1a: Poseidon|Aqua Jet|p2b: Venuswhar
|-activate|p2b: Venuswhar|move: Protect
|move|p1b: EZ Bake|Discharge|p2b: Venuswhar|[spread] p1a
|-activate|p2b: Venuswhar|move: Protect
|-supereffective|p1a: Poseidon|1
|-damage|p1a: Poseidon|24/100
|-enditem|p1a: Poseidon|Sitrus Berry|[eat]
|-heal|p1a: Poseidon|49/100|[from] item: Sitrus Berry
|
|upkeep
|turn|9
|
|t:|1783988777
|move|p2b: Venuswhar|Protect||[still]
|-fail|p2b: Venuswhar
|move|p1a: Poseidon|Aqua Jet|p2b: Venuswhar
|-resisted|p2b: Venuswhar|1
|-damage|p2b: Venuswhar|7/100
|move|p1b: EZ Bake|Discharge|p2b: Venuswhar|[spread] p1a,p2b
|-supereffective|p1a: Poseidon|1
|-resisted|p2b: Venuswhar|1
|-damage|p1a: Poseidon|5/100
|-damage|p2b: Venuswhar|0 fnt
|faint|p2b: Venuswhar
|
|win|RokketRonnie
||RokketRonnie is ready for game 2.
|inactive|gloomdrools has 30 seconds to confirm battle start!
