|j|☆freudianbreath
|j|☆zpoogi
|html|freudianbreathzpoogi    
|uhtml|bestof|Game 3 of a best-of-3
|t:|1756607159
|gametype|doubles
|player|p1|freudianbreath|266|1145
|player|p2|zpoogi|az|1109
|gen|9
|tier|[Gen 9] VGC 2025 Reg H (Bo3)
|rated|
|rule|Species Clause: Limit one of each Pokémon
|rule|Item Clause: Limit 1 of each item
|clearpoke
|poke|p1|Farigiraf, L50, M|
|poke|p1|Rillaboom, L50, F|
|poke|p1|Kingambit, L50, M|
|poke|p1|Dragonite, L50, F|
|poke|p1|Incineroar, L50, M|
|poke|p1|Mismagius, L50, F|
|poke|p2|Volbeat, L50, M|
|poke|p2|Primarina, L50, F|
|poke|p2|Espathra, L50, M|
|poke|p2|Typhlosion-Hisui, L50, F|
|poke|p2|Indeedee-F, L50, F|
|poke|p2|Archaludon, L50, M|
|teampreview|4
|showteam|p1|Farigiraf||ThroatSpray|ArmorTail|HyperVoice,Psyshock,TrickRoom,Protect|||M|||50|,,,,,Fairy]Rillaboom||AssaultVest|GrassySurge|WoodHammer,GrassyGlide,FakeOut,HighHorsepower|||F|||50|,,,,,Fire]Kingambit||SafetyGoggles|Defiant|KowtowCleave,SuckerPunch,Protect,SwordsDance|||M|||50|,,,,,Dark]Dragonite||LoadedDice|Multiscale|Protect,ScaleShot,ExtremeSpeed,StompingTantrum|||F|||50|,,,,,Steel]Incineroar||SitrusBerry|Intimidate|FakeOut,KnockOff,FlareBlitz,WillOWisp|||M|||50|,,,,,Grass]Mismagius||ChoiceSpecs|Levitate|ShadowSneak,ShadowBall,Thunderbolt,DazzlingGleam|||F|||50|,,,,,Electric
|showteam|p2|Volbeat||CobaBerry|Prankster|Encore,SunnyDay,Tailwind,RainDance|||M|||50|,,,,,Dark]Primarina||ChoiceSpecs|LiquidVoice|HyperVoice,WeatherBall,DazzlingGleam,Moonblast|||F|||50|,,,,,Steel]Espathra||FocusSash|SpeedBoost|Protect,LuminaCrash,ExpandingForce,DazzlingGleam|||M|||50|,,,,,Psychic]Typhlosion-Hisui||Charcoal|Blaze|Eruption,Protect,ShadowBall,Flamethrower|||F|||50|,,,,,Fire]Indeedee-F||SafetyGoggles|PsychicSurge|FollowMe,HyperVoice,TrickRoom,Imprison|||F|||50|,,,,,Fairy]Archaludon||PowerHerb|Stamina|Protect,ElectroShot,AuraSphere,DragonPulse|||M|||50|,,,,,Grass
|inactive|Battle timer is ON: inactive players will automatically lose when time's up. (requested by zpoogi)
|inactive|freudianbreath has 60 seconds left.
|
|t:|1756607241
|teamsize|p1|4
|teamsize|p2|4
|start
|switch|p1a: Mismagius|Mismagius, L50, F|100/100
|switch|p1b: Incineroar|Incineroar, L50, M|100/100
|switch|p2a: Volbeat|Volbeat, L50, M|100/100
|switch|p2b: Archaludon|Archaludon, L50, M|100/100
|-ability|p1b: Incineroar|Intimidate|boost
|-unboost|p2a: Volbeat|atk|1
|-unboost|p2b: Archaludon|atk|1
|turn|1
|inactive|freudianbreath has 30 seconds left.
|inactive|zpoogi has 30 seconds left.
|inactive|freudianbreath has 20 seconds left.
|inactive|zpoogi has 20 seconds left.
|inactive|freudianbreath has 15 seconds left.
|inactive|zpoogi has 15 seconds left.
|inactive|freudianbreath has 10 seconds left.
|inactive|zpoogi has 10 seconds left.
|
|t:|1756607289
|switch|p2a: Indeedee|Indeedee-F, L50, F|100/100
|-fieldstart|move: Psychic Terrain|[from] ability: Psychic Surge|[of] p2a: Indeedee
|move|p1b: Incineroar|Fake Out|p2a: Indeedee
|-activate|p2a: Indeedee|move: Psychic Terrain
|move|p1a: Mismagius|Dazzling Gleam|p2a: Indeedee|[spread] p2a,p2b
|-damage|p2a: Indeedee|75/100
|-damage|p2b: Archaludon|60/100
|-ability|p2b: Archaludon|Stamina|boost
|-boost|p2b: Archaludon|def|1
|move|p2b: Archaludon|Electro Shot||[still]
|-prepare|p2b: Archaludon|Electro Shot
|-boost|p2b: Archaludon|spa|1
|-enditem|p2b: Archaludon|Power Herb
|-anim|p2b: Archaludon|Electro Shot|p1a: Mismagius
|-damage|p1a: Mismagius|23/100
|
|upkeep
|turn|2
|inactive|freudianbreath has 30 seconds left.
|inactive|freudianbreath has 20 seconds left.
|inactive|freudianbreath has 15 seconds left.
|inactive|freudianbreath has 10 seconds left.
|inactive|freudianbreath has 5 seconds left.
|
|t:|1756607340
|switch|p2a: Volbeat|Volbeat, L50, M|100/100
|-terastallize|p1b: Incineroar|Grass
|move|p2b: Archaludon|Protect|p2b: Archaludon
|-singleturn|p2b: Archaludon|Protect
|move|p1a: Mismagius|Dazzling Gleam|p2b: Archaludon|[spread] p2a
|-activate|p2b: Archaludon|move: Protect
|-damage|p2a: Volbeat|73/100
|move|p1b: Incineroar|Flare Blitz|p2a: Volbeat
|-supereffective|p2a: Volbeat
|-damage|p2a: Volbeat|0 fnt
|faint|p2a: Volbeat
|-damage|p1b: Incineroar|80/100|[from] Recoil
|
|upkeep
|
|t:|1756607362
|switch|p2a: Primarina|Primarina, L50, F|100/100
|turn|3
|inactive|freudianbreath has 30 seconds left.
|inactive|freudianbreath has 20 seconds left.
|inactive|freudianbreath has 15 seconds left.
|inactive|freudianbreath has 10 seconds left.
|
|t:|1756607411
|move|p1a: Mismagius|Dazzling Gleam|p2b: Archaludon|[spread] p2a,p2b
|-damage|p2a: Primarina|72/100
|-damage|p2b: Archaludon|26/100
|-ability|p2b: Archaludon|Stamina|boost
|-boost|p2b: Archaludon|def|1
|move|p2b: Archaludon|Dragon Pulse|p1b: Incineroar
|-damage|p1b: Incineroar|24/100
|-enditem|p1b: Incineroar|Sitrus Berry|[eat]
|-heal|p1b: Incineroar|49/100|[from] item: Sitrus Berry
|move|p2a: Primarina|Dazzling Gleam|p1a: Mismagius|[spread] p1a,p1b
|-damage|p1a: Mismagius|0 fnt
|-damage|p1b: Incineroar|8/100
|faint|p1a: Mismagius
|move|p1b: Incineroar|Flare Blitz|p2b: Archaludon
|-damage|p2b: Archaludon|4/100
|-ability|p2b: Archaludon|Stamina|boost
|-boost|p2b: Archaludon|def|1
|-damage|p1b: Incineroar|2/100|[from] Recoil
|
|upkeep
|inactive|freudianbreath has 30 seconds left.
|inactive|freudianbreath has 20 seconds left.
|inactive|freudianbreath has 15 seconds left.
|inactive|freudianbreath has 10 seconds left.
|
|t:|1756607461
|switch|p1a: Farigiraf|Farigiraf, L50, M|100/100
|turn|4
|inactive|freudianbreath has 30 seconds left.
|inactive|freudianbreath has 20 seconds left.
|inactive|freudianbreath has 15 seconds left.
|inactive|freudianbreath has 10 seconds left.
|j| We_Are_Toasted
|inactive|freudianbreath has 5 seconds left.
|
|t:|1756607513
|move|p2b: Archaludon|Dragon Pulse|p1a: Farigiraf
|-damage|p1a: Farigiraf|41/100
|move|p2a: Primarina|Dazzling Gleam|p1a: Farigiraf|[spread] p1a,p1b
|-damage|p1a: Farigiraf|0 fnt
|-damage|p1b: Incineroar|0 fnt
|faint|p1a: Farigiraf
|faint|p1b: Incineroar
|
|upkeep
|
|t:|1756607524
|switch|p1b: Kingambit|Kingambit, L50, M|100/100
|turn|5
|l| We_Are_Toasted
|
|t:|1756607539
|move|p1b: Kingambit|Protect|p1b: Kingambit
|-singleturn|p1b: Kingambit|Protect
|move|p2b: Archaludon|Aura Sphere|p1b: Kingambit
|-activate|p1b: Kingambit|move: Protect
|move|p2a: Primarina|Dazzling Gleam|p1b: Kingambit
|-activate|p1b: Kingambit|move: Protect
|
|-fieldend|move: Psychic Terrain
|upkeep
|turn|6
|
|t:|1756607551
|switch|p2a: Indeedee|Indeedee-F, L50, F|75/100
|-fieldstart|move: Psychic Terrain|[from] ability: Psychic Surge|[of] p2a: Indeedee
|move|p1b: Kingambit|Sucker Punch|p2b: Archaludon
|-activate|p2b: Archaludon|move: Psychic Terrain
|move|p2b: Archaludon|Aura Sphere|p1b: Kingambit
|-supereffective|p1b: Kingambit
|-damage|p1b: Kingambit|0 fnt
|faint|p1b: Kingambit
|
|win|zpoogi
|raw|freudianbreath's rating: 1145 → 1117(-28 for losing)
|raw|zpoogi's rating: 1109 → 1137(+28 for winning)
|c|☆freudianbreath|ggs
