|j|☆jeffenveneom
|j|☆BonnieSSR
|html|jeffenveneomBonnieSSR    
|uhtml|bestof|Game 1 of a best-of-3
|t:|1756471777
|gametype|doubles
|player|p1|jeffenveneom|psychic-gen4|1087
|player|p2|BonnieSSR|miku-ground|1213
|gen|9
|tier|[Gen 9] VGC 2025 Reg H (Bo3)
|rated|
|rule|Species Clause: Limit one of each Pokémon
|rule|Item Clause: Limit 1 of each item
|clearpoke
|poke|p1|Indeedee-F, L50, F|
|poke|p1|Torkoal, L50, F|
|poke|p1|Exeggutor, L50, M|
|poke|p1|Slowpoke, L50, F|
|poke|p1|Flamigo, L50, F|
|poke|p1|Ursaluna, L50, M|
|poke|p2|Tyranitar, L50, F|
|poke|p2|Amoonguss, L50, M|
|poke|p2|Kilowattrel, L50, F|
|poke|p2|Excadrill, L50, F|
|poke|p2|Kommo-o, L50, F|
|poke|p2|Incineroar, L50, M|
|teampreview|4
|showteam|p1|Indeedee-F||SafetyGoggles|PsychicSurge|FollowMe,DazzlingGleam,HelpingHand,TrickRoom|||F|||50|,,,,,Steel]Torkoal||WeaknessPolicy|Drought|WeatherBall,HeatWave,EarthPower,Protect|||F|||50|,,,,,Fire]Exeggutor||LifeOrb|Chlorophyll|ExpandingForce,Protect,GigaDrain,TrickRoom|||M|||50|,,,,,Psychic]Slowpoke||Eviolite|Oblivious|Surf,TrickRoom,Protect,HelpingHand|||F|||50|,,,,,Grass]Flamigo||FocusSash|Scrappy|CloseCombat,Tailwind,Protect,Taunt|||F|||50|,,,,,Ghost]Ursaluna||FlameOrb|Guts|Earthquake,Facade,Protect,HeadlongRush|||M|||50|,,,,,Ghost
|showteam|p2|Tyranitar||AssaultVest|SandStream|LowKick,RockSlide,KnockOff,TeraBlast|||F|||50|,,,,,Flying]Amoonguss||SitrusBerry|Regenerator|Spore,RagePowder,SludgeBomb,Protect|||M|||50|,,,,,Water]Kilowattrel||ChoiceSpecs|Competitive|Thunderbolt,Discharge,VoltSwitch,AirSlash|||F|||50|,,,,,Ghost]Excadrill||FocusSash|SandRush|IronHead,Earthquake,HighHorsepower,Protect|||F|||50|,,,,,Ground]Kommo-o||Leftovers|Overcoat|IronDefense,BodyPress,ThroatChop,Protect|||F|||50|,,,,,Steel]Incineroar||SafetyGoggles|Intimidate|FlareBlitz,KnockOff,PartingShot,FakeOut|||M|||50|,,,,,Ghost
|
|t:|1756471838
|teamsize|p1|4
|teamsize|p2|4
|start
|switch|p1a: Indeedee|Indeedee-F, L50, F|100/100
|switch|p1b: Torkoal|Torkoal, L50, F|100/100
|switch|p2a: Wolfey|Incineroar, L50, M, shiny|100/100
|switch|p2b: Ouroboros|Tyranitar, L50, F, shiny|100/100
|-weather|Sandstorm|[from] ability: Sand Stream|[of] p2b: Ouroboros
|-ability|p2a: Wolfey|Intimidate|boost
|-unboost|p1a: Indeedee|atk|1
|-unboost|p1b: Torkoal|atk|1
|-fieldstart|move: Psychic Terrain|[from] ability: Psychic Surge|[of] p1a: Indeedee
|-weather|SunnyDay|[from] ability: Drought|[of] p1b: Torkoal
|turn|1
|
|t:|1756471874
|-terastallize|p1a: Indeedee|Steel
|move|p1b: Torkoal|Protect|p1b: Torkoal
|-singleturn|p1b: Torkoal|Protect
|move|p2b: Ouroboros|Knock Off|p1a: Indeedee
|-damage|p1a: Indeedee|46/100
|-enditem|p1a: Indeedee|Safety Goggles|[from] move: Knock Off|[of] p2b: Ouroboros
|move|p2a: Wolfey|Flare Blitz|p1a: Indeedee
|-supereffective|p1a: Indeedee
|-damage|p1a: Indeedee|0 fnt
|faint|p1a: Indeedee
|-damage|p2a: Wolfey|88/100|[from] Recoil
|
|-weather|SunnyDay|[upkeep]
|upkeep
|
|t:|1756471886
|switch|p1a: Slowpoke|Slowpoke, L50, F|100/100
|turn|2
|
|t:|1756471897
|move|p1a: Slowpoke|Protect|p1a: Slowpoke
|-singleturn|p1a: Slowpoke|Protect
|move|p2b: Ouroboros|Rock Slide|p1a: Slowpoke|[spread] p1b
|-activate|p1a: Slowpoke|move: Protect
|-supereffective|p1b: Torkoal
|-damage|p1b: Torkoal|52/100
|-enditem|p1b: Torkoal|Weakness Policy
|-boost|p1b: Torkoal|atk|2|[from] item: Weakness Policy
|-boost|p1b: Torkoal|spa|2|[from] item: Weakness Policy
|move|p2a: Wolfey|Knock Off|p1b: Torkoal
|-damage|p1b: Torkoal|27/100
|move|p1b: Torkoal|Earth Power|p2a: Wolfey
|-supereffective|p2a: Wolfey
|-damage|p2a: Wolfey|0 fnt
|faint|p2a: Wolfey
|
|-weather|SunnyDay|[upkeep]
|upkeep
|
|t:|1756471910
|switch|p2a: Lacey|Excadrill, L50, F, shiny|100/100
|turn|3
|
|t:|1756471922
|move|p1b: Torkoal|Protect|p1b: Torkoal
|-singleturn|p1b: Torkoal|Protect
|move|p2a: Lacey|High Horsepower|p1a: Slowpoke
|-damage|p1a: Slowpoke|64/100
|move|p2b: Ouroboros|Knock Off|p1a: Slowpoke
|-supereffective|p1a: Slowpoke
|-damage|p1a: Slowpoke|0 fnt
|-enditem|p1a: Slowpoke|Eviolite|[from] move: Knock Off|[of] p2b: Ouroboros
|faint|p1a: Slowpoke
|
|-weather|SunnyDay|[upkeep]
|upkeep
|-message|jeffenveneom forfeited.
|
|win|BonnieSSR
||jeffenveneom is ready for game 2.
||BonnieSSR is ready for game 2.
|uhtml|next|Next: Game 2 of 3
