|j|☆JuanGuerrero09
|j|☆Lightover9000v10
|html|JuanGuerrero09Lightover9000v10    
|uhtml|bestof|Game 2 of a best-of-3
|t:|1756887955
|gametype|doubles
|player|p1|JuanGuerrero09|2|1030
|player|p2|Lightover9000v10|steven|1000
|gen|9
|tier|[Gen 9] VGC 2025 Reg H (Bo3)
|rated|
|rule|Species Clause: Limit one of each Pokémon
|rule|Item Clause: Limit 1 of each item
|clearpoke
|poke|p1|Sneasler, L50, M|
|poke|p1|Indeedee, L50, M|
|poke|p1|Tyranitar, L50, M|
|poke|p1|Excadrill, L50, M|
|poke|p1|Gholdengo, L50|
|poke|p1|Incineroar, L50, F|
|poke|p2|Ursaluna-Bloodmoon, L50, M|
|poke|p2|Gallade, L50, M|
|poke|p2|Dragonite, L50, M|
|poke|p2|Volcarona, L50, F|
|poke|p2|Incineroar, L50, F|
|poke|p2|Sneasler, L50, F|
|teampreview|4
|showteam|p1|Sneasler||WhiteHerb|Unburden|CloseCombat,DireClaw,FakeOut,Protect|||M|||50|,,,,,Dark]Indeedee||ChoiceScarf|PsychicSurge|ExpandingForce,TeraBlast,Trick,Protect|||M|||50|,,,,,Fire]Tyranitar||AssaultVest|SandStream|RockSlide,KnockOff,TeraBlast,LowKick|||M|||50|,,,,,Flying]Excadrill||FocusSash|SandRush|HighHorsepower,Earthquake,IronHead,Protect|||M|||50|,,,,,Ground]Gholdengo||MetalCoat|GoodasGold|ShadowBall,Protect,MakeItRain,NastyPlot||||||50|,,,,,Water]Incineroar||SafetyGoggles|Intimidate|FakeOut,KnockOff,FlareBlitz,PartingShot|||F|||50|,,,,,Ghost
|showteam|p2|Ursaluna-Bloodmoon||AssaultVest|MindsEye|BloodMoon,EarthPower,VacuumWave,HyperVoice|||M|||50|,,,,,Water]Gallade||ClearAmulet|Sharpness|SacredSword,TrickRoom,WideGuard,PsychoCut|||M|||50|,,,,,Fire]Dragonite||LoadedDice|Multiscale|ScaleShot,Tailwind,Haze,Protect|||M|||50|,,,,,Fairy]Volcarona||RockyHelmet|FlameBody|HeatWave,GigaDrain,RagePowder,QuiverDance|||F|||50|,,,,,Grass]Incineroar||SafetyGoggles|Intimidate|KnockOff,PartingShot,FlareBlitz,FakeOut|||F|||50|,,,,,Ghost]Sneasler||FocusSash|Unburden|Protect,DireClaw,CloseCombat,ThroatChop|||F|||50|,,,,,Stellar
|inactive|Battle timer is ON: inactive players will automatically lose when time's up. (requested by Lightover9000v10)
|inactive|JuanGuerrero09 has 60 seconds left.
|
|t:|1756888012
|teamsize|p1|4
|teamsize|p2|4
|start
|switch|p1a: Sneasler|Sneasler, L50, M|100/100
|switch|p1b: Tyranitar|Tyranitar, L50, M|100/100
|switch|p2a: Volcarona|Volcarona, L50, F|100/100
|switch|p2b: Dragonite|Dragonite, L50, M|100/100
|-weather|Sandstorm|[from] ability: Sand Stream|[of] p1b: Tyranitar
|turn|1
|inactive|JuanGuerrero09 has 30 seconds left.
|inactive|Lightover9000v10 has 30 seconds left.
|inactive|Lightover9000v10 has 20 seconds left.
|inactive|Lightover9000v10 has 15 seconds left.
|
|t:|1756888055
|-terastallize|p1b: Tyranitar|Flying
|move|p1a: Sneasler|Fake Out|p2b: Dragonite
|-damage|p2b: Dragonite|91/100
|move|p2a: Volcarona|Rage Powder|p2a: Volcarona
|-singleturn|p2a: Volcarona|move: Rage Powder
|cant|p2b: Dragonite|flinch
|move|p1b: Tyranitar|Rock Slide|p2a: Volcarona|[spread] p2a,p2b
|-supereffective|p2a: Volcarona
|-crit|p2a: Volcarona
|-supereffective|p2b: Dragonite
|-damage|p2a: Volcarona|0 fnt
|-damage|p2b: Dragonite|11/100
|faint|p2a: Volcarona
|
|-weather|Sandstorm|[upkeep]
|-damage|p1a: Sneasler|95/100|[from] Sandstorm
|-damage|p2b: Dragonite|5/100|[from] Sandstorm
|-damage|p1b: Tyranitar|95/100|[from] Sandstorm
|upkeep
|-message|Lightover9000v10 forfeited.
|
|win|JuanGuerrero09
|raw|JuanGuerrero09's rating: 1030 → 1062(+32 for winning)
|raw|Lightover9000v10's rating: 1000 → 1000(+0 for losing)
