|j|☆heitorf
|j|☆Oscarm92
|html|heitorfOscarm92    
|uhtml|bestof|Game 1 of a best-of-3
|t:|1783562868
|gametype|doubles
|player|p1|heitorf|2|
|player|p2|Oscarm92|101|
|gen|9
|tier|[Gen 9 Champions] VGC 2026 Reg M-B (Bo3)
|rule|Species Clause: Limit one of each Pokémon
|rule|Item Clause: Limit 1 of each item
|clearpoke
|poke|p1|Mawile, L50, M|
|poke|p1|Incineroar, L50, F|
|poke|p1|Dragalge, L50, F|
|poke|p1|Farigiraf, L50, F|
|poke|p1|Pelipper, L50, M|
|poke|p1|Hydrapple, L50, M|
|poke|p2|Charizard, L50, F, shiny|
|poke|p2|Aerodactyl, L50, M|
|poke|p2|Garchomp, L50, M, shiny|
|poke|p2|Kingambit, L50, M|
|poke|p2|Sylveon, L50, F|
|poke|p2|Farigiraf, L50, M|
|teampreview|4
|showteam|p1|Mawile||Mawilite|HyperCutter|IronHead,Protect,PlayRough,SuckerPunch|Brave||M|||50|]Incineroar||SitrusBerry|Intimidate|FakeOut,PartingShot,DarkestLariat,FlareBlitz|Adamant||F|||50|]Dragalge||Dragalgite|PoisonTouch|SludgeBomb,Thunder,Protect,DragonPulse|Modest||F|||50|]Farigiraf||ColburBerry|ArmorTail|Psychic,HelpingHand,Protect,TrickRoom|Sassy||F|||50|]Pelipper||FocusSash|Drizzle|Protect,WeatherBall,Hurricane,WideGuard|Timid||M|||50|]Hydrapple||LifeOrb|SupersweetSyrup|FickleBeam,GigaDrain,HydroPump,Protect|Quiet||M|||50|
|showteam|p2|Charizard||CharizarditeY|Blaze|HeatWave,WeatherBall,SolarBeam,Protect|Modest||F|||50|]Aerodactyl||Aerodactylite|Unnerve|IceFang,RockSlide,Tailwind,DualWingbeat|Jolly||M|||50|]Garchomp||LifeOrb|RoughSkin|DragonClaw,StompingTantrum,Earthquake,Protect|Jolly||M|||50|]Kingambit||FocusSash|Defiant|SuckerPunch,KowtowCleave,IronHead,LowKick|Adamant||M|||50|]Sylveon||FairyFeather|Pixilate|QuickAttack,HyperVoice,HyperBeam,Protect|Modest||F|||50|]Farigiraf||SitrusBerry|ArmorTail|TrickRoom,Thunderbolt,GrassKnot,TwinBeam|Bold||M|||50|
|inactive|Battle timer is ON: inactive players will automatically lose when time's up. (requested by heitorf)
|inactive|heitorf has 60 seconds left.
|inactive|Oscarm92 has 60 seconds left.
|inactive|Oscarm92 has 30 seconds left.
|
|t:|1783562934
|teamsize|p1|4
|teamsize|p2|4
|start
|switch|p1a: Farigiraf|Farigiraf, L50, F|100/100
|switch|p1b: Dragalge|Dragalge, L50, F|100/100
|switch|p2a: Charizard|Charizard, L50, F, shiny|100/100
|switch|p2b: Kingambit|Kingambit, L50, M|100/100
|turn|1
|inactive|heitorf has 30 seconds left.
|inactive|Oscarm92 has 30 seconds left.
|inactive|Oscarm92 has 20 seconds left.
|inactive|Oscarm92 has 15 seconds left.
|inactive|Oscarm92 has 10 seconds left.
|
|t:|1783562979
|detailschange|p2a: Charizard|Charizard-Mega-Y, L50, F, shiny
|-mega|p2a: Charizard|Charizard|Charizardite Y
|-weather|SunnyDay|[from] ability: Drought|[of] p2a: Charizard
|detailschange|p1b: Dragalge|Dragalge-Mega, L50, F
|-mega|p1b: Dragalge|Dragalge|Dragalgite
|move|p1a: Farigiraf|Protect|p1a: Farigiraf
|-singleturn|p1a: Farigiraf|Protect
|move|p1b: Dragalge|Protect|p1b: Dragalge
|-singleturn|p1b: Dragalge|Protect
|move|p2a: Charizard|Weather Ball|p1a: Farigiraf
|-activate|p1a: Farigiraf|move: Protect
|move|p2b: Kingambit|Kowtow Cleave|p1a: Farigiraf
|-activate|p1a: Farigiraf|move: Protect
|
|-weather|SunnyDay|[upkeep]
|upkeep
|turn|2
|inactive|Oscarm92 has 30 seconds left.
|inactive|heitorf has 30 seconds left.
|inactive|Oscarm92 has 20 seconds left.
|inactive|Oscarm92 has 15 seconds left.
|inactive|heitorf has 20 seconds left.
|
|t:|1783563025
|switch|p1a: Pelipper|Pelipper, L50, M|100/100
|-weather|RainDance|[from] ability: Drizzle|[of] p1a: Pelipper
|move|p2a: Charizard|Weather Ball|p1a: Pelipper
|-resisted|p1a: Pelipper|1
|-damage|p1a: Pelipper|48/100
|move|p2b: Kingambit|Kowtow Cleave|p1a: Pelipper
|-damage|p1a: Pelipper|0 fnt
|faint|p1a: Pelipper
|move|p1b: Dragalge|Thunder|p2a: Charizard
|-supereffective|p2a: Charizard|1
|-damage|p2a: Charizard|28/100
|
|-weather|RainDance|[upkeep]
|upkeep
|
|t:|1783563044
|switch|p1a: Farigiraf|Farigiraf, L50, F|100/100
|turn|3
|
|t:|1783563068
|switch|p2a: Sylveon|Sylveon, L50, F|100/100
|move|p2b: Kingambit|Kowtow Cleave|p1a: Farigiraf
|-supereffective|p1a: Farigiraf|1
|-enditem|p1a: Farigiraf|Colbur Berry|[eat]
|-enditem|p1a: Farigiraf|Colbur Berry|[weaken]
|-damage|p1a: Farigiraf|58/100
|move|p1b: Dragalge|Dragon Pulse|p2a: Sylveon
|-immune|p2a: Sylveon
|move|p1a: Farigiraf|Trick Room|p1a: Farigiraf
|-fieldstart|move: Trick Room|[of] p1a: Farigiraf
|
|-weather|RainDance|[upkeep]
|upkeep
|turn|4
|inactive|heitorf has 30 seconds left.
|
|t:|1783563094
|switch|p1a: Hydrapple|Hydrapple, L50, M|100/100
|-ability|p1a: Hydrapple|Supersweet Syrup
|-unboost|p2a: Sylveon|evasion|1
|-unboost|p2b: Kingambit|evasion|1
|-ability|p2b: Kingambit|Defiant|boost
|-boost|p2b: Kingambit|atk|2
|move|p1b: Dragalge|Sludge Bomb|p2a: Sylveon
|-supereffective|p2a: Sylveon|1
|-damage|p2a: Sylveon|20/100y
|move|p2a: Sylveon|Hyper Voice|p1a: Hydrapple|[spread] p1a,p1b
|-supereffective|p1a: Hydrapple|1
|-damage|p1a: Hydrapple|20/100y
|-damage|p1b: Dragalge|70/100
|move|p2b: Kingambit|Kowtow Cleave|p1a: Hydrapple
|-crit|p1a: Hydrapple
|-damage|p1a: Hydrapple|0 fnt
|faint|p1a: Hydrapple
|
|-weather|RainDance|[upkeep]
|upkeep
|
|t:|1783563110
|switch|p1a: Farigiraf|Farigiraf, L50, F|58/100
|turn|5
|inactive|Oscarm92 has 30 seconds left.
|
|t:|1783563135
|move|p2a: Sylveon|Protect|p2a: Sylveon
|-singleturn|p2a: Sylveon|Protect
|move|p1b: Dragalge|Thunder|p2b: Kingambit
|-damage|p2b: Kingambit|54/100
|move|p1a: Farigiraf|Psychic|p2a: Sylveon
|-activate|p2a: Sylveon|move: Protect
|move|p2b: Kingambit|Kowtow Cleave|p1b: Dragalge
|-damage|p1b: Dragalge|0 fnt
|faint|p1b: Dragalge
|
|-weather|RainDance|[upkeep]
|upkeep
|turn|6
|c|☆heitorf|ggs
|-message|heitorf forfeited.
|
|win|Oscarm92
|inactive|heitorf has 30 seconds to confirm battle start!
|inactive|Oscarm92 has 30 seconds to confirm battle start!
||heitorf is ready for game 2.
||Oscarm92 is ready for game 2.
|uhtml|next|Next: Game 2 of 3
|j| legendarykamin
|l| legendarykamin
|l|☆Oscarm92
|player|p2|
|j|☆Oscarm92
|player|p2|Oscarm92|101|
