|j|☆israel137
|j|☆failandimprove2
|html|israel137failandimprove2    
|uhtml|bestof|Game 1 of a best-of-3
|t:|1783102994
|gametype|doubles
|player|p1|israel137|266|1373
|player|p2|failandimprove2|102|1398
|gen|9
|tier|[Gen 9 Champions] VGC 2026 Reg M-B (Bo3)
|rated|
|rule|Species Clause: Limit one of each Pokémon
|rule|Item Clause: Limit 1 of each item
|clearpoke
|poke|p1|Aerodactyl, L50, F, shiny|
|poke|p1|Kingambit, L50, F|
|poke|p1|Charizard, L50, M, shiny|
|poke|p1|Sylveon, L50, M, shiny|
|poke|p1|Garchomp, L50, F|
|poke|p1|Farigiraf, L50, M, shiny|
|poke|p2|Charizard, L50, M|
|poke|p2|Aerodactyl, L50, F|
|poke|p2|Garchomp, L50, F|
|poke|p2|Farigiraf, L50, F|
|poke|p2|Kingambit, L50, M|
|poke|p2|Sylveon, L50, M|
|teampreview|4
|showteam|p1|Aerodactyl||Aerodactylite|Unnerve|Tailwind,DualWingbeat,RockSlide,IceFang|Jolly||F|||50|]Kingambit||FocusSash|Defiant|LowKick,KowtowCleave,SuckerPunch,IronHead|Adamant||F|||50|]Charizard||CharizarditeY|Blaze|Protect,WeatherBall,HeatWave,SolarBeam|Modest||M|||50|]Sylveon||FairyFeather|Pixilate|Detect,HyperBeam,HyperVoice,QuickAttack|Modest||M|||50|]Garchomp||LifeOrb|RoughSkin|Protect,DragonClaw,Earthquake,RockSlide|Jolly||F|||50|]Farigiraf||SitrusBerry|ArmorTail|Roar,TrickRoom,Psychic,Thunderbolt|Bold||M|||50|
|showteam|p2|Charizard||CharizarditeY|SolarPower|HeatWave,WeatherBall,SolarBeam,Protect|Modest||M|||50|]Aerodactyl||Aerodactylite|Unnerve|RockSlide,IceFang,Tailwind,DualWingbeat|Jolly||F|||50|]Garchomp||LifeOrb|RoughSkin|DragonClaw,Earthquake,RockSlide,Protect|Jolly||F|||50|]Farigiraf||SitrusBerry|ArmorTail|Psychic,Thunderbolt,TrickRoom,Roar|Bold||F|||50|]Kingambit||FocusSash|Defiant|KowtowCleave,SuckerPunch,IronHead,LowKick|Adamant||M|||50|]Sylveon||FairyFeather|Pixilate|HyperVoice,HyperBeam,QuickAttack,Protect|Modest||M|||50|
|inactive|Battle timer is ON: inactive players will automatically lose when time's up. (requested by failandimprove2)
|j| icarus543
|
|t:|1783103016
|teamsize|p1|4
|teamsize|p2|4
|start
|switch|p1a: Kim Il Sung|Aerodactyl, L50, F, shiny|100/100
|switch|p1b: Kim Jong Il|Kingambit, L50, F|100/100
|switch|p2a: Aerodactyl|Aerodactyl, L50, F|100/100
|switch|p2b: Kingambit|Kingambit, L50, M|100/100
|-ability|p2a: Aerodactyl|Unnerve
|-ability|p1a: Kim Il Sung|Unnerve
|turn|1
|inactive|failandimprove2 has 30 seconds left.
|inactive|failandimprove2 has 20 seconds left.
|
|t:|1783103052
|detailschange|p1a: Kim Il Sung|Aerodactyl-Mega, L50, F, shiny
|-mega|p1a: Kim Il Sung|Aerodactyl|Aerodactylite
|detailschange|p2a: Aerodactyl|Aerodactyl-Mega, L50, F
|-mega|p2a: Aerodactyl|Aerodactyl|Aerodactylite
|move|p2a: Aerodactyl|Rock Slide|p1a: Kim Il Sung|[spread] p1a
|-miss|p2a: Aerodactyl|p1b: Kim Jong Il
|-supereffective|p1a: Kim Il Sung|1
|-damage|p1a: Kim Il Sung|42/100
|move|p1a: Kim Il Sung|Rock Slide|p2b: Kingambit|[spread] p2a,p2b
|-supereffective|p2a: Aerodactyl|1
|-resisted|p2b: Kingambit|1
|-damage|p2a: Aerodactyl|42/100
|-damage|p2b: Kingambit|89/100
|move|p1b: Kim Jong Il|Low Kick|p2b: Kingambit
|-supereffective|p2b: Kingambit|2
|-damage|p2b: Kingambit|0 fnt
|faint|p2b: Kingambit
|
|upkeep
|l| icarus543
|
|t:|1783103070
|switch|p2b: Sylveon|Sylveon, L50, M|100/100
|turn|2
|
|t:|1783103083
|switch|p2b: Farigiraf|Farigiraf, L50, F|100/100
|move|p2a: Aerodactyl|Rock Slide|p1b: Kim Jong Il|[spread] p1a,p1b
|-supereffective|p1a: Kim Il Sung|1
|-resisted|p1b: Kim Jong Il|1
|-damage|p1a: Kim Il Sung|0 fnt
|-damage|p1b: Kim Jong Il|88/100
|faint|p1a: Kim Il Sung
|move|p1b: Kim Jong Il|Iron Head|p2a: Aerodactyl
|-supereffective|p2a: Aerodactyl|1
|-damage|p2a: Aerodactyl|0 fnt
|faint|p2a: Aerodactyl
|
|upkeep
|
|t:|1783103095
|switch|p1a: Kim Ju Ae|Sylveon, L50, M, shiny|100/100
|switch|p2a: Sylveon|Sylveon, L50, M|100/100
|turn|3
|
|t:|1783103109
|move|p1b: Kim Jong Il|Kowtow Cleave|p2b: Farigiraf
|-supereffective|p2b: Farigiraf|1
|-damage|p2b: Farigiraf|19/100
|-enditem|p2b: Farigiraf|Sitrus Berry|[eat]
|-heal|p2b: Farigiraf|44/100|[from] item: Sitrus Berry
|move|p1a: Kim Ju Ae|Hyper Voice|p2b: Farigiraf|[spread] p2a,p2b
|-damage|p2a: Sylveon|60/100
|-damage|p2b: Farigiraf|1/100
|move|p2a: Sylveon|Hyper Voice|p1a: Kim Ju Ae|[spread] p1a,p1b
|-damage|p1a: Kim Ju Ae|57/100
|-damage|p1b: Kim Jong Il|28/100
|move|p2b: Farigiraf|Psychic|p1a: Kim Ju Ae
|-damage|p1a: Kim Ju Ae|29/100
|
|upkeep
|turn|4
|-message|failandimprove2 forfeited.
|
|win|israel137
