|j|☆Barri Deagol
|j|☆Boomyy
|html|Barri DeagolBoomyy    
|uhtml|bestof|Game 1 of a best-of-3
|t:|1756560616
|gametype|doubles
|player|p1|Barri Deagol|collector|1102
|player|p2|Boomyy|brawly|1148
|gen|9
|tier|[Gen 9] VGC 2025 Reg H (Bo3)
|rated|
|rule|Species Clause: Limit one of each Pokémon
|rule|Item Clause: Limit 1 of each item
|clearpoke
|poke|p1|Archaludon, L50, F|
|poke|p1|Dragonite, L50, M|
|poke|p1|Pelipper, L50, F|
|poke|p1|Ursaluna, L50, F|
|poke|p1|Sinistcha, L50|
|poke|p1|Gholdengo, L50|
|poke|p2|Indeedee-F, L50, F|
|poke|p2|Exeggutor, L50, M|
|poke|p2|Torkoal, L50, M|
|poke|p2|Ursaluna, L50, M|
|poke|p2|Gallade, L50, M|
|poke|p2|Zoroark-Hisui, L50, M|
|teampreview|4
|showteam|p1|Archaludon||AssaultVest|Stamina|FlashCannon,BodyPress,ElectroShot,Snarl|||F|||50|,,,,,Fighting]Dragonite||LoadedDice|Multiscale|ScaleShot,Tailwind,Haze,Protect|||M|||50|,,,,,Fairy]Pelipper||FocusSash|Drizzle|MuddyWater,Hurricane,Tailwind,Protect|||F|||50|,,,,,Ghost]Ursaluna||FlameOrb|Guts|Facade,HeadlongRush,Earthquake,Protect|||F|||50|,,,,,Ghost]Sinistcha||SitrusBerry|Hospitality|MatchaGotcha,LifeDew,RagePowder,TrickRoom||||||50|,,,,,Dark]Gholdengo||ChoiceScarf|GoodasGold|MakeItRain,ShadowBall,Trick,Protect||||||50|,,,,,Flying
|showteam|p2|Indeedee-F||PsychicSeed|PsychicSurge|FollowMe,Psychic,HelpingHand,TrickRoom|||F|||50|,,,,,Grass]Exeggutor||FocusSash|Chlorophyll|ExpandingForce,EnergyBall,SleepPowder,TrickRoom|||M|||50|,,,,,Psychic]Torkoal||Charcoal|Drought|Eruption,WeatherBall,ClearSmog,Protect|||M|||50|,,,,,Fire]Ursaluna||FlameOrb|Guts|Facade,HeadlongRush,Earthquake,Protect|||M|||50|,,,,,Ghost]Gallade||ClearAmulet|Sharpness|PsychoCut,SacredSword,WideGuard,TrickRoom|||M|||50|,,,,,Fire]Zoroark-Hisui||ChoiceSpecs|Illusion|HyperVoice,ShadowBall,Flamethrower,HyperBeam|||M|||50|,,,,,Stellar
|inactive|Battle timer is ON: inactive players will automatically lose when time's up. (requested by Barri Deagol)
|inactive|Boomyy also wants the timer to be on.
|j| Raihan khan22556
|inactive|Barri Deagol has 60 seconds left.
|inactive|Boomyy has 60 seconds left.
|inactive|Boomyy has 30 seconds left.
|inactive|Boomyy has 20 seconds left.
|
|t:|1756560688
|teamsize|p1|4
|teamsize|p2|4
|start
|switch|p1a: Sinistcha|Sinistcha, L50|100/100
|switch|p1b: Gholdengo|Gholdengo, L50|100/100
|switch|p2a: Indeedee|Indeedee-F, L50, F|100/100
|switch|p2b: Gallade|Gallade, L50, M|100/100
|-fieldstart|move: Psychic Terrain|[from] ability: Psychic Surge|[of] p2a: Indeedee
|-enditem|p2a: Indeedee|Psychic Seed
|-boost|p2a: Indeedee|spd|1|[from] item: Psychic Seed
|turn|1
|inactive|Barri Deagol has 30 seconds left.
|inactive|Barri Deagol has 20 seconds left.
|inactive|Barri Deagol has 15 seconds left.
|
|t:|1756560730
|switch|p1b: Pelipper|Pelipper, L50, F|100/100
|-weather|RainDance|[from] ability: Drizzle|[of] p1b: Pelipper
|move|p2b: Gallade|Wide Guard|p2b: Gallade
|-singleturn|p2b: Gallade|Wide Guard
|move|p1a: Sinistcha|Trick Room|p1a: Sinistcha
|-fieldstart|move: Trick Room|[of] p1a: Sinistcha
|move|p2a: Indeedee|Trick Room|p2a: Indeedee
|-fieldend|move: Trick Room
|
|-weather|RainDance|[upkeep]
|upkeep
|turn|2
|inactive|Barri Deagol has 30 seconds left.
|inactive|Boomyy has 30 seconds left.
|inactive|Boomyy has 20 seconds left.
|
|t:|1756560765
|move|p2a: Indeedee|Follow Me|p2a: Indeedee
|-singleturn|p2a: Indeedee|move: Follow Me
|move|p1b: Pelipper|Hurricane|p2a: Indeedee
|-damage|p2a: Indeedee|70/100
|-start|p2a: Indeedee|confusion
|move|p2b: Gallade|Psycho Cut|p1b: Pelipper
|-damage|p1b: Pelipper|6/100
|move|p1a: Sinistcha|Trick Room|p1a: Sinistcha
|-fieldstart|move: Trick Room|[of] p1a: Sinistcha
|
|-weather|RainDance|[upkeep]
|upkeep
|turn|3
|inactive|Boomyy has 30 seconds left.
|
|t:|1756560797
|-activate|p2a: Indeedee|confusion
|move|p2a: Indeedee|Helping Hand|p2b: Gallade
|-singleturn|p2b: Gallade|Helping Hand|[of] p2a: Indeedee
|move|p1a: Sinistcha|Life Dew||[still]|[spread] p1a,p1b
|-fail|p1a: Sinistcha|heal
|-heal|p1b: Pelipper|31/100
|move|p2b: Gallade|Psycho Cut|p1a: Sinistcha
|-damage|p1a: Sinistcha|0 fnt
|faint|p1a: Sinistcha
|move|p1b: Pelipper|Muddy Water|p2b: Gallade|[spread] p2a,p2b
|-damage|p2a: Indeedee|42/100
|-damage|p2b: Gallade|55/100
|
|-weather|RainDance|[upkeep]
|upkeep
|
|t:|1756560812
|switch|p1a: Archaludon|Archaludon, L50, F|100/100
|turn|4
|inactive|Barri Deagol has 30 seconds left.
|
|t:|1756560843
|switch|p2a: Torkoal|Torkoal, L50, M|100/100
|-weather|SunnyDay|[from] ability: Drought|[of] p2a: Torkoal
|switch|p1a: Gholdengo|Gholdengo, L50|100/100
|move|p2b: Gallade|Psycho Cut|p1b: Pelipper
|-crit|p1b: Pelipper
|-damage|p1b: Pelipper|0 fnt
|faint|p1b: Pelipper
|
|-weather|SunnyDay|[upkeep]
|upkeep
|
|t:|1756560855
|switch|p1b: Archaludon|Archaludon, L50, F|100/100
|turn|5
|
|t:|1756560878
|-terastallize|p2a: Torkoal|Fire
|-terastallize|p1b: Archaludon|Fighting
|move|p2a: Torkoal|Eruption|p1a: Gholdengo|[spread] p1a,p1b
|-supereffective|p1a: Gholdengo
|-crit|p1b: Archaludon
|-damage|p1a: Gholdengo|0 fnt
|-damage|p1b: Archaludon|0 fnt
|faint|p1a: Gholdengo
|faint|p1b: Archaludon
|
|win|Boomyy
