|j|☆smearglehater21
|j|☆duemagician7809
|html|smearglehater21duemagician7809    
|uhtml|bestof|Game 2 of a best-of-3
|t:|1784737530
|gametype|doubles
|player|p1|smearglehater21|nate|1087
|player|p2|duemagician7809|102|1153
|gen|9
|tier|[Gen 9 Champions] VGC 2026 Reg M-B (Bo3)
|rated|
|rule|Species Clause: Limit one of each Pokémon
|rule|Item Clause: Limit 1 of each item
|clearpoke
|poke|p1|Kingambit, L50, M|
|poke|p1|Whimsicott, L50, M|
|poke|p1|Basculegion, L50, M|
|poke|p1|Garchomp, L50, F|
|poke|p1|Charizard, L50, M|
|poke|p1|Floette-Eternal, L50, F|
|poke|p2|Charizard, L50, M|
|poke|p2|Garchomp, L50, F|
|poke|p2|Sylveon, L50, M|
|poke|p2|Aerodactyl, L50, M|
|poke|p2|Incineroar, L50, M|
|poke|p2|Kingambit, L50, M|
|teampreview|4
|showteam|p1|Kingambit||ChopleBerry|Defiant|KowtowCleave,LowKick,SuckerPunch,IronHead|Adamant||M|||50|]Whimsicott||FocusSash|Prankster|Moonblast,Tailwind,Encore,Protect|Timid||M|||50|]Basculegion||MysticWater|Adaptability|WaveCrash,LastRespects,AquaJet,Protect|Adamant||M|||50|]Garchomp||LifeOrb|RoughSkin|DragonClaw,RockSlide,Earthquake,Protect|Jolly||F|||50|]Charizard||CharizarditeY|Blaze|WeatherBall,HeatWave,SolarBeam,Protect|Modest||M|||50|]Floette-Eternal||Floettite|FlowerVeil|Moonblast,DazzlingGleam,LightofRuin,Protect|Timid||F|||50|
|showteam|p2|Charizard||CharizarditeY|SolarPower|Protect,HeatWave,SolarBeam,WeatherBall|Timid||M|||50|]Garchomp||LifeOrb|RoughSkin|Earthquake,RockSlide,DragonClaw,StompingTantrum|Jolly||F|||50|]Sylveon||ChoiceScarf|Pixilate|Psychic,HyperVoice,HyperBeam,QuickAttack|Timid||M|||50|]Aerodactyl||Aerodactylite|Unnerve|RockSlide,IceFang,Tailwind,SunnyDay|Jolly||M|||50|]Incineroar||SitrusBerry|Intimidate|DarkestLariat,FlareBlitz,FakeOut,PartingShot|Serious||M|||50|]Kingambit||FocusSash|Defiant|KowtowCleave,SuckerPunch,IronHead,Protect|Adamant||M|||50|
|inactive|Battle timer is ON: inactive players will automatically lose when time's up. (requested by smearglehater21)
|
|t:|1784737543
|teamsize|p1|4
|teamsize|p2|4
|start
|switch|p1a: Whimsicott|Whimsicott, L50, M|100/100
|switch|p1b: Basculegion|Basculegion, L50, M|100/100
|switch|p2a: Aerodactyl|Aerodactyl, L50, M|100/100
|switch|p2b: Kingambit|Kingambit, L50, M|100/100
|-ability|p2a: Aerodactyl|Unnerve
|turn|1
|inactive|duemagician7809 has 30 seconds left.
|
|t:|1784737574
|detailschange|p2a: Aerodactyl|Aerodactyl-Mega, L50, M
|-mega|p2a: Aerodactyl|Aerodactyl|Aerodactylite
|move|p1a: Whimsicott|Tailwind|p1a: Whimsicott
|-sidestart|p1: smearglehater21|move: Tailwind
|move|p2b: Kingambit|Sucker Punch|p1b: Basculegion
|-supereffective|p1b: Basculegion|1
|-damage|p1b: Basculegion|6/100
|move|p1b: Basculegion|Wave Crash|p2a: Aerodactyl
|-supereffective|p2a: Aerodactyl|1
|-damage|p2a: Aerodactyl|0 fnt
|faint|p2a: Aerodactyl
|-damage|p1b: Basculegion|0 fnt|[from] Recoil
|faint|p1b: Basculegion
|
|upkeep
|
|t:|1784737586
|switch|p2a: Sylveon|Sylveon, L50, M|100/100
|switch|p1b: Garchomp|Garchomp, L50, F|100/100
|turn|2
|
|t:|1784737596
|move|p2b: Kingambit|Sucker Punch|p1a: Whimsicott
|-resisted|p1a: Whimsicott|1
|-damage|p1a: Whimsicott|69/100
|move|p1a: Whimsicott|Moonblast|p2b: Kingambit
|-damage|p2b: Kingambit|60/100
|move|p1b: Garchomp|Earthquake|p2a: Sylveon|[spread] p1a,p2a,p2b
|-resisted|p1a: Whimsicott|1
|-supereffective|p2b: Kingambit|1
|-damage|p1a: Whimsicott|32/100
|-damage|p2a: Sylveon|25/100
|-damage|p2b: Kingambit|0 fnt
|faint|p2b: Kingambit
|-damage|p1b: Garchomp|90/100|[from] item: Life Orb
|move|p2a: Sylveon|Hyper Voice|p1a: Whimsicott|[spread] p1a,p1b
|-supereffective|p1b: Garchomp|1
|-damage|p1a: Whimsicott|0 fnt
|-damage|p1b: Garchomp|11/100
|faint|p1a: Whimsicott
|
|upkeep
|
|t:|1784737609
|switch|p1a: Floette|Floette-Eternal, L50, F|100/100
|switch|p2b: Garchomp|Garchomp, L50, F|100/100
|turn|3
|-message|duemagician7809 forfeited.
|
|win|smearglehater21
|raw|smearglehater21's rating: 1087 → 1119(+32 for winning)
|raw|duemagician7809's rating: 1153 → 1123(-30 for losing)
|l|☆duemagician7809
|player|p2|
