|j|☆charizardon12
|j|☆defaulttesting
|html|charizardon12defaulttesting    
|uhtml|bestof|Game 2 of a best-of-3
|t:|1757745359
|gametype|doubles
|player|p1|charizardon12|266|1130
|player|p2|defaulttesting|plasmagrunt-gen5bw|1104
|gen|9
|tier|[Gen 9] VGC 2025 Reg H (Bo3)
|rated|
|rule|Species Clause: Limit one of each Pokémon
|rule|Item Clause: Limit 1 of each item
|clearpoke
|poke|p1|Dragapult, L50, M|
|poke|p1|Amoonguss, L50, M|
|poke|p1|Armarouge, L50, M|
|poke|p1|Indeedee-F, L50, F|
|poke|p1|Sneasler, L50, F|
|poke|p1|Ninetales-Alola, L50, F|
|poke|p2|Meowscarada, L50, F|
|poke|p2|Electabuzz, L50, M|
|poke|p2|Incineroar, L50, M|
|poke|p2|Mimikyu, L50, M|
|poke|p2|Milotic, L50, F|
|poke|p2|Ursaluna-Bloodmoon, L50, M|
|teampreview|4
|showteam|p1|Dragapult||ChoiceBand|ClearBody|DragonDarts,Outrage,PhantomForce,Uturn|||M|||50|,,,,,Dragon]Amoonguss||SitrusBerry|Regenerator|Spore,PollenPuff,RagePowder,Protect|||M|||50|,,,,,Water]Armarouge||LifeOrb|FlashFire|ArmorCannon,CalmMind,ExpandingForce,Protect|||M|||50|,,,,,Grass]Indeedee-F||PsychicSeed|PsychicSurge|FollowMe,HelpingHand,TrickRoom,Psychic|||F|||50|,,,,,Fairy]Sneasler||FocusSash|PoisonTouch|FakeOut,DireClaw,CloseCombat,Protect|||F|||50|,,,,,Dark]Ninetales-Alola||LightClay|SnowWarning|AuroraVeil,Blizzard,HelpingHand,Protect|||F|||50|,,,,,Fire
|showteam|p2|Meowscarada||ChoiceBand|Protean|SuckerPunch,FlowerTrick,KnockOff,Uturn|||F|||50|,,,,,Stellar]Electabuzz||Eviolite|VitalSpirit|VoltSwitch,FollowMe,Taunt,Protect|||M|||50|,,,,,Grass]Incineroar||SafetyGoggles|Intimidate|FlareBlitz,KnockOff,FakeOut,Uturn|||M|||50|,,,,,Ghost]Mimikyu||MentalHerb|Disguise|DestinyBond,ShadowClaw,TrickRoom,Protect|||M|||50|,,,,,Grass]Milotic||SitrusBerry|Competitive|IceBeam,Recover,Scald,Protect|||F|||50|,,,,,Grass]Ursaluna-Bloodmoon||LifeOrb|MindsEye|HyperVoice,EarthPower,BloodMoon,Protect|||M|||50|,,,,,Normal
|inactive|Battle timer is ON: inactive players will automatically lose when time's up. (requested by defaulttesting)
|inactive|charizardon12 has 60 seconds left.
|inactive|charizardon12 has 30 seconds left.
|inactive|charizardon12 has 20 seconds left.
|
|t:|1757745432
|teamsize|p1|4
|teamsize|p2|4
|start
|switch|p1a: claws?|Sneasler, L50, F, shiny|100/100
|switch|p1b: slingshot?|Dragapult, L50, M, shiny|100/100
|switch|p2a: Electabuzz|Electabuzz, L50, M|100/100
|switch|p2b: Mimikyu|Mimikyu, L50, M|100/100
|turn|1
|inactive|charizardon12 has 30 seconds left.
|
|t:|1757745461
|switch|p2a: Incineroar|Incineroar, L50, M|100/100
|-ability|p2a: Incineroar|Intimidate|boost
|-unboost|p1a: claws?|atk|1
|-fail|p1b: slingshot?|unboost|[from] ability: Clear Body|[of] p1b: slingshot?
|move|p1b: slingshot?|U-turn|p2b: Mimikyu
|-activate|p2b: Mimikyu|ability: Disguise
|-damage|p2b: Mimikyu|100/100
|detailschange|p2b: Mimikyu|Mimikyu-Busted, L50, M
|-damage|p2b: Mimikyu|88/100|[from] pokemon: Mimikyu-Busted
|
|t:|1757745474
|switch|p1b: piggy?|Indeedee-F, L50, F, shiny|100/100|[from] U-turn
|-fieldstart|move: Psychic Terrain|[from] ability: Psychic Surge|[of] p1b: piggy?
|-enditem|p1b: piggy?|Psychic Seed
|-boost|p1b: piggy?|spd|1|[from] item: Psychic Seed
|move|p1a: claws?|Dire Claw|p2b: Mimikyu
|-damage|p2b: Mimikyu|52/100
|move|p2b: Mimikyu|Trick Room|p2b: Mimikyu
|-fieldstart|move: Trick Room|[of] p2b: Mimikyu
|
|upkeep
|turn|2
|inactive|charizardon12 has 30 seconds left.
|inactive|defaulttesting has 30 seconds left.
|inactive|charizardon12 has 20 seconds left.
|
|t:|1757745509
|switch|p1a: slingshot?|Dragapult, L50, M, shiny|100/100
|-terastallize|p1b: piggy?|Fairy
|move|p1b: piggy?|Follow Me|p1b: piggy?
|-singleturn|p1b: piggy?|move: Follow Me
|move|p2a: Incineroar|U-turn|p1b: piggy?
|-resisted|p1b: piggy?
|-damage|p1b: piggy?|88/100
|
|t:|1757745520
|switch|p2a: Electabuzz|Electabuzz, L50, M|100/100|[from] U-turn
|move|p2b: Mimikyu|Trick Room|p2b: Mimikyu
|-fieldend|move: Trick Room
|
|upkeep
|turn|3
|inactive|charizardon12 has 30 seconds left.
|inactive|charizardon12 has 20 seconds left.
|
|t:|1757745559
|move|p1a: slingshot?|Phantom Force||[still]
|-prepare|p1a: slingshot?|Phantom Force
|move|p2a: Electabuzz|Taunt|p1b: piggy?
|-start|p1b: piggy?|move: Taunt
|move|p2b: Mimikyu|Trick Room|p2b: Mimikyu
|-fieldstart|move: Trick Room|[of] p2b: Mimikyu
|cant|p1b: piggy?|move: Taunt|Trick Room
|
|upkeep
|turn|4
|inactive|defaulttesting has 30 seconds left.
|inactive|defaulttesting has 20 seconds left.
|inactive|defaulttesting has 15 seconds left.
|inactive|defaulttesting has 10 seconds left.
|
|t:|1757745605
|switch|p1b: mushroom guy?|Amoonguss, L50, M, shiny|100/100
|switch|p2b: Ursaluna|Ursaluna-Bloodmoon, L50, M|100/100
|move|p2a: Electabuzz|Volt Switch|p1b: mushroom guy?
|-resisted|p1b: mushroom guy?
|-damage|p1b: mushroom guy?|91/100
|
|t:|1757745614
|switch|p2a: Incineroar|Incineroar, L50, M|100/100|[from] Volt Switch
|-ability|p2a: Incineroar|Intimidate|boost
|-fail|p1a: slingshot?|unboost|[from] ability: Clear Body|[of] p1a: slingshot?
|-unboost|p1b: mushroom guy?|atk|1
|move|p1a: slingshot?|Phantom Force|p2b: Ursaluna|[from] lockedmove
|-immune|p2b: Ursaluna
|
|upkeep
|turn|5
|inactive|charizardon12 has 30 seconds left.
|inactive|defaulttesting has 30 seconds left.
|l|☆charizardon12
|inactive|charizardon12 disconnected and has a minute to reconnect!
|player|p1|
|inactive|charizardon12 has 20 seconds left.
|inactive|defaulttesting has 20 seconds left.
|inactive|charizardon12 has 15 seconds left.
|inactive|defaulttesting has 15 seconds left.
|inactive|charizardon12 has 10 seconds left.
|inactive|charizardon12 has 5 seconds left.
|-message|charizardon12 lost due to inactivity.
|
|win|defaulttesting
|raw|charizardon12's rating: 1130 → 1103(-27 for losing)
|raw|defaulttesting's rating: 1104 → 1131(+27 for winning)
|j|☆charizardon12
|player|p1|charizardon12|266|
|l|☆charizardon12
|player|p1|
|l|☆defaulttesting
|player|p2|
|j|☆defaulttesting
|player|p2|defaulttesting|plasmagrunt-gen5bw|
|l|☆defaulttesting
|player|p2|
