|j|☆NeonIsNuts
|j|☆failandimprove5
|html|NeonIsNutsfailandimprove5    
|uhtml|bestof|Game 1 of a best-of-3
|t:|1782382917
|gametype|doubles
|player|p1|NeonIsNuts|101|1148
|player|p2|failandimprove5|1|1382
|gen|9
|tier|[Gen 9 Champions] VGC 2026 Reg M-B (Bo3)
|rated|
|rule|Species Clause: Limit one of each Pokémon
|rule|Item Clause: Limit 1 of each item
|clearpoke
|poke|p1|Eelektross, L50, M|
|poke|p1|Garchomp, L50, M|
|poke|p1|Tinkaton, L50, F|
|poke|p1|Chandelure, L50, M|
|poke|p1|Dragapult, L50, F|
|poke|p1|Whimsicott, L50, M|
|poke|p2|Charizard, L50, M|
|poke|p2|Floette-Eternal, L50, F|
|poke|p2|Whimsicott, L50, M|
|poke|p2|Basculegion, L50, M|
|poke|p2|Incineroar, L50, M|
|poke|p2|Garchomp, L50, M|
|teampreview|4
|showteam|p1|Eelektross||Eelektrossite|Levitate|Discharge,GigaDrain,Flamethrower,Protect|Timid||M|||50|]Garchomp||WhiteHerb|RoughSkin|Protect,RockSlide,DragonClaw,StompingTantrum|Jolly||M|||50|]Tinkaton||MetalCoat|MoldBreaker|FakeOut,GigatonHammer,Encore,BrickBreak|Careful||F|||50|]Chandelure||Chandelurite|FlashFire|CalmMind,EnergyBall,ShadowBall,HeatWave|Timid||M|||50|]Dragapult||SpellTag|Infiltrator|Disable,DracoMeteor,Hex,WillOWisp|Timid||F|||50|]Whimsicott||FocusSash|Prankster|Tailwind,Encore,Moonblast,SunnyDay|Timid||M|||50|
|showteam|p2|Charizard||CharizarditeY|Blaze|HeatWave,WeatherBall,SolarBeam,Protect|Modest||M|||50|]Floette-Eternal||Floettite|FlowerVeil|Moonblast,DazzlingGleam,LightofRuin,Protect|Timid||F|||50|]Whimsicott||FocusSash|Prankster|Moonblast,Tailwind,Encore,Protect|Timid||M|||50|]Basculegion||MysticWater|Adaptability|WaveCrash,LastRespects,AquaJet,Protect|Adamant||M|||50|]Incineroar||SitrusBerry|Intimidate|FlareBlitz,ThroatChop,PartingShot,FakeOut|Careful||M|||50|]Garchomp||LifeOrb|RoughSkin|Earthquake,RockSlide,DragonClaw,Protect|Jolly||M|||50|
|
|t:|1782382959
|teamsize|p1|4
|teamsize|p2|4
|start
|switch|p1a: Tinkaton|Tinkaton, L50, F|100/100
|switch|p1b: Garchomp|Garchomp, L50, M|100/100
|switch|p2a: Whimsicott|Whimsicott, L50, M|100/100
|switch|p2b: Garchomp|Garchomp, L50, M|100/100
|-ability|p1a: Tinkaton|Mold Breaker
|turn|1
|inactive|Battle timer is ON: inactive players will automatically lose when time's up. (requested by failandimprove5)
|
|t:|1782382980
|move|p1a: Tinkaton|Fake Out|p2a: Whimsicott
|-damage|p2a: Whimsicott|86/100
|cant|p2a: Whimsicott|flinch
|move|p1b: Garchomp|Dragon Claw|p2b: Garchomp
|-supereffective|p2b: Garchomp|1
|-damage|p2b: Garchomp|22/100
|-damage|p1b: Garchomp|87/100|[from] ability: Rough Skin|[of] p2b: Garchomp
|move|p2b: Garchomp|Earthquake|p1b: Garchomp|[spread] p2a,p1a,p1b
|-resisted|p2a: Whimsicott|1
|-supereffective|p1a: Tinkaton|1
|-damage|p2a: Whimsicott|51/100
|-damage|p1a: Tinkaton|0 fnt
|-damage|p1b: Garchomp|36/100
|faint|p1a: Tinkaton
|-damage|p2b: Garchomp|13/100|[from] item: Life Orb
|
|upkeep
|
|t:|1782382992
|switch|p1a: Whimsicott|Whimsicott, L50, M|100/100
|turn|2
|
|t:|1782382999
|move|p1a: Whimsicott|Tailwind|p1a: Whimsicott
|-sidestart|p1: NeonIsNuts|move: Tailwind
|move|p2a: Whimsicott|Tailwind|p2a: Whimsicott
|-sidestart|p2: failandimprove5|move: Tailwind
|move|p1b: Garchomp|Rock Slide|p2b: Garchomp|[spread] p2a,p2b
|-resisted|p2b: Garchomp|1
|-damage|p2a: Whimsicott|21/100
|-damage|p2b: Garchomp|3/100
|move|p2b: Garchomp|Earthquake|p1b: Garchomp|[spread] p2a,p1a,p1b
|-resisted|p2a: Whimsicott|1
|-resisted|p1a: Whimsicott|1
|-damage|p2a: Whimsicott|0 fnt
|-damage|p1a: Whimsicott|64/100
|-damage|p1b: Garchomp|0 fnt
|faint|p2a: Whimsicott
|faint|p1b: Garchomp
|-damage|p2b: Garchomp|0 fnt|[from] item: Life Orb
|faint|p2b: Garchomp
|
|upkeep
|
|t:|1782383009
|switch|p2a: Basculegion|Basculegion, L50, M|100/100
|switch|p1b: Eelektross|Eelektross, L50, M|100/100
|switch|p2b: Floette|Floette-Eternal, L50, F|100/100
|turn|3
|inactive|failandimprove5 has 30 seconds left.
|
|t:|1782383036
|detailschange|p2b: Floette|Floette-Mega, L50, F
|-mega|p2b: Floette|Floette|Floettite
|-ability|p2b: Floette|Fairy Aura
|detailschange|p1b: Eelektross|Eelektross-Mega, L50, M
|-mega|p1b: Eelektross|Eelektross|Eelektrossite
|move|p2a: Basculegion|Protect|p2a: Basculegion
|-singleturn|p2a: Basculegion|Protect
|move|p1a: Whimsicott|Sunny Day|p1a: Whimsicott
|-weather|SunnyDay
|move|p2b: Floette|Moonblast|p1a: Whimsicott
|-damage|p1a: Whimsicott|0 fnt
|faint|p1a: Whimsicott
|move|p1b: Eelektross|Flamethrower|p2b: Floette
|-damage|p2b: Floette|58/100
|
|-weather|SunnyDay|[upkeep]
|upkeep
|turn|4
|
|t:|1782383050
|move|p2b: Floette|Moonblast|p1b: Eelektross
|-damage|p1b: Eelektross|11/100
|move|p1b: Eelektross|Discharge|p2b: Floette|[spread] p2a,p2b
|-supereffective|p2a: Basculegion|1
|-damage|p2a: Basculegion|33/100
|-damage|p2b: Floette|33/100
|move|p2a: Basculegion|Last Respects|p1b: Eelektross
|-damage|p1b: Eelektross|0 fnt
|faint|p1b: Eelektross
|
|win|failandimprove5
