|j|☆gamma_90
|j|☆oscraft89
|html|gamma_90oscraft89    
|uhtml|bestof|Game 1 of a best-of-3
|t:|1783110119
|gametype|doubles
|player|p1|gamma_90|2|1249
|player|p2|oscraft89|ethan|1231
|gen|9
|tier|[Gen 9 Champions] VGC 2026 Reg M-B (Bo3)
|rated|
|rule|Species Clause: Limit one of each Pokémon
|rule|Item Clause: Limit 1 of each item
|clearpoke
|poke|p1|Annihilape, L50, M|
|poke|p1|Incineroar, L50, M|
|poke|p1|Maushold-Four, L50|
|poke|p1|Froslass, L50, F|
|poke|p1|Gholdengo, L50|
|poke|p1|Aerodactyl, L50, M|
|poke|p2|Sceptile, L50, F, shiny|
|poke|p2|Rotom-Wash, L50|
|poke|p2|Incineroar, L50, M|
|poke|p2|Sneasler, L50, F|
|poke|p2|Whimsicott, L50, F|
|poke|p2|Gholdengo, L50|
|teampreview|4
|showteam|p1|Annihilape||SitrusBerry|Defiant|DrainPunch,RageFist,BulkUp,Protect|Adamant||M|||50|]Incineroar||PasshoBerry|Intimidate|PartingShot,DarkestLariat,WillOWisp,FakeOut|Careful||M|||50|]Maushold-Four||ChopleBerry|FriendGuard|BeatUp,FollowMe,Taunt,Protect|Timid|||||50|]Froslass||Froslassite|SnowCloak|Blizzard,ShadowBall,AuroraVeil,Protect|Timid||F|||50|]Gholdengo||ChoiceScarf|GoodasGold|MakeItRain,ShadowBall,FlashCannon,PowerGem|Timid|||||50|]Aerodactyl||Aerodactylite|RockHead|RockSlide,Tailwind,IceFang,Protect|Jolly||M|||50|
|showteam|p2|Sceptile||Sceptilite|Overgrow|LeafStorm,DragonPulse,EarthPower,Detect|Modest||F|||50|]Rotom-Wash||ChoiceScarf|Levitate|Discharge,VoltSwitch,HydroPump,Electroweb|Timid|||||50|]Incineroar||ChopleBerry|Intimidate|FlareBlitz,ThroatChop,PartingShot,FakeOut|Adamant||M|||50|]Sneasler||WhiteHerb|Unburden|DireClaw,CloseCombat,FakeOut,Protect|Adamant||F|||50|]Whimsicott||FocusSash|Prankster|Moonblast,Tailwind,Encore,Protect|Timid||F|||50|]Gholdengo||LifeOrb|GoodasGold|MakeItRain,ShadowBall,NastyPlot,Protect|Modest|||||50|
|inactive|Battle timer is ON: inactive players will automatically lose when time's up. (requested by gamma_90)
|inactive|gamma_90 has 60 seconds left.
|inactive|oscraft89 has 60 seconds left.
|
|t:|1783110175
|teamsize|p1|4
|teamsize|p2|4
|start
|switch|p1a: Aerodactyl|Aerodactyl, L50, M|100/100
|switch|p1b: Annihilape|Annihilape, L50, M|100/100
|switch|p2a: Rotom|Rotom-Wash, L50|100/100
|switch|p2b: Sceptile|Sceptile, L50, F, shiny|100/100
|turn|1
|inactive|oscraft89 has 30 seconds left.
|inactive|oscraft89 has 20 seconds left.
|inactive|gamma_90 has 30 seconds left.
|inactive|gamma_90 has 20 seconds left.
|
|t:|1783110227
|detailschange|p2b: Sceptile|Sceptile-Mega, L50, F, shiny
|-mega|p2b: Sceptile|Sceptile|Sceptilite
|move|p2a: Rotom|Electroweb|p1b: Annihilape|[spread] p1b
|-miss|p2a: Rotom|p1a: Aerodactyl
|-damage|p1b: Annihilape|83/100
|-unboost|p1b: Annihilape|spe|1
|-ability|p1b: Annihilape|Defiant|boost
|-boost|p1b: Annihilape|atk|2
|move|p1a: Aerodactyl|Tailwind|p1a: Aerodactyl
|-sidestart|p1: gamma_90|move: Tailwind
|move|p2b: Sceptile|Leaf Storm|p1a: Aerodactyl
|-damage|p1a: Aerodactyl|0 fnt
|-unboost|p2b: Sceptile|spa|2
|faint|p1a: Aerodactyl
|move|p1b: Annihilape|Bulk Up|p1b: Annihilape
|-boost|p1b: Annihilape|atk|1
|-boost|p1b: Annihilape|def|1
|
|upkeep
|
|t:|1783110235
|switch|p1a: Froslass|Froslass, L50, F|100/100
|turn|2
|
|t:|1783110254
|switch|p2b: Incineroar|Incineroar, L50, M|100/100
|-ability|p2b: Incineroar|Intimidate|boost
|-unboost|p1a: Froslass|atk|1
|-unboost|p1b: Annihilape|atk|1
|-ability|p1b: Annihilape|Defiant|boost
|-boost|p1b: Annihilape|atk|2
|detailschange|p1a: Froslass|Froslass-Mega, L50, F
|-mega|p1a: Froslass|Froslass|Froslassite
|-weather|Snowscape|[from] ability: Snow Warning|[of] p1a: Froslass
|move|p1a: Froslass|Blizzard|p2b: Incineroar|[spread] p2a,p2b
|-resisted|p2a: Rotom|1
|-resisted|p2b: Incineroar|1
|-damage|p2a: Rotom|71/100
|-damage|p2b: Incineroar|79/100
|move|p2a: Rotom|Electroweb|p1a: Froslass|[spread] p1a,p1b
|-damage|p1a: Froslass|75/100
|-damage|p1b: Annihilape|67/100
|-unboost|p1a: Froslass|spe|1
|-unboost|p1b: Annihilape|spe|1
|-ability|p1b: Annihilape|Defiant|boost
|-boost|p1b: Annihilape|atk|2
|move|p1b: Annihilape|Rage Fist|p2a: Rotom
|-damage|p2a: Rotom|0 fnt
|faint|p2a: Rotom
|
|-weather|Snowscape|[upkeep]
|upkeep
|inactive|oscraft89 has 30 seconds left.
|
|t:|1783110280
|switch|p2a: Sceptile|Sceptile-Mega, L50, F, shiny|100/100
|turn|3
|
|t:|1783110291
|move|p2a: Sceptile|Detect|p2a: Sceptile
|-singleturn|p2a: Sceptile|Protect
|move|p1a: Froslass|Blizzard|p2b: Incineroar|[spread] p2b
|-activate|p2a: Sceptile|move: Protect
|-resisted|p2b: Incineroar|1
|-damage|p2b: Incineroar|59/100
|move|p1b: Annihilape|Drain Punch|p2b: Incineroar
|-supereffective|p2b: Incineroar|1
|-enditem|p2b: Incineroar|Chople Berry|[eat]
|-enditem|p2b: Incineroar|Chople Berry|[weaken]
|-damage|p2b: Incineroar|0 fnt
|-heal|p1b: Annihilape|95/100|[from] drain|[of] p2b: Incineroar
|faint|p2b: Incineroar
|
|-weather|Snowscape|[upkeep]
|upkeep
|
|t:|1783110301
|switch|p2b: Whimsicott|Whimsicott, L50, F|100/100
|turn|4
|
|t:|1783110323
|move|p1a: Froslass|Blizzard|p2b: Whimsicott|[spread] p2a,p2b
|-supereffective|p2a: Sceptile|2
|-supereffective|p2b: Whimsicott|1
|-damage|p2a: Sceptile|0 fnt
|-enditem|p2b: Whimsicott|Focus Sash
|-damage|p2b: Whimsicott|1/100
|faint|p2a: Sceptile
|move|p2b: Whimsicott|Moonblast|p1b: Annihilape
|-supereffective|p1b: Annihilape|1
|-damage|p1b: Annihilape|33/100
|-enditem|p1b: Annihilape|Sitrus Berry|[eat]
|-heal|p1b: Annihilape|57/100|[from] item: Sitrus Berry
|move|p1b: Annihilape|Rage Fist|p2b: Whimsicott
|-damage|p2b: Whimsicott|0 fnt
|faint|p2b: Whimsicott
|
|win|gamma_90
||gamma_90 is ready for game 2.
||oscraft89 is ready for game 2.
|uhtml|next|Next: Game 2 of 3
