|j|☆sturmkitten69
|j|☆x-demon18
|html|sturmkitten69x-demon18    
|uhtml|bestof|Game 2 of a best-of-3
|t:|1784254051
|gametype|doubles
|player|p1|sturmkitten69|fisherman-gen4|1139
|player|p2|x-demon18|lucas|1007
|gen|9
|tier|[Gen 9 Champions] VGC 2026 Reg M-B (Bo3)
|rated|
|rule|Species Clause: Limit one of each Pokémon
|rule|Item Clause: Limit 1 of each item
|clearpoke
|poke|p1|Weavile, L50, F|
|poke|p1|Mudsdale, L50, M|
|poke|p1|Abomasnow, L50, M|
|poke|p1|Charizard, L50, M|
|poke|p1|Archaludon, L50, M|
|poke|p1|Politoed, L50, F|
|poke|p2|Incineroar, L50, M|
|poke|p2|Rotom-Wash, L50|
|poke|p2|Venusaur, L50, M|
|poke|p2|Garchomp, L50, M|
|poke|p2|Corviknight, L50, F|
|poke|p2|Sylveon, L50, F|
|teampreview|4
|showteam|p1|Weavile||FocusSash|Pickpocket|KnockOff,FakeOut,TripleAxel,Protect|Jolly||F|||50|]Mudsdale||MentalHerb|InnerFocus|Curse,Earthquake,RockSlide,IronHead|Adamant||M|||50|]Abomasnow||LightClay|SnowWarning|Blizzard,AuroraVeil,EnergyBall,EarthPower|Modest||M|||50|]Charizard||CharizarditeY|Blaze|HeatWave,SolarBeam,WeatherBall,Protect|Modest||M|||50|]Archaludon||Leftovers|Stamina|DragonPulse,Protect,ElectroShot,FlashCannon|Modest||M|||50|]Politoed||SitrusBerry|Drizzle|Protect,WeatherBall,PerishSong,Surf|Bold||F|||50|
|showteam|p2|Incineroar||ExpertBelt|Intimidate|FakeOut,TemperFlare,ThroatChop,PartingShot|Adamant||M|||50|]Rotom-Wash||RindoBerry|Levitate|HydroPump,Electroweb,WillOWisp,VoltSwitch|Modest|||||50|]Venusaur||Venusaurite|Chlorophyll|GigaDrain,SludgeBomb,EarthPower,Protect|Modest||M|||50|]Garchomp||LifeOrb|RoughSkin|RockSlide,DragonClaw,StompingTantrum,Protect|Jolly||M|||50|]Corviknight||OccaBerry|MirrorArmor|Tailwind,BraveBird,IronHead,BodyPress|Careful||F|||50|]Sylveon||FairyFeather|Pixilate|HyperVoice,QuickAttack,Yawn,Detect|Modest||F|||50|
|
|t:|1784254103
|teamsize|p1|4
|teamsize|p2|4
|start
|switch|p1a: Weavile|Weavile, L50, F|100/100
|switch|p1b: Abomasnow|Abomasnow, L50, M|100/100
|switch|p2a: Griffith|Corviknight, L50, F|100/100
|switch|p2b: HydroVolt|Rotom-Wash, L50|100/100
|-weather|Snowscape|[from] ability: Snow Warning|[of] p1b: Abomasnow
|turn|1
|
|t:|1784254124
|move|p1a: Weavile|Fake Out|p2a: Griffith
|-resisted|p2a: Griffith|1
|-damage|p2a: Griffith|94/100
|move|p2b: HydroVolt|Electroweb|p1b: Abomasnow|[spread] p1a,p1b
|-resisted|p1b: Abomasnow|1
|-damage|p1a: Weavile|75/100
|-damage|p1b: Abomasnow|91/100
|-unboost|p1a: Weavile|spe|1
|-unboost|p1b: Abomasnow|spe|1
|cant|p2a: Griffith|flinch
|move|p1b: Abomasnow|Energy Ball|p2b: HydroVolt
|-supereffective|p2b: HydroVolt|1
|-enditem|p2b: HydroVolt|Rindo Berry|[eat]
|-enditem|p2b: HydroVolt|Rindo Berry|[weaken]
|-damage|p2b: HydroVolt|63/100
|
|-weather|Snowscape|[upkeep]
|upkeep
|turn|2
|
|t:|1784254153
|switch|p2b: Wolverine|Incineroar, L50, M|100/100
|-ability|p2b: Wolverine|Intimidate|boost
|-unboost|p1a: Weavile|atk|1
|-unboost|p1b: Abomasnow|atk|1
|move|p1a: Weavile|Triple Axel|p2a: Griffith
|-damage|p2a: Griffith|89/100
|-damage|p2a: Griffith|78/100
|-damage|p2a: Griffith|62/100
|-hitcount|p2a: Griffith|3
|move|p2a: Griffith|Iron Head|p1b: Abomasnow
|-supereffective|p1b: Abomasnow|1
|-damage|p1b: Abomasnow|50/100g
|move|p1b: Abomasnow|Energy Ball|p2b: Wolverine
|-resisted|p2b: Wolverine|1
|-damage|p2b: Wolverine|85/100
|
|-weather|Snowscape|[upkeep]
|upkeep
|turn|3
|-message|sturmkitten69 forfeited.
|
|win|x-demon18
|raw|sturmkitten69's rating: 1139 → 1105(-34 for losing)
|raw|x-demon18's rating: 1007 → 1060(+53 for winning)
|l|☆sturmkitten69
|player|p1|
