|j|☆dean44
|j|☆bbbbbesbes
|html|dean44bbbbbesbes    
|uhtml|bestof|Game 1 of a best-of-3
|t:|1784511505
|gametype|doubles
|player|p1|dean44|266|1115
|player|p2|bbbbbesbes|1|1093
|gen|9
|tier|[Gen 9 Champions] VGC 2026 Reg M-B (Bo3)
|rated|
|rule|Species Clause: Limit one of each Pokémon
|rule|Item Clause: Limit 1 of each item
|clearpoke
|poke|p1|Pelipper, L50, M|
|poke|p1|Meganium, L50, M|
|poke|p1|Sneasler, L50, F|
|poke|p1|Farigiraf, L50, M|
|poke|p1|Swampert, L50, M|
|poke|p1|Archaludon, L50, M|
|poke|p2|Whimsicott, L50, F|
|poke|p2|Garchomp, L50, M|
|poke|p2|Tyranitar, L50, M|
|poke|p2|Metagross, L50|
|poke|p2|Incineroar, L50, F|
|poke|p2|Sneasler, L50, F|
|teampreview|4
|showteam|p1|Pelipper||DampRock|Drizzle|Hurricane,WeatherBall,WideGuard,Tailwind|Modest||M|||50|]Meganium||Meganiumite|LeafGuard|SolarBeam,DazzlingGleam,Protect,WeatherBall|Modest||M|||50|]Sneasler||WhiteHerb|PoisonTouch|DireClaw,FakeOut,CloseCombat,Protect|Jolly||F|||50|]Farigiraf||LumBerry|ArmorTail|TrickRoom,HelpingHand,HyperVoice,PsychicNoise|Quiet||M|||50|]Swampert||Swampertite|Damp|WaveCrash,Earthquake,FlipTurn,RockSlide|Adamant||M|||50|]Archaludon||Leftovers|Stamina|ElectroShot,DragonPulse,FlashCannon,Protect|Timid||M|||50|
|showteam|p2|Whimsicott||FocusSash|Prankster|Tailwind,LeechSeed,Encore,Moonblast|Bold||F|||50|]Garchomp||YacheBerry|RoughSkin|RockSlide,DragonClaw,StompingTantrum,Protect|Jolly||M|||50|]Tyranitar||Tyranitarite|SandStream|HighHorsepower,Protect,RockSlide,Crunch|Adamant||M|||50|]Metagross||Metagrossite|ClearBody|MeteorMash,PsychicFangs,Protect,ThunderPunch|Jolly|||||50|]Incineroar||Leftovers|Intimidate|FakeOut,PartingShot,DarkestLariat,FlareBlitz|Adamant||F|||50|]Sneasler||WhiteHerb|Unburden|FakeOut,Coaching,DireClaw,CloseCombat|Adamant||F|||50|
|inactive|Battle timer is ON: inactive players will automatically lose when time's up. (requested by bbbbbesbes)
|inactive|dean44 has 60 seconds left.
|inactive|bbbbbesbes has 60 seconds left.
|
|t:|1784511555
|teamsize|p1|4
|teamsize|p2|4
|start
|switch|p1a: Swampert|Swampert, L50, M|100/100
|switch|p1b: Archaludon|Archaludon, L50, M|100/100
|switch|p2a: Sneasler|Sneasler, L50, F|100/100
|switch|p2b: Tyranitar|Tyranitar, L50, M|100/100
|-weather|Sandstorm|[from] ability: Sand Stream|[of] p2b: Tyranitar
|turn|1
|inactive|bbbbbesbes has 30 seconds left.
|inactive|bbbbbesbes has 20 seconds left.
|
|t:|1784511592
|detailschange|p2b: Tyranitar|Tyranitar-Mega, L50, M
|-mega|p2b: Tyranitar|Tyranitar|Tyranitarite
|detailschange|p1a: Swampert|Swampert-Mega, L50, M
|-mega|p1a: Swampert|Swampert|Swampertite
|move|p1b: Archaludon|Protect|p1b: Archaludon
|-singleturn|p1b: Archaludon|Protect
|move|p2a: Sneasler|Close Combat|p1b: Archaludon
|-activate|p1b: Archaludon|move: Protect
|move|p2b: Tyranitar|Crunch|p1a: Swampert
|-damage|p1a: Swampert|49/100
|-unboost|p1a: Swampert|def|1
|move|p1a: Swampert|Earthquake|p2b: Tyranitar|[spread] p2a,p2b
|-activate|p1b: Archaludon|move: Protect
|-supereffective|p2a: Sneasler|1
|-supereffective|p2b: Tyranitar|1
|-damage|p2a: Sneasler|0 fnt
|-damage|p2b: Tyranitar|32/100
|faint|p2a: Sneasler
|
|-weather|Sandstorm|[upkeep]
|upkeep
|
|t:|1784511605
|switch|p2a: Incineroar|Incineroar, L50, F|100/100
|-ability|p2a: Incineroar|Intimidate|boost
|-unboost|p1a: Swampert|atk|1
|-unboost|p1b: Archaludon|atk|1
|turn|2
|
|t:|1784511614
|switch|p1a: Pelipper|Pelipper, L50, M|100/100
|-weather|RainDance|[from] ability: Drizzle|[of] p1a: Pelipper
|move|p2a: Incineroar|Fake Out|p1a: Pelipper
|-damage|p1a: Pelipper|85/100
|move|p1b: Archaludon|Flash Cannon|p2b: Tyranitar
|-supereffective|p2b: Tyranitar|1
|-damage|p2b: Tyranitar|0 fnt
|faint|p2b: Tyranitar
|
|-weather|RainDance|[upkeep]
|upkeep
|
|t:|1784511617
|switch|p2b: Garchomp|Garchomp, L50, M|100/100
|turn|3
|-message|bbbbbesbes forfeited.
|
|win|dean44
|l|☆bbbbbesbes
|player|p2|
|raw|dean44's rating: 1115 → 1138(+23 for winning)
|raw|bbbbbesbes's rating: 1093 → 1071(-22 for losing)
