|badge|p2|bronze|gen9doublesou|100-6
|uhtml|medal-msg|Curious what those medals under the avatar are? PS now has Ladder Seasons! For more information, check out the thread on Smogon.
|j|☆RoroxC5T0)
|j|☆tnts9gwen'sglamor
|html|RoroxC5T0)tnts9gwen'sglamor    
|uhtml|bestof|Game 2 of a best-of-3
|t:|1754428956
|gametype|doubles
|player|p1|RoroxC5T0)|ghetsis-gen5bw|1147
|player|p2|tnts9gwen'sglamor|1|1275
|gen|9
|tier|[Gen 9] VGC 2025 Reg H (Bo3)
|rated|
|rule|Species Clause: Limit one of each Pokémon
|rule|Item Clause: Limit 1 of each item
|clearpoke
|poke|p1|Indeedee-F, L50, F|
|poke|p1|Torkoal, L50, M|
|poke|p1|Hatterene, L50, F|
|poke|p1|Gallade, L50, M|
|poke|p1|Charizard, L50, F|
|poke|p1|Zoroark-Hisui, L50, M|
|poke|p2|Gholdengo, L50|
|poke|p2|Sneasler, L50, M|
|poke|p2|Rillaboom, L50, F|
|poke|p2|Dragonite, L50, F|
|poke|p2|Ninetales-Alola, L50, M|
|poke|p2|Arcanine-Hisui, L50, F|
|teampreview|4
|showteam|p1|Indeedee-F||SafetyGoggles|PsychicSurge|FollowMe,TrickRoom,HelpingHand,Psychic|||F|||50|,,,,,Water]Torkoal||Charcoal|Drought|Eruption,HelpingHand,WeatherBall,Protect|||M|||50|,,,,,Fire]Hatterene||LifeOrb|MagicBounce|Protect,TrickRoom,DazzlingGleam,ExpandingForce|||F|||50|,,,,,Psychic]Gallade||ClearAmulet|Sharpness|SacredSword,WideGuard,PsychoCut,TrickRoom|||M|||50|,,,,,Grass]Charizard||ChoiceScarf|SolarPower|Overheat,HeatWave,WeatherBall,AirSlash|||F|||50|,,,,,Fire]Zoroark-Hisui||ChoiceSpecs|Illusion|HyperVoice,HyperBeam,ShadowBall,Flamethrower|||M|||50|,,,,,Stellar
|showteam|p2|Gholdengo||GrassySeed|GoodasGold|NastyPlot,MakeItRain,ShadowBall,Protect||||||50|,,,,,Water]Sneasler||WhiteHerb|Unburden|CloseCombat,DireClaw,Coaching,Protect|||M|||50|,,,,,Ghost]Rillaboom||AssaultVest|GrassySurge|FakeOut,GrassyGlide,DrumBeating,HighHorsepower|||F|||50|,,,,,Fire]Dragonite||LoadedDice|Multiscale|ScaleShot,StompingTantrum,Tailwind,Protect|||F|||50|,,,,,Ground]Ninetales-Alola||FocusSash|SnowWarning|Blizzard,IcyWind,Encore,AuroraVeil|||M|||50|,,,,,Ghost]Arcanine-Hisui||ClearAmulet|Intimidate|RockSlide,FlareBlitz,ExtremeSpeed,Protect|||F|||50|,,,,,Water
|inactive|Battle timer is ON: inactive players will automatically lose when time's up. (requested by tnts9gwen'sglamor)
|inactive|RoroxC5T0) also wants the timer to be on.
|j| Blacksummer
|j| Champion Cazperz
|inactive|RoroxC5T0) has 60 seconds left.
|inactive|RoroxC5T0) has 30 seconds left.
|
|t:|1754429019
|teamsize|p1|4
|teamsize|p2|4
|start
|switch|p1a: Hatterene|Hatterene, L50, F|100/100
|switch|p1b: Indeedee|Indeedee-F, L50, F|100/100
|switch|p2a: Arcanine|Arcanine-Hisui, L50, F|100/100
|switch|p2b: Sneasler|Sneasler, L50, M|100/100
|-ability|p2a: Arcanine|Intimidate|boost
|-unboost|p1a: Hatterene|atk|1
|-unboost|p1b: Indeedee|atk|1
|-fieldstart|move: Psychic Terrain|[from] ability: Psychic Surge|[of] p1b: Indeedee
|turn|1
|inactive|RoroxC5T0) has 30 seconds left.
|l| Champion Cazperz
|
|t:|1754429047
|switch|p2b: Rillaboom|Rillaboom, L50, F|100/100
|-fieldstart|move: Grassy Terrain|[from] ability: Grassy Surge|[of] p2b: Rillaboom
|move|p1a: Hatterene|Shadow Ball|p2a: Arcanine
|-damage|p2a: Arcanine|21/100
|move|p2a: Arcanine|Rock Slide|p1b: Indeedee|[spread] p1a,p1b
|-damage|p1a: Hatterene|49/100
|-damage|p1b: Indeedee|73/100
|replace|p1a: Zoroark|Zoroark-Hisui, L50, M
|-end|p1a: Zoroark|Illusion
|move|p1b: Indeedee|Psychic|p2b: Rillaboom
|-damage|p2b: Rillaboom|77/100
|
|-heal|p1a: Zoroark|55/100|[from] Grassy Terrain
|-heal|p2a: Arcanine|27/100|[from] Grassy Terrain
|-heal|p2b: Rillaboom|83/100|[from] Grassy Terrain
|-heal|p1b: Indeedee|80/100|[from] Grassy Terrain
|upkeep
|turn|2
|
|t:|1754429069
|move|p2b: Rillaboom|Grassy Glide|p1a: Zoroark
|-damage|p1a: Zoroark|0 fnt
|faint|p1a: Zoroark
|move|p2a: Arcanine|Rock Slide|p1b: Indeedee
|-damage|p1b: Indeedee|42/100
|move|p1b: Indeedee|Psychic|p2a: Arcanine
|-damage|p2a: Arcanine|0 fnt
|faint|p2a: Arcanine
|
|-heal|p2b: Rillaboom|88/100|[from] Grassy Terrain
|-heal|p1b: Indeedee|49/100|[from] Grassy Terrain
|upkeep
|
|t:|1754429087
|switch|p1a: Hatterene|Hatterene, L50, F|100/100
|switch|p2a: Sneasler|Sneasler, L50, M|100/100
|turn|3
|
|t:|1754429108
|-terastallize|p2a: Sneasler|Ghost
|move|p1b: Indeedee|Follow Me|p1b: Indeedee
|-singleturn|p1b: Indeedee|move: Follow Me
|move|p2b: Rillaboom|Grassy Glide|p1b: Indeedee
|-damage|p1b: Indeedee|18/100
|move|p2a: Sneasler|Dire Claw|p1b: Indeedee
|-damage|p1b: Indeedee|0 fnt
|faint|p1b: Indeedee
|move|p1a: Hatterene|Trick Room|p1a: Hatterene
|-fieldstart|move: Trick Room|[of] p1a: Hatterene
|
|-heal|p2b: Rillaboom|94/100|[from] Grassy Terrain
|upkeep
|j| Champion Cazperz
|
|t:|1754429116
|switch|p1b: Torkoal|Torkoal, L50, M|100/100
|-weather|SunnyDay|[from] ability: Drought|[of] p1b: Torkoal
|turn|4
|
|t:|1754429126
|-terastallize|p1b: Torkoal|Fire
|move|p2a: Sneasler|Protect|p2a: Sneasler
|-singleturn|p2a: Sneasler|Protect
|move|p2b: Rillaboom|Grassy Glide|p1a: Hatterene
|-damage|p1a: Hatterene|63/100
|move|p1b: Torkoal|Eruption|p2a: Sneasler|[spread] p2b
|-activate|p2a: Sneasler|move: Protect
|-supereffective|p2b: Rillaboom
|-damage|p2b: Rillaboom|0 fnt
|faint|p2b: Rillaboom
|move|p1a: Hatterene|Dazzling Gleam|p2a: Sneasler
|-activate|p2a: Sneasler|move: Protect
|
|-weather|SunnyDay|[upkeep]
|-heal|p1a: Hatterene|68/100|[from] Grassy Terrain
|upkeep
|
|t:|1754429130
|switch|p2b: Dragonite|Dragonite, L50, F|100/100
|turn|5
|-message|tnts9gwen'sglamor forfeited.
|raw|RoroxC5T0)'s rating: 1147 → 1181(+34 for winning)
|raw|tnts9gwen'sglamor's rating: 1275 → 1241(-34 for losing)
|
|win|RoroxC5T0)
|l|☆tnts9gwen'sglamor
|player|p2|
|l| Champion Cazperz
|l| Blacksummer
