|j|☆JuanGuerrero09
|j|☆bpecina03
|html|JuanGuerrero09bpecina03    
|uhtml|bestof|Game 1 of a best-of-3
|t:|1756650196
|gametype|doubles
|player|p1|JuanGuerrero09|265|1173
|player|p2|bpecina03|101|1090
|gen|9
|tier|[Gen 9] VGC 2025 Reg H (Bo3)
|rated|
|rule|Species Clause: Limit one of each Pokémon
|rule|Item Clause: Limit 1 of each item
|clearpoke
|poke|p1|Sneasler, L50, M|
|poke|p1|Indeedee, L50, M|
|poke|p1|Tyranitar, L50, M|
|poke|p1|Excadrill, L50, M|
|poke|p1|Annihilape, L50, M|
|poke|p1|Hydreigon, L50, F|
|poke|p2|Tyranitar, L50, F|
|poke|p2|Annihilape, L50, F|
|poke|p2|Talonflame, L50, F|
|poke|p2|Primarina, L50, M|
|poke|p2|Incineroar, L50, F|
|poke|p2|Garchomp, L50, F|
|teampreview|4
|showteam|p1|Sneasler||PsychicSeed|Unburden|CloseCombat,DireClaw,ThroatChop,Protect|||M|||50|,,,,,Dark]Indeedee||ChoiceScarf|PsychicSurge|ExpandingForce,TeraBlast,Trick,DazzlingGleam|||M|||50|,,,,,Fire]Tyranitar||AssaultVest|SandStream|RockSlide,KnockOff,TeraBlast,LowKick|||M|||50|,,,,,Flying]Excadrill||FocusSash|SandRush|HighHorsepower,Earthquake,IronHead,Protect|||M|||50|,,,,,Ground]Annihilape||SafetyGoggles|Defiant|CloseCombat,RageFist,Taunt,FinalGambit|||M|||50|,,,,,Psychic]Hydreigon||CovertCloak|Levitate|Snarl,Tailwind,DracoMeteor,Protect|||F|||50|,,,,,Poison
|showteam|p2|Tyranitar||AssaultVest|SandStream|RockSlide,TeraBlast,KnockOff,LowKick|||F|||50|,,,,,Flying]Annihilape||SitrusBerry|Defiant|RageFist,Taunt,Protect,DrainPunch|||F|||50|,,,,,Grass]Talonflame||CovertCloak|FlameBody|Tailwind,BraveBird,WillOWisp,Protect|||F|||50|,,,,,Grass]Primarina||ThroatSpray|LiquidVoice|HyperVoice,Haze,Moonblast,Protect|||M|||50|,,,,,Steel]Incineroar||SafetyGoggles|Intimidate|FakeOut,KnockOff,FlareBlitz,PartingShot|||F|||50|,,,,,Ghost]Garchomp||LifeOrb|SandVeil|StompingTantrum,Earthquake,Protect,DragonClaw|||F|||50|,,,,,Ground
|
|t:|1756650242
|teamsize|p1|4
|teamsize|p2|4
|start
|switch|p1a: Indeedee|Indeedee, L50, M|100/100
|switch|p1b: Annihilape|Annihilape, L50, M|100/100
|switch|p2a: Primarina|Primarina, L50, M|100/100
|switch|p2b: Talonflame|Talonflame, L50, F|100/100
|-fieldstart|move: Psychic Terrain|[from] ability: Psychic Surge|[of] p1a: Indeedee
|turn|1
|
|t:|1756650265
|move|p1a: Indeedee|Expanding Force|p2a: Primarina|[spread] p2a,p2b
|-damage|p2a: Primarina|44/100
|-damage|p2b: Talonflame|23/100
|move|p2b: Talonflame|Tailwind|p2b: Talonflame
|-sidestart|p2: bpecina03|move: Tailwind
|move|p2a: Primarina|Hyper Voice|p1b: Annihilape|[spread] p1a,p1b
|-crit|p1b: Annihilape
|-damage|p1a: Indeedee|52/100
|-damage|p1b: Annihilape|42/100
|-enditem|p2a: Primarina|Throat Spray
|-boost|p2a: Primarina|spa|1|[from] item: Throat Spray
|move|p1b: Annihilape|Final Gambit|p2a: Primarina
|-damage|p2a: Primarina|0 fnt
|faint|p1b: Annihilape
|faint|p2a: Primarina
|
|upkeep
|
|t:|1756650278
|switch|p1b: Sneasler|Sneasler, L50, M|100/100
|switch|p2a: Incineroar|Incineroar, L50, F|100/100
|-ability|p2a: Incineroar|Intimidate|boost
|-unboost|p1a: Indeedee|atk|1
|-unboost|p1b: Sneasler|atk|1
|-enditem|p1b: Sneasler|Psychic Seed
|-boost|p1b: Sneasler|spd|1|[from] item: Psychic Seed
|turn|2
|
|t:|1756650298
|switch|p1a: Hydreigon|Hydreigon, L50, F|100/100
|move|p2b: Talonflame|Brave Bird|p1b: Sneasler
|-supereffective|p1b: Sneasler
|-damage|p1b: Sneasler|0 fnt
|faint|p1b: Sneasler
|-damage|p2b: Talonflame|0 fnt|[from] Recoil
|faint|p2b: Talonflame
|move|p2a: Incineroar|Knock Off|p1a: Hydreigon
|-resisted|p1a: Hydreigon
|-damage|p1a: Hydreigon|78/100
|-enditem|p1a: Hydreigon|Covert Cloak|[from] move: Knock Off|[of] p2a: Incineroar
|
|upkeep
|
|t:|1756650309
|switch|p2b: Garchomp|Garchomp, L50, F|100/100
|switch|p1b: Indeedee|Indeedee, L50, M|52/100
|turn|3
|
|t:|1756650331
|-terastallize|p2b: Garchomp|Ground
|move|p1a: Hydreigon|Protect|p1a: Hydreigon
|-singleturn|p1a: Hydreigon|Protect
|move|p2b: Garchomp|Dragon Claw|p1a: Hydreigon
|-activate|p1a: Hydreigon|move: Protect
|move|p1b: Indeedee|Expanding Force|p2b: Garchomp|[spread] p2b
|-immune|p2a: Incineroar
|-damage|p2b: Garchomp|40/100
|move|p2a: Incineroar|Knock Off|p1b: Indeedee
|-supereffective|p1b: Indeedee
|-damage|p1b: Indeedee|0 fnt
|-enditem|p1b: Indeedee|Choice Scarf|[from] move: Knock Off|[of] p2a: Incineroar
|faint|p1b: Indeedee
|
|upkeep
|turn|4
|
|t:|1756650355
|move|p2b: Garchomp|Dragon Claw|p1a: Hydreigon
|-supereffective|p1a: Hydreigon
|-damage|p1a: Hydreigon|0 fnt
|faint|p1a: Hydreigon
|-damage|p2b: Garchomp|30/100|[from] item: Life Orb
|
|win|bpecina03
