|j|☆marcosdeltasena31
|j|☆Roncolaenjoyer
|html|marcosdeltasena31Roncolaenjoyer    
|uhtml|bestof|Game 1 of a best-of-3
|t:|1783027658
|gametype|doubles
|player|p1|marcosdeltasena31|hilbert|1486
|player|p2|Roncolaenjoyer|nate|1426
|gen|9
|tier|[Gen 9 Champions] VGC 2026 Reg M-B (Bo3)
|rated|
|rule|Species Clause: Limit one of each Pokémon
|rule|Item Clause: Limit 1 of each item
|clearpoke
|poke|p1|Charizard, L50, M, shiny|
|poke|p1|Floette-Eternal, L50, F|
|poke|p1|Whimsicott, L50, M|
|poke|p1|Garchomp, L50, M|
|poke|p1|Basculegion, L50, M|
|poke|p1|Kingambit, L50, F|
|poke|p2|Charizard, L50, F|
|poke|p2|Sylveon, L50, F|
|poke|p2|Farigiraf, L50, M|
|poke|p2|Aerodactyl, L50, M|
|poke|p2|Kingambit, L50, F|
|poke|p2|Garchomp, L50, F|
|teampreview|4
|showteam|p1|Charizard||CharizarditeY|Blaze|HeatWave,WeatherBall,SolarBeam,Protect|Modest||M|||50|]Floette-Eternal||Floettite|FlowerVeil|Moonblast,DazzlingGleam,LightofRuin,Protect|Modest||F|||50|]Whimsicott||FocusSash|Prankster|Moonblast,Tailwind,Encore,Protect|Timid||M|||50|]Garchomp||LifeOrb|RoughSkin|RockSlide,DragonClaw,Earthquake,Protect|Jolly||M|||50|]Basculegion||MysticWater|Adaptability|WaveCrash,LastRespects,AquaJet,Protect|Adamant||M|||50|]Kingambit||ChopleBerry|Defiant|KowtowCleave,LowKick,SuckerPunch,Protect|Adamant||F|||50|
|showteam|p2|Charizard||CharizarditeY|SolarPower|Protect,WeatherBall,SolarBeam,HeatWave|Modest||F|||50|]Sylveon||FairyFeather|Pixilate|Detect,HyperVoice,QuickAttack,HyperBeam|Modest||F|||50|]Farigiraf||SitrusBerry|ArmorTail|Thunderbolt,Psychic,Roar,TrickRoom|Bold||M|||50|]Aerodactyl||Aerodactylite|Unnerve|RockSlide,DualWingbeat,IceFang,Tailwind|Jolly||M|||50|]Kingambit||FocusSash|Defiant|KowtowCleave,SuckerPunch,IronHead,LowKick|Adamant||F|||50|]Garchomp||LifeOrb|RoughSkin|Earthquake,StompingTantrum,DragonClaw,Protect|Jolly||F|||50|
|inactive|Battle timer is ON: inactive players will automatically lose when time's up. (requested by Roncolaenjoyer)
|inactive|marcosdeltasena31 has 60 seconds left.
|
|t:|1783027693
|teamsize|p1|4
|teamsize|p2|4
|start
|switch|p1a: Floette|Floette-Eternal, L50, F|100/100
|switch|p1b: Whimsicott|Whimsicott, L50, M|100/100
|switch|p2a: Charizard|Charizard, L50, F|100/100
|switch|p2b: Sylveon|Sylveon, L50, F|100/100
|turn|1
|
|t:|1783027703
|detailschange|p1a: Floette|Floette-Mega, L50, F
|-mega|p1a: Floette|Floette|Floettite
|-ability|p1a: Floette|Fairy Aura
|detailschange|p2a: Charizard|Charizard-Mega-Y, L50, F
|-mega|p2a: Charizard|Charizard|Charizardite Y
|-weather|SunnyDay|[from] ability: Drought|[of] p2a: Charizard
|move|p1b: Whimsicott|Moonblast|p2b: Sylveon
|-damage|p2b: Sylveon|59/100
|move|p1a: Floette|Moonblast|p2b: Sylveon
|-damage|p2b: Sylveon|0 fnt
|faint|p2b: Sylveon
|move|p2a: Charizard|Heat Wave|p1a: Floette|[spread] p1a
|-miss|p2a: Charizard|p1b: Whimsicott
|-damage|p1a: Floette|44/100
|
|-weather|SunnyDay|[upkeep]
|upkeep
|
|t:|1783027719
|switch|p2b: Kingambit|Kingambit, L50, F|100/100
|turn|2
|
|t:|1783027734
|move|p1b: Whimsicott|Tailwind|p1b: Whimsicott
|-sidestart|p1: marcosdeltasena31|move: Tailwind
|move|p2b: Kingambit|Sucker Punch||[still]
|-fail|p2b: Kingambit
|move|p1a: Floette|Moonblast|p2b: Kingambit
|-crit|p2b: Kingambit
|-enditem|p2b: Kingambit|Focus Sash
|-damage|p2b: Kingambit|1/100
|move|p2a: Charizard|Heat Wave|p1a: Floette|[spread] p1a
|-miss|p2a: Charizard|p1b: Whimsicott
|-damage|p1a: Floette|0 fnt
|faint|p1a: Floette
|
|-weather|SunnyDay|[upkeep]
|upkeep
|
|t:|1783027745
|switch|p1a: Garchomp|Garchomp, L50, M|100/100
|turn|3
|
|t:|1783027751
|move|p2b: Kingambit|Sucker Punch|p1b: Whimsicott
|-resisted|p1b: Whimsicott|1
|-damage|p1b: Whimsicott|68/100
|move|p1b: Whimsicott|Moonblast|p2a: Charizard
|-resisted|p2a: Charizard|1
|-damage|p2a: Charizard|85/100
|move|p1a: Garchomp|Rock Slide|p2b: Kingambit|[spread] p2a,p2b
|-supereffective|p2a: Charizard|2
|-resisted|p2b: Kingambit|1
|-damage|p2a: Charizard|0 fnt
|-damage|p2b: Kingambit|0 fnt
|faint|p2a: Charizard
|faint|p2b: Kingambit
|-damage|p1a: Garchomp|90/100|[from] item: Life Orb
|
|-weather|SunnyDay|[upkeep]
|upkeep
|-message|Roncolaenjoyer forfeited.
|
|win|marcosdeltasena31
