|j|☆kdbc73
|j|☆chawieeee
|html|kdbc73chawieeee    
|uhtml|bestof|Game 1 of a best-of-3
|t:|1756226839
|gametype|doubles
|player|p1|kdbc73|lucas|1215
|player|p2|chawieeee|102|1169
|gen|9
|tier|[Gen 9] VGC 2025 Reg H (Bo3)
|rated|
|rule|Species Clause: Limit one of each Pokémon
|rule|Item Clause: Limit 1 of each item
|clearpoke
|poke|p1|Sneasler, L50, F|
|poke|p1|Indeedee, L50, M|
|poke|p1|Ursaluna-Bloodmoon, L50, M|
|poke|p1|Electabuzz, L50, F|
|poke|p1|Incineroar, L50, F|
|poke|p1|Talonflame, L50, F|
|poke|p2|Tinkaton, L50, F|
|poke|p2|Ursaluna-Bloodmoon, L50, M|
|poke|p2|Volcarona, L50, M|
|poke|p2|Tauros-Paldea-Aqua, L50, M|
|poke|p2|Rillaboom, L50, F|
|poke|p2|Clefairy, L50, F|
|teampreview|4
|showteam|p1|Sneasler||PsychicSeed|Unburden|CloseCombat,DireClaw,ThroatChop,Protect|||F|||50|,,,,,Dark]Indeedee||FocusSash|PsychicSurge|ExpandingForce,TrickRoom,HelpingHand,Protect|||M|||50|,,,,,Psychic]Ursaluna-Bloodmoon||LifeOrb|MindsEye|BloodMoon,HyperVoice,EarthPower,Protect|||M|||50|,,,,,Normal]Electabuzz||Eviolite|VitalSpirit|Electroweb,FollowMe,Taunt,Protect|||F|||50|,,,,,Dragon]Incineroar||SafetyGoggles|Intimidate|FlareBlitz,KnockOff,PartingShot,FakeOut|||F|||50|,,,,,Ghost]Talonflame||CovertCloak|GaleWings|FlareBlitz,DualWingbeat,WillOWisp,Tailwind|||F|||50|,,,,,Fairy
|showteam|p2|Tinkaton||SafetyGoggles|MoldBreaker|FakeOut,ThunderWave,Encore,RockSlide|||F|||50|,,,,,Water]Ursaluna-Bloodmoon||LifeOrb|MindsEye|BloodMoon,EarthPower,HyperVoice,Protect|||M|||50|,,,,,Ghost]Volcarona||Leftovers|FlameBody|GigaDrain,QuiverDance,HeatWave,Protect|||M|||50|,,,,,Dragon]Tauros-Paldea-Aqua||UtilityUmbrella|Intimidate|CloseCombat,Protect,AquaJet,WaveCrash|||M|||50|,,,,,Stellar]Rillaboom||AssaultVest|GrassySurge|FakeOut,Uturn,WoodHammer,GrassyGlide|||F|||50|,,,,,Fire]Clefairy||Eviolite|FriendGuard|FollowMe,Protect,Moonblast,AfterYou|||F|||50|,,,,,Steel
|
|t:|1756226870
|teamsize|p1|4
|teamsize|p2|4
|start
|switch|p1a: Indeedee|Indeedee, L50, M|100/100
|switch|p1b: Electabuzz|Electabuzz, L50, F|100/100
|switch|p2a: Tinkaton|Tinkaton, L50, F|100/100
|switch|p2b: Ursaluna|Ursaluna-Bloodmoon, L50, M|100/100
|-fieldstart|move: Psychic Terrain|[from] ability: Psychic Surge|[of] p1a: Indeedee
|-ability|p2a: Tinkaton|Mold Breaker
|turn|1
|
|t:|1756226906
|switch|p2a: Volcarona|Volcarona, L50, M|100/100
|move|p1b: Electabuzz|Follow Me|p1b: Electabuzz
|-singleturn|p1b: Electabuzz|move: Follow Me
|move|p1a: Indeedee|Expanding Force|p2a: Volcarona|[spread] p2a,p2b
|-damage|p2a: Volcarona|52/100
|-damage|p2b: Ursaluna|39/100
|move|p2b: Ursaluna|Earth Power|p1b: Electabuzz
|-supereffective|p1b: Electabuzz
|-damage|p1b: Electabuzz|0 fnt
|faint|p1b: Electabuzz
|-damage|p2b: Ursaluna|30/100|[from] item: Life Orb
|
|-heal|p2a: Volcarona|58/100|[from] item: Leftovers
|upkeep
|
|t:|1756226926
|switch|p1b: Ursaluna|Ursaluna-Bloodmoon, L50, M|100/100
|turn|2
|
|t:|1756226951
|-terastallize|p1a: Indeedee|Psychic
|move|p2a: Volcarona|Protect|p2a: Volcarona
|-singleturn|p2a: Volcarona|Protect
|move|p1a: Indeedee|Expanding Force|p2b: Ursaluna|[spread] p2b
|-activate|p2a: Volcarona|move: Protect
|-damage|p2b: Ursaluna|0 fnt
|faint|p2b: Ursaluna
|move|p1b: Ursaluna|Hyper Voice|p2a: Volcarona
|-activate|p2a: Volcarona|move: Protect
|
|-heal|p2a: Volcarona|65/100|[from] item: Leftovers
|upkeep
|
|t:|1756226966
|switch|p2b: Tauros|Tauros-Paldea-Aqua, L50, M|100/100
|-ability|p2b: Tauros|Intimidate|boost
|-unboost|p1a: Indeedee|atk|1
|-unboost|p1b: Ursaluna|atk|1
|turn|3
|
|t:|1756226983
|move|p2b: Tauros|Protect|p2b: Tauros
|-singleturn|p2b: Tauros|Protect
|move|p1a: Indeedee|Expanding Force|p2a: Volcarona|[spread] p2a
|-activate|p2b: Tauros|move: Protect
|-damage|p2a: Volcarona|2/100
|move|p2a: Volcarona|Quiver Dance|p2a: Volcarona
|-boost|p2a: Volcarona|spa|1
|-boost|p2a: Volcarona|spd|1
|-boost|p2a: Volcarona|spe|1
|move|p1b: Ursaluna|Hyper Voice|p2a: Volcarona|[spread] p2a
|-activate|p2b: Tauros|move: Protect
|-damage|p2a: Volcarona|0 fnt
|faint|p2a: Volcarona
|-damage|p1b: Ursaluna|91/100|[from] item: Life Orb
|
|upkeep
|-message|chawieeee forfeited.
|
|win|kdbc73
|l|☆chawieeee
|player|p2|
||kdbc73 is ready for game 2.
|j|☆chawieeee
|player|p2|chawieeee|102|
||chawieeee is ready for game 2.
|uhtml|next|Next: Game 2 of 3
|l|☆chawieeee
|player|p2|
