|j|☆hagay123
|j|☆larry08
|html|hagay123larry08    
|uhtml|bestof|Game 1 of a best-of-3
|t:|1757663569
|gametype|doubles
|player|p1|hagay123|101|1041
|player|p2|larry08|102|1000
|gen|9
|tier|[Gen 9] VGC 2025 Reg H (Bo3)
|rated|
|rule|Species Clause: Limit one of each Pokémon
|rule|Item Clause: Limit 1 of each item
|clearpoke
|poke|p1|Politoed, L50, F|
|poke|p1|Primarina, L50, F|
|poke|p1|Incineroar, L50, M|
|poke|p1|Amoonguss, L50, M|
|poke|p1|Kingdra, L50, F|
|poke|p1|Arcanine-Hisui, L50, M|
|poke|p2|Tinkaton, L50, F|
|poke|p2|Gholdengo, L50|
|poke|p2|Dragonite, L50, F|
|poke|p2|Ursaluna, L50, F|
|poke|p2|Porygon2, L50|
|poke|p2|Amoonguss, L50, M|
|teampreview|4
|showteam|p1|Politoed||Leftovers|Drizzle|EarthPower,Protect,WeatherBall,Encore|||F|||50|,,,,,Water]Primarina||ThroatSpray|LiquidVoice|HyperVoice,Moonblast,IcyWind,Protect|||F|||50|,,,,,Poison]Incineroar||SafetyGoggles|Intimidate|FakeOut,KnockOff,PartingShot,Protect|||M|||50|,,,,,Ghost]Amoonguss||SitrusBerry|Regenerator|RagePowder,Spore,SludgeBomb,Protect|||M|||50|,,,,,Water]Kingdra||LifeOrb|SwiftSwim|DracoMeteor,MuddyWater,WeatherBall,Protect|||F|||50|,,,,,Stellar]Arcanine-Hisui||AssaultVest|Intimidate|ExtremeSpeed,FlareBlitz,FlameCharge,RockSlide|||M|||50|,,,,,Water
|showteam|p2|Tinkaton||SitrusBerry|MoldBreaker|Protect,GigatonHammer,HelpingHand,FakeOut|||F|||50|,,,,,Fairy]Gholdengo||LifeOrb|GoodasGold|Protect,MakeItRain,ShadowBall,NastyPlot||||||50|,,,,,Steel]Dragonite||LoadedDice|InnerFocus|Protect,ScaleShot,ExtremeSpeed,IceSpinner|||F|||50|,,,,,Fairy]Ursaluna||FlameOrb|Guts|Protect,Facade,HighHorsepower,Earthquake|||F|||50|,,,,,Ghost]Porygon2||Eviolite|Download|IceBeam,TeraBlast,Recover,TrickRoom||||||50|,,,,,Flying]Amoonguss||MentalHerb|Regenerator|Protect,Spore,RagePowder,PollenPuff|||M|||50|,,,,,Water
|inactive|Battle timer is ON: inactive players will automatically lose when time's up. (requested by larry08)
|inactive|larry08 has 60 seconds left.
|
|t:|1757663622
|teamsize|p1|4
|teamsize|p2|4
|start
|switch|p1a: Incineroar|Incineroar, L50, M|100/100
|switch|p1b: Primarina|Primarina, L50, F|100/100
|switch|p2a: Dragonite|Dragonite, L50, F|100/100
|switch|p2b: Ursaluna|Ursaluna, L50, F|100/100
|-ability|p1a: Incineroar|Intimidate|boost
|-fail|p2a: Dragonite|unboost|Attack|[from] ability: Inner Focus|[of] p2a: Dragonite
|-unboost|p2b: Ursaluna|atk|1
|turn|1
|inactive|larry08 has 30 seconds left.
|
|t:|1757663649
|move|p2b: Ursaluna|Protect|p2b: Ursaluna
|-singleturn|p2b: Ursaluna|Protect
|move|p2a: Dragonite|Extreme Speed|p1a: Incineroar
|-damage|p1a: Incineroar|70/100
|move|p1b: Primarina|Moonblast|p2a: Dragonite
|-supereffective|p2a: Dragonite
|-damage|p2a: Dragonite|16/100
|-unboost|p2a: Dragonite|spa|1
|move|p1a: Incineroar|Knock Off|p2b: Ursaluna
|-activate|p2b: Ursaluna|move: Protect
|
|-status|p2b: Ursaluna|brn|[from] item: Flame Orb
|upkeep
|turn|2
|
|t:|1757663670
|switch|p2a: Porygon2|Porygon2, L50|100/100
|-ability|p2a: Porygon2|Download|boost
|-boost|p2a: Porygon2|atk|1
|move|p1b: Primarina|Hyper Voice|p2a: Porygon2|[spread] p2a,p2b
|-supereffective|p2b: Ursaluna
|-damage|p2a: Porygon2|81/100
|-damage|p2b: Ursaluna|36/100 brn
|-enditem|p1b: Primarina|Throat Spray
|-boost|p1b: Primarina|spa|1|[from] item: Throat Spray
|move|p1a: Incineroar|Parting Shot|p2b: Ursaluna
|-unboost|p2b: Ursaluna|atk|1
|-unboost|p2b: Ursaluna|spa|1
|
|t:|1757663686
|switch|p1a: Politoed|Politoed, L50, F|100/100|[from] Parting Shot
|-weather|RainDance|[from] ability: Drizzle|[of] p1a: Politoed
|move|p2b: Ursaluna|High Horsepower|p1a: Politoed
|-damage|p1a: Politoed|53/100
|
|-weather|RainDance|[upkeep]
|-heal|p1a: Politoed|59/100|[from] item: Leftovers
|-damage|p2b: Ursaluna|30/100 brn|[from] brn
|upkeep
|turn|3
|inactive|larry08 has 30 seconds left.
|inactive|larry08 has 20 seconds left.
|inactive|larry08 has 15 seconds left.
|inactive|larry08 has 10 seconds left.
|l|☆larry08
|inactive|larry08 disconnected and has a minute to reconnect!
|player|p2|
|inactive|larry08 has 5 seconds left.
|-message|larry08 lost due to inactivity.
|
|win|hagay123
||hagay123 is ready for game 2.
|inactive|larry08 has 30 seconds to confirm battle start!
|inactive|larry08 has 20 seconds to confirm battle start!
|j|☆larry08
|player|p2|larry08|102|
|inactive|larry08 has 10 seconds to confirm battle start!
||larry08 is ready for game 2.
|uhtml|next|Next: Game 2 of 3
|l|☆hagay123
|player|p1|
