|j|☆bestakdv
|j|☆regitron 21
|html|bestakdvregitron 21    
|uhtml|bestof|Game 2 of a best-of-3
|t:|1756427216
|gametype|doubles
|player|p1|bestakdv|2|1000
|player|p2|regitron 21|shauntal|1055
|gen|9
|tier|[Gen 9] VGC 2025 Reg H (Bo3)
|rated|
|rule|Species Clause: Limit one of each Pokémon
|rule|Item Clause: Limit 1 of each item
|clearpoke
|poke|p1|Indeedee-F, L50, F|
|poke|p1|Hatterene, L50, F|
|poke|p1|Gallade, L50, M|
|poke|p1|Ursaluna, L50, M|
|poke|p1|Lilligant-Hisui, L50, F|
|poke|p1|Torkoal, L50, M|
|poke|p2|Slaking, L50, M|
|poke|p2|Meowstic, L50, M|
|poke|p2|Volcarona, L50, M|
|poke|p2|Delphox, L50, F|
|poke|p2|Indeedee-F, L50, F|
|poke|p2|Garchomp, L50, M|
|teampreview|4
|showteam|p1|Indeedee-F||PsychicSeed|PsychicSurge|TrickRoom,FollowMe,HelpingHand,DazzlingGleam|||F|||50|,,,,,Fire]Hatterene||LifeOrb|MagicBounce|ExpandingForce,TrickRoom,DazzlingGleam,Protect|||F|||50|,,,,,Psychic]Gallade||ClearAmulet|Sharpness|PsychoCut,TrickRoom,SacredSword,WideGuard|||M|||50|,,,,,Grass]Ursaluna||FlameOrb|Guts|HeadlongRush,Facade,SwordsDance,Protect|||M|||50|,,,,,Ghost]Lilligant-Hisui||FocusSash|Chlorophyll|SolarBlade,SleepPowder,CloseCombat,AfterYou|||F|||50|,,,,,Ghost]Torkoal||ChoiceSpecs|Drought|Eruption,HeatWave,WeatherBall,EarthPower|||M|||50|,,,,,Fire
|showteam|p2|Slaking||SitrusBerry|Truant|Protect,HighHorsepower,DoubleEdge,BulkUp|||M|||50|,,,,,Fire]Meowstic||CovertCloak|Prankster|SkillSwap,Psychic,ThunderWave,SunnyDay|||M|||50|,,,,,Dark]Volcarona||FocusSash|FlameBody|Tailwind,QuiverDance,BugBuzz,HeatWave|||M|||50|,,,,,Grass]Delphox||LifeOrb|Blaze|HeatWave,ExpandingForce,ShadowBall,Protect|||F|||50|,,,,,Dark]Indeedee-F||PsychicSeed|PsychicSurge|FollowMe,Imprison,TrickRoom,Psychic|||F|||50|,,,,,Fairy]Garchomp||ClearAmulet|RoughSkin|StompingTantrum,Earthquake,DragonClaw,Protect|||M|||50|,,,,,Flying
|inactive|Battle timer is ON: inactive players will automatically lose when time's up. (requested by bestakdv)
|c|☆regitron 21|hey good luck again man
|c|☆bestakdv|u 2
|inactive|bestakdv has 60 seconds left.
|
|t:|1756427256
|teamsize|p1|4
|teamsize|p2|4
|start
|switch|p1a: Torkoal|Torkoal, L50, M|100/100
|switch|p1b: Lilligant|Lilligant-Hisui, L50, F|100/100
|switch|p2a: Meowstic|Meowstic, L50, M|100/100
|switch|p2b: Slaking|Slaking, L50, M|100/100
|-weather|SunnyDay|[from] ability: Drought|[of] p1a: Torkoal
|turn|1
|inactive|regitron 21 has 30 seconds left.
|inactive|regitron 21 has 20 seconds left.
|inactive|regitron 21 has 15 seconds left.
|
|t:|1756427300
|move|p2a: Meowstic|Thunder Wave|p1b: Lilligant
|-status|p1b: Lilligant|par
|cant|p1b: Lilligant|par
|move|p2b: Slaking|High Horsepower|p1a: Torkoal
|-supereffective|p1a: Torkoal
|-damage|p1a: Torkoal|35/100
|move|p1a: Torkoal|Eruption|p2b: Slaking|[spread] p2a,p2b
|-damage|p2a: Meowstic|59/100
|-damage|p2b: Slaking|58/100
|
|-weather|SunnyDay|[upkeep]
|upkeep
|turn|2
|
|t:|1756427323
|-terastallize|p1a: Torkoal|Fire
|move|p2a: Meowstic|Skill Swap|p2b: Slaking
|-activate|p2a: Meowstic|move: Skill Swap|||[of] p2b: Slaking
|move|p1b: Lilligant|After You|p1a: Torkoal
|-activate|p1a: Torkoal|move: After You
|move|p1a: Torkoal|Eruption|p2b: Slaking|[spread] p2a,p2b
|-damage|p2a: Meowstic|0 fnt
|-damage|p2b: Slaking|4/100
|-enditem|p2b: Slaking|Sitrus Berry|[eat]
|-heal|p2b: Slaking|28/100|[from] item: Sitrus Berry
|faint|p2a: Meowstic
|move|p2b: Slaking|High Horsepower|p1a: Torkoal
|-supereffective|p1a: Torkoal
|-damage|p1a: Torkoal|0 fnt
|faint|p1a: Torkoal
|
|-weather|SunnyDay|[upkeep]
|upkeep
|
|t:|1756427342
|switch|p2a: Volcarona|Volcarona, L50, M|100/100
|switch|p1a: Hatterene|Hatterene, L50, F|100/100
|turn|3
|
|t:|1756427366
|cant|p1b: Lilligant|par
|move|p2a: Volcarona|Heat Wave|p1b: Lilligant|[spread] p1a,p1b
|-supereffective|p1b: Lilligant
|-damage|p1a: Hatterene|34/100
|-enditem|p1b: Lilligant|Focus Sash
|-damage|p1b: Lilligant|1/100 par
|move|p2b: Slaking|Double-Edge|p1a: Hatterene
|-damage|p1a: Hatterene|0 fnt
|faint|p1a: Hatterene
|-damage|p2b: Slaking|20/100|[from] Recoil
|
|-weather|SunnyDay|[upkeep]
|upkeep
|
|t:|1756427368
|switch|p1a: Ursaluna|Ursaluna, L50, M|100/100
|turn|4
|c|☆bestakdv|gg wp
|-message|bestakdv forfeited.
|
|win|regitron 21
|raw|bestakdv's rating: 1000 → 1000(+0 for losing)
|raw|regitron 21's rating: 1055 → 1082(+27 for winning)
|l|☆bestakdv
|player|p1|
|c|☆regitron 21|gg
|c|☆regitron 21|sorry for the para man
