|j|☆Hard Trique Style
|j|☆Barri Deagol
|html|Hard Trique StyleBarri Deagol    
|uhtml|bestof|Game 2 of a best-of-3
|t:|1756300042
|gametype|doubles
|player|p1|Hard Trique Style|sisandbro|1105
|player|p2|Barri Deagol|brycenman|1090
|gen|9
|tier|[Gen 9] VGC 2025 Reg H (Bo3)
|rated|
|rule|Species Clause: Limit one of each Pokémon
|rule|Item Clause: Limit 1 of each item
|clearpoke
|poke|p1|Indeedee-F, L50, F|
|poke|p1|Armarouge, L50, F|
|poke|p1|Torkoal, L50, F|
|poke|p1|Ursaluna, L50, F|
|poke|p1|Hatterene, L50, F|
|poke|p1|Lilligant-Hisui, L50, F|
|poke|p2|Incineroar, L50, M|
|poke|p2|Pelipper, L50, F|
|poke|p2|Basculegion, L50, M|
|poke|p2|Amoonguss, L50, F|
|poke|p2|Maushold-Four, L50|
|poke|p2|Archaludon, L50, F|
|teampreview|4
|showteam|p1|Indeedee-F||RockyHelmet|PsychicSurge|Psychic,HelpingHand,FollowMe,TrickRoom|||F|||50|,,,,,Grass]Armarouge||PowerHerb|FlashFire|ExpandingForce,ArmorCannon,MeteorBeam,TrickRoom|||F|||50|,,,,,Grass]Torkoal||Charcoal|Drought|Eruption,WeatherBall,HeatWave,Protect|||F|||50|,,,,,Fire]Ursaluna||FlameOrb|Guts|Facade,HeadlongRush,Substitute,Protect|||F|||50|,,,,,Ghost]Hatterene||LifeOrb|MagicBounce|ExpandingForce,DazzlingGleam,TrickRoom,Protect|||F|||50|,,,,,Psychic]Lilligant-Hisui||FocusSash|Chlorophyll|SolarBlade,CloseCombat,SleepPowder,AfterYou|||F|||50|,,,,,Ghost
|showteam|p2|Incineroar||SafetyGoggles|Intimidate|FakeOut,FlareBlitz,KnockOff,PartingShot|||M|||50|,,,,,Ghost]Pelipper||FocusSash|Drizzle|Hurricane,WeatherBall,Tailwind,Protect|||F|||50|,,,,,Ghost]Basculegion||MysticWater|SwiftSwim|Protect,WaveCrash,AquaJet,LastRespects|||M|||50|,,,,,Water]Amoonguss||SitrusBerry|Regenerator|Spore,RagePowder,PollenPuff,ClearSmog|||F|||50|,,,,,Water]Maushold-Four||WideLens|Technician|PopulationBomb,FollowMe,Taunt,Protect||||||50|,,,,,Grass]Archaludon||AssaultVest|Stamina|ElectroShot,DragonPulse,FlashCannon,BodyPress|||F|||50|,,,,,Grass
|
|t:|1756300071
|teamsize|p1|4
|teamsize|p2|4
|start
|switch|p1a: Indeedee|Indeedee-F, L50, F|100/100
|switch|p1b: Hatterene|Hatterene, L50, F|100/100
|switch|p2a: Incineroar|Incineroar, L50, M|100/100
|switch|p2b: Maushold|Maushold-Four, L50|100/100
|-ability|p2a: Incineroar|Intimidate|boost
|-unboost|p1a: Indeedee|atk|1
|-unboost|p1b: Hatterene|atk|1
|-fieldstart|move: Psychic Terrain|[from] ability: Psychic Surge|[of] p1a: Indeedee
|turn|1
|
|t:|1756300099
|move|p1a: Indeedee|Follow Me|p1a: Indeedee
|-singleturn|p1a: Indeedee|move: Follow Me
|move|p2b: Maushold|Population Bomb|p1a: Indeedee
|-damage|p1a: Indeedee|90/100
|-damage|p2b: Maushold|84/100|[from] item: Rocky Helmet|[of] p1a: Indeedee
|-damage|p1a: Indeedee|78/100
|-damage|p2b: Maushold|67/100|[from] item: Rocky Helmet|[of] p1a: Indeedee
|-damage|p1a: Indeedee|68/100
|-damage|p2b: Maushold|50/100|[from] item: Rocky Helmet|[of] p1a: Indeedee
|-damage|p1a: Indeedee|56/100
|-damage|p2b: Maushold|34/100|[from] item: Rocky Helmet|[of] p1a: Indeedee
|-damage|p1a: Indeedee|45/100
|-damage|p2b: Maushold|17/100|[from] item: Rocky Helmet|[of] p1a: Indeedee
|-damage|p1a: Indeedee|34/100
|-damage|p2b: Maushold|0 fnt|[from] item: Rocky Helmet|[of] p1a: Indeedee
|faint|p2b: Maushold
|-hitcount|p1a: Indeedee|6
|move|p2a: Incineroar|Knock Off|p1a: Indeedee
|-supereffective|p1a: Indeedee
|-damage|p1a: Indeedee|0 fnt
|-damage|p2a: Incineroar|84/100|[from] item: Rocky Helmet|[of] p1a: Indeedee
|-enditem|p1a: Indeedee|Rocky Helmet|[from] move: Knock Off|[of] p2a: Incineroar
|faint|p1a: Indeedee
|move|p1b: Hatterene|Trick Room|p1b: Hatterene
|-fieldstart|move: Trick Room|[of] p1b: Hatterene
|
|upkeep
|
|t:|1756300130
|switch|p1a: Ursaluna|Ursaluna, L50, F|100/100
|switch|p2b: Basculegion|Basculegion, L50, M|100/100
|turn|2
|
|t:|1756300149
|move|p1b: Hatterene|Expanding Force|p2b: Basculegion|[spread] p2b
|-immune|p2a: Incineroar
|-damage|p2b: Basculegion|0 fnt
|faint|p2b: Basculegion
|-damage|p1b: Hatterene|91/100|[from] item: Life Orb
|move|p1a: Ursaluna|Headlong Rush|p2a: Incineroar
|-supereffective|p2a: Incineroar
|-damage|p2a: Incineroar|0 fnt
|-unboost|p1a: Ursaluna|def|1
|-unboost|p1a: Ursaluna|spd|1
|faint|p2a: Incineroar
|
|-status|p1a: Ursaluna|brn|[from] item: Flame Orb
|upkeep
|
|t:|1756300162
|switch|p2b: Pelipper|Pelipper, L50, F|100/100
|-weather|RainDance|[from] ability: Drizzle|[of] p2b: Pelipper
|turn|3
|
|t:|1756300176
|move|p1b: Hatterene|Expanding Force|p2b: Pelipper
|-enditem|p2b: Pelipper|Focus Sash
|-damage|p2b: Pelipper|1/100
|-damage|p1b: Hatterene|82/100|[from] item: Life Orb
|move|p1a: Ursaluna|Facade|p2b: Pelipper
|-damage|p2b: Pelipper|0 fnt
|faint|p2b: Pelipper
|
|win|Hard Trique Style
|raw|Hard Trique Style's rating: 1105 → 1129(+24 for winning)
|raw|Barri Deagol's rating: 1090 → 1068(-22 for losing)
