|j|☆sampsonwildbeast
|j|☆KodeBeast0526
|html|sampsonwildbeastKodeBeast0526    
|uhtml|bestof|Game 2 of a best-of-3
|t:|1784474042
|gametype|doubles
|player|p1|sampsonwildbeast|169|1124
|player|p2|KodeBeast0526|hiker|1209
|gen|9
|tier|[Gen 9 Champions] VGC 2026 Reg M-B (Bo3)
|rated|
|rule|Species Clause: Limit one of each Pokémon
|rule|Item Clause: Limit 1 of each item
|clearpoke
|poke|p1|Gengar, L50, M|
|poke|p1|Incineroar, L50, F|
|poke|p1|Politoed, L50, M|
|poke|p1|Meganium, L50, M|
|poke|p1|Basculegion, L50, M|
|poke|p1|Maushold, L50|
|poke|p2|Aerodactyl, L50, M|
|poke|p2|Kingambit, L50, M|
|poke|p2|Sylveon, L50, M|
|poke|p2|Garchomp, L50, M|
|poke|p2|Charizard, L50, M|
|poke|p2|Farigiraf, L50, M, shiny|
|teampreview|4
|showteam|p1|Gengar||Gengarite|CursedBody|Protect,PerishSong,ShadowBall,SludgeBomb|Timid||M|||50|]Incineroar||SitrusBerry|Intimidate|FakeOut,Protect,PartingShot,FlareBlitz|Careful||F|||50|]Politoed||DampRock|Drizzle|PerishSong,Protect,IceBeam,WeatherBall|Calm||M|||50|]Meganium||Meganiumite|Overgrow|Protect,DazzlingGleam,WeatherBall,SolarBeam|Timid||M|||50|]Basculegion||LifeOrb|SwiftSwim|Protect,LastRespects,AquaJet,Liquidation|Adamant||M|||50|]Maushold||WideLens|FriendGuard|PopulationBomb,FollowMe,Protect,Encore|Jolly|||||50|
|showteam|p2|Aerodactyl||Aerodactylite|Unnerve|RockSlide,IceFang,Tailwind,WideGuard|Jolly||M|||50|]Kingambit||FocusSash|Defiant|KowtowCleave,SuckerPunch,IronHead,LowKick|Adamant||M|||50|]Sylveon||FairyFeather|Pixilate|Detect,HyperVoice,HyperBeam,QuickAttack|Modest||M|||50|]Garchomp||LifeOrb|RoughSkin|Earthquake,DragonClaw,StompingTantrum,Protect|Jolly||M|||50|]Charizard||CharizarditeY|Blaze|Protect,HeatWave,SolarBeam,WeatherBall|Modest||M|||50|]Farigiraf||SitrusBerry|ArmorTail|Thunderbolt,PsychicNoise,TrickRoom,HelpingHand|Bold||M|||50|
|
|t:|1784474057
|teamsize|p1|4
|teamsize|p2|4
|start
|switch|p1a: Incineroar|Incineroar, L50, F|100/100
|switch|p1b: Gengar|Gengar, L50, M|100/100
|switch|p2a: Aerodactyl|Aerodactyl, L50, M|100/100
|switch|p2b: Kingambit|Kingambit, L50, M|100/100
|-ability|p2a: Aerodactyl|Unnerve
|-ability|p1a: Incineroar|Intimidate|boost
|-unboost|p2a: Aerodactyl|atk|1
|-unboost|p2b: Kingambit|atk|1
|-ability|p2b: Kingambit|Defiant|boost
|-boost|p2b: Kingambit|atk|2
|turn|1
|
|t:|1784474075
|switch|p1b: Politoed|Politoed, L50, M|100/100
|-weather|RainDance|[from] ability: Drizzle|[of] p1b: Politoed
|move|p2a: Aerodactyl|Tailwind|p2a: Aerodactyl
|-sidestart|p2: KodeBeast0526|move: Tailwind
|move|p2b: Kingambit|Kowtow Cleave|p1b: Politoed
|-damage|p1b: Politoed|23/100
|move|p1a: Incineroar|Flare Blitz|p2b: Kingambit
|-supereffective|p2b: Kingambit|1
|-damage|p2b: Kingambit|64/100
|-damage|p1a: Incineroar|89/100|[from] Recoil
|
|-weather|RainDance|[upkeep]
|upkeep
|turn|2
|
|t:|1784474102
|move|p2a: Aerodactyl|Rock Slide|p1b: Politoed|[spread] p1a,p1b
|-supereffective|p1a: Incineroar|1
|-crit|p1a: Incineroar
|-crit|p1b: Politoed
|-damage|p1a: Incineroar|28/100
|-damage|p1b: Politoed|0 fnt
|faint|p1b: Politoed
|move|p2b: Kingambit|Kowtow Cleave|p1a: Incineroar
|-resisted|p1a: Incineroar|1
|-damage|p1a: Incineroar|0 fnt
|faint|p1a: Incineroar
|
|-weather|RainDance|[upkeep]
|upkeep
|
|t:|1784474113
|switch|p1b: Gengar|Gengar, L50, M|100/100
|switch|p1a: Basculegion|Basculegion, L50, M|100/100
|turn|3
|
|t:|1784474129
|detailschange|p1b: Gengar|Gengar-Mega, L50, M
|-mega|p1b: Gengar|Gengar|Gengarite
|move|p1a: Basculegion|Aqua Jet|p2a: Aerodactyl
|-supereffective|p2a: Aerodactyl|1
|-damage|p2a: Aerodactyl|0 fnt
|faint|p2a: Aerodactyl
|-damage|p1a: Basculegion|90/100|[from] item: Life Orb
|move|p1b: Gengar|Shadow Ball|p2b: Kingambit
|-resisted|p2b: Kingambit|1
|-damage|p2b: Kingambit|36/100
|move|p2b: Kingambit|Kowtow Cleave|p1a: Basculegion
|-supereffective|p1a: Basculegion|1
|-damage|p1a: Basculegion|0 fnt
|faint|p1a: Basculegion
|
|-weather|RainDance|[upkeep]
|upkeep
|
|t:|1784474136
|switch|p2a: Charizard|Charizard, L50, M|100/100
|turn|4
|
|t:|1784474146
|detailschange|p2a: Charizard|Charizard-Mega-Y, L50, M
|-mega|p2a: Charizard|Charizard|Charizardite Y
|-weather|SunnyDay|[from] ability: Drought|[of] p2a: Charizard
|move|p2a: Charizard|Heat Wave|p1b: Gengar
|-damage|p1b: Gengar|0 fnt
|faint|p1b: Gengar
|
|win|KodeBeast0526
|raw|sampsonwildbeast's rating: 1124 → 1105(-19 for losing)
|raw|KodeBeast0526's rating: 1209 → 1228(+19 for winning)
