|j|☆thisisaladderteam
|j|☆x5414
|html|thisisaladderteamx5414    
|uhtml|bestof|Game 1 of a best-of-3
|t:|1782455684
|gametype|doubles
|player|p1|thisisaladderteam|guzma|1182
|player|p2|x5414|102|1270
|gen|9
|tier|[Gen 9 Champions] VGC 2026 Reg M-B (Bo3)
|rated|
|rule|Species Clause: Limit one of each Pokémon
|rule|Item Clause: Limit 1 of each item
|clearpoke
|poke|p1|Sceptile, L50, F, shiny|
|poke|p1|Rotom-Heat, L50, shiny|
|poke|p1|Toxapex, L50, M, shiny|
|poke|p1|Incineroar, L50, F, shiny|
|poke|p1|Garchomp, L50, F|
|poke|p1|Gholdengo, L50|
|poke|p2|Pelipper, L50, F|
|poke|p2|Basculegion, L50, M|
|poke|p2|Incineroar, L50, M|
|poke|p2|Raichu, L50, F|
|poke|p2|Scizor, L50, F|
|poke|p2|Sinistcha, L50|
|teampreview|4
|showteam|p1|Sceptile||Sceptilite|Overgrow|Detect,EnergyBall,DragonPulse,EarthPower|Timid||F|||50|]Rotom-Heat||ChoiceScarf|Levitate|Discharge,Electroweb,Overheat,WillOWisp|Timid|||||50|]Toxapex||Leftovers|Regenerator|BanefulBunker,Infestation,Toxic,WideGuard|Bold||M|||50|]Incineroar||SitrusBerry|Intimidate|FakeOut,PartingShot,ThroatChop,FlareBlitz|Careful||F|||50|]Garchomp||LifeOrb|RoughSkin|Protect,RockSlide,Earthquake,DragonClaw|Jolly||F|||50|]Gholdengo||KasibBerry|GoodasGold|Protect,NastyPlot,ShadowBall,MakeItRain|Modest|||||50|
|showteam|p2|Pelipper||FocusSash|Drizzle|Hurricane,Tailwind,WeatherBall,Protect|Timid||F|||50|]Basculegion||ChoiceScarf|Adaptability|FlipTurn,LastRespects,WaveCrash,AquaJet|Jolly||M|||50|]Incineroar||SitrusBerry|Intimidate|FlareBlitz,PartingShot,FakeOut,DarkestLariat|Relaxed||M|||50|]Raichu||RaichuniteY|LightningRod|Encore,FocusBlast,ZapCannon,Protect|Timid||F|||50|]Scizor||Leftovers|Technician|Curse,Protect,BugBite,BulletPunch|Adamant||F|||50|]Sinistcha||OccaBerry|Hospitality|MatchaGotcha,RagePowder,TrickRoom,LifeDew|Sassy|||||50|
|inactive|Battle timer is ON: inactive players will automatically lose when time's up. (requested by thisisaladderteam)
|
|t:|1782455709
|teamsize|p1|4
|teamsize|p2|4
|start
|switch|p1a: Sceptile|Sceptile, L50, F, shiny|100/100
|switch|p1b: Rotom|Rotom-Heat, L50, shiny|100/100
|switch|p2a: Basculegion|Basculegion, L50, M|100/100
|switch|p2b: Incineroar|Incineroar, L50, M|100/100
|-ability|p2b: Incineroar|Intimidate|boost
|-unboost|p1a: Sceptile|atk|1
|-unboost|p1b: Rotom|atk|1
|turn|1
|inactive|x5414 has 30 seconds left.
|
|t:|1782455735
|detailschange|p1a: Sceptile|Sceptile-Mega, L50, F, shiny
|-mega|p1a: Sceptile|Sceptile|Sceptilite
|move|p2b: Incineroar|Fake Out|p1b: Rotom
|-crit|p1b: Rotom
|-damage|p1b: Rotom|81/100
|cant|p1b: Rotom|flinch
|move|p1a: Sceptile|Energy Ball|p2a: Basculegion
|-supereffective|p2a: Basculegion|1
|-damage|p2a: Basculegion|0 fnt
|faint|p2a: Basculegion
|
|upkeep
|
|t:|1782455751
|switch|p2a: Raichu|Raichu, L50, F|100/100
|turn|2
|
|t:|1782455762
|detailschange|p2a: Raichu|Raichu-Mega-Y, L50, F
|-mega|p2a: Raichu|Raichu|Raichunite Y
|move|p1b: Rotom|Discharge|p2a: Raichu|[spread] p2a,p2b
|-ability|p1a: Sceptile|Lightning Rod|boost
|-boost|p1a: Sceptile|spa|1
|-resisted|p2a: Raichu|1
|-damage|p2a: Raichu|80/100
|-damage|p2b: Incineroar|77/100
|move|p1a: Sceptile|Earth Power|p2b: Incineroar
|-supereffective|p2b: Incineroar|1
|-damage|p2b: Incineroar|0 fnt
|faint|p2b: Incineroar
|move|p2a: Raichu|Focus Blast|p1a: Sceptile
|-damage|p1a: Sceptile|27/100
|
|upkeep
|-message|x5414 forfeited.
|
|win|thisisaladderteam
