|j|☆anino23
|j|☆VinceGC
|html|anino23VinceGC    
|uhtml|bestof|Game 3 of a best-of-3
|t:|1756366327
|gametype|doubles
|player|p1|anino23|101|1121
|player|p2|VinceGC|hilbert|1175
|gen|9
|tier|[Gen 9] VGC 2025 Reg H (Bo3)
|rated|
|rule|Species Clause: Limit one of each Pokémon
|rule|Item Clause: Limit 1 of each item
|clearpoke
|poke|p1|Kilowattrel, L50, M|
|poke|p1|Dragonite, L50, F|
|poke|p1|Porygon2, L50|
|poke|p1|Ursaluna, L50, M|
|poke|p1|Incineroar, L50, F|
|poke|p1|Gholdengo, L50|
|poke|p2|Sneasler, L50, M|
|poke|p2|Indeedee, L50, M|
|poke|p2|Bronzong, L50|
|poke|p2|Politoed, L50, F|
|poke|p2|Archaludon, L50, F|
|poke|p2|Maushold, L50|
|teampreview|4
|showteam|p1|Kilowattrel||FocusSash|Competitive|Tailwind,Protect,AirSlash,Thunderbolt|||M|||50|,,,,,Electric]Dragonite||LoadedDice|Multiscale|ScaleShot,ExtremeSpeed,Protect,Haze|||F|||50|,,,,,Normal]Porygon2||Eviolite|Download|TrickRoom,IceBeam,Recover,TeraBlast||||||50|,,,,,Fairy]Ursaluna||FlameOrb|Guts|Facade,HeadlongRush,Earthquake,Protect|||M|||50|,,,,,Ghost]Incineroar||SafetyGoggles|Intimidate|FakeOut,PartingShot,FlareBlitz,KnockOff|||F|||50|,,,,,Grass]Gholdengo||ChoiceSpecs|GoodasGold|MakeItRain,ShadowBall,Trick,DazzlingGleam||||||50|,,,,,Steel
|showteam|p2|Sneasler||PsychicSeed|Unburden|Protect,DireClaw,CloseCombat,Acrobatics|||M|||50|,,,,,Flying]Indeedee||ChoiceScarf|PsychicSurge|ExpandingForce,DazzlingGleam,ShadowBall,HyperVoice|||M|||50|,,,,,Fairy]Bronzong||MentalHerb|Levitate|TrickRoom,SkillSwap,Safeguard,HeavySlam||||||50|,,,,,Poison]Politoed||Leftovers|Drizzle|Protect,WeatherBall,IceBeam,Haze|||F|||50|,,,,,Grass]Archaludon||PowerHerb|Stalwart|Protect,ElectroShot,FlashCannon,DracoMeteor|||F|||50|,,,,,Electric]Maushold||SafetyGoggles|FriendGuard|Protect,FollowMe,HelpingHand,Uturn||||||50|,,,,,Ghost
|inactive|Battle timer is ON: inactive players will automatically lose when time's up. (requested by VinceGC)
|l|☆VinceGC
|inactive|VinceGC disconnected and has a minute to reconnect!
|player|p2|
|inactive|anino23 has 60 seconds left.
|j|☆VinceGC
|inactive|VinceGC reconnected.
|player|p2|VinceGC|hilbert|
|l|☆VinceGC
|inactive|VinceGC disconnected and has a minute to reconnect!
|player|p2|
|
|t:|1756366385
|teamsize|p1|4
|teamsize|p2|4
|start
|switch|p1a: Porygon2|Porygon2, L50|100/100
|switch|p1b: Incineroar|Incineroar, L50, F|100/100
|switch|p2a: Archaludon|Archaludon, L50, F|100/100
|switch|p2b: Maushold|Maushold, L50|100/100
|-ability|p1b: Incineroar|Intimidate|boost
|-unboost|p2a: Archaludon|atk|1
|-unboost|p2b: Maushold|atk|1
|-ability|p1a: Porygon2|Download|boost
|-boost|p1a: Porygon2|spa|1
|turn|1
|j|☆VinceGC
|inactive|VinceGC reconnected and has 55 seconds left.
|player|p2|VinceGC|hilbert|
|
|t:|1756366407
|move|p2a: Archaludon|Electro Shot||[still]
|-prepare|p2a: Archaludon|Electro Shot
|-boost|p2a: Archaludon|spa|1
|-enditem|p2a: Archaludon|Power Herb
|-anim|p2a: Archaludon|Electro Shot|p1b: Incineroar
|-damage|p1b: Incineroar|48/100
|move|p2b: Maushold|U-turn|p1a: Porygon2
|-damage|p1a: Porygon2|95/100
|
|t:|1756366414
|switch|p2b: Politoed|Politoed, L50, F|100/100|[from] U-turn
|-weather|RainDance|[from] ability: Drizzle|[of] p2b: Politoed
|move|p1b: Incineroar|Parting Shot|p2a: Archaludon
|-unboost|p2a: Archaludon|atk|1
|-unboost|p2a: Archaludon|spa|1
|
|t:|1756366422
|switch|p1b: Ursaluna|Ursaluna, L50, M|100/100|[from] Parting Shot
|move|p1a: Porygon2|Trick Room|p1a: Porygon2
|-fieldstart|move: Trick Room|[of] p1a: Porygon2
|
|-weather|RainDance|[upkeep]
|-status|p1b: Ursaluna|brn|[from] item: Flame Orb
|upkeep
|turn|2
|inactive|anino23 has 30 seconds left.
|inactive|anino23 has 20 seconds left.
|inactive|anino23 has 15 seconds left.
|inactive|anino23 has 10 seconds left.
|
|t:|1756366471
|switch|p1a: Gholdengo|Gholdengo, L50|100/100
|switch|p2a: Bronzong|Bronzong, L50|100/100
|-terastallize|p1b: Ursaluna|Ghost
|move|p2b: Politoed|Protect|p2b: Politoed
|-singleturn|p2b: Politoed|Protect
|move|p1b: Ursaluna|Facade|p2b: Politoed
|-activate|p2b: Politoed|move: Protect
|
|-weather|RainDance|[upkeep]
|-damage|p1b: Ursaluna|94/100 brn|[from] brn
|upkeep
|turn|3
|inactive|anino23 has 30 seconds left.
|inactive|VinceGC has 30 seconds left.
|inactive|anino23 has 20 seconds left.
|inactive|VinceGC has 20 seconds left.
|
|t:|1756366509
|switch|p1b: Incineroar|Incineroar, L50, F|48/100
|-ability|p1b: Incineroar|Intimidate|boost
|-unboost|p2a: Bronzong|atk|1
|-unboost|p2b: Politoed|atk|1
|switch|p2b: Archaludon|Archaludon, L50, F|100/100
|-terastallize|p2a: Bronzong|Poison
|move|p2a: Bronzong|Skill Swap|p2b: Archaludon
|-activate|p2a: Bronzong|move: Skill Swap|||[of] p2b: Archaludon
|move|p1a: Gholdengo|Shadow Ball|p2a: Bronzong
|-damage|p2a: Bronzong|49/100
|-unboost|p2a: Bronzong|spd|1
|
|-weather|RainDance|[upkeep]
|upkeep
|turn|4
|l|☆VinceGC
|inactive|VinceGC disconnected and has a minute to reconnect!
|player|p2|
|j|☆VinceGC
|inactive|VinceGC reconnected and has 35 seconds left.
|player|p2|VinceGC|hilbert|
|inactive|anino23 has 30 seconds left.
|inactive|VinceGC has 30 seconds left.
|inactive|anino23 has 20 seconds left.
|inactive|anino23 has 15 seconds left.
|
|t:|1756366552
|switch|p2a: Maushold|Maushold, L50|100/100
|move|p1b: Incineroar|Parting Shot|p2b: Archaludon
|-unboost|p2b: Archaludon|atk|1
|-unboost|p2b: Archaludon|spa|1
|
|t:|1756366561
|switch|p1b: Ursaluna|Ursaluna, L50, M, tera:Ghost|94/100 brn|[from] Parting Shot
|move|p1a: Gholdengo|Shadow Ball|p2a: Maushold
|-immune|p2a: Maushold
|move|p2b: Archaludon|Electro Shot||[still]
|-prepare|p2b: Archaludon|Electro Shot
|-boost|p2b: Archaludon|spa|1
|-anim|p2b: Archaludon|Electro Shot|p1a: Gholdengo
|-damage|p1a: Gholdengo|54/100
|
|-weather|RainDance|[upkeep]
|-damage|p1b: Ursaluna|88/100 brn|[from] brn
|upkeep
|turn|5
|inactive|anino23 has 30 seconds left.
|inactive|VinceGC has 30 seconds left.
|
|t:|1756366588
|switch|p1a: Porygon2|Porygon2, L50|95/100
|-ability|p1a: Porygon2|Download|boost
|-boost|p1a: Porygon2|spa|1
|move|p2a: Maushold|Protect|p2a: Maushold
|-singleturn|p2a: Maushold|Protect
|move|p2b: Archaludon|Protect|p2b: Archaludon
|-singleturn|p2b: Archaludon|Protect
|move|p1b: Ursaluna|Facade|p2b: Archaludon
|-activate|p2b: Archaludon|move: Protect
|
|-weather|none
|-damage|p1b: Ursaluna|82/100 brn|[from] brn
|-fieldend|move: Trick Room
|upkeep
|turn|6
|inactive|anino23 has 30 seconds left.
|
|t:|1756366618
|move|p2a: Maushold|Helping Hand|p2b: Archaludon
|-singleturn|p2b: Archaludon|Helping Hand|[of] p2a: Maushold
|move|p2b: Archaludon|Draco Meteor|p1b: Ursaluna
|-damage|p1b: Ursaluna|0 fnt
|-unboost|p2b: Archaludon|spa|2
|faint|p1b: Ursaluna
|move|p1a: Porygon2|Trick Room|p1a: Porygon2
|-fieldstart|move: Trick Room|[of] p1a: Porygon2
|
|upkeep
|
|t:|1756366627
|switch|p1b: Gholdengo|Gholdengo, L50|54/100
|turn|7
|
|t:|1756366637
|switch|p2b: Politoed|Politoed, L50, F|100/100
|-weather|RainDance|[from] ability: Drizzle|[of] p2b: Politoed
|move|p2a: Maushold|Protect|p2a: Maushold
|-singleturn|p2a: Maushold|Protect
|move|p1a: Porygon2|Ice Beam|p2b: Politoed
|-resisted|p2b: Politoed
|-damage|p2b: Politoed|87/100
|-status|p2b: Politoed|frz
|move|p1b: Gholdengo|Make It Rain|p2a: Maushold|[spread] p2b
|-activate|p2a: Maushold|move: Protect
|-resisted|p2b: Politoed
|-damage|p2b: Politoed|62/100 frz
|-unboost|p1b: Gholdengo|spa|1
|
|-weather|RainDance|[upkeep]
|-heal|p2b: Politoed|69/100 frz|[from] item: Leftovers
|upkeep
|turn|8
|c|☆VinceGC|...
|inactive|anino23 has 30 seconds left.
|c|☆VinceGC|Puoi smetterla di sculare?
|
|t:|1756366672
|switch|p2a: Bronzong|Bronzong, L50, tera:Poison|49/100
|move|p1a: Porygon2|Ice Beam|p2a: Bronzong
|-damage|p2a: Bronzong|15/100
|cant|p2b: Politoed|frz
|move|p1b: Gholdengo|Make It Rain|p2a: Bronzong|[spread] p2a,p2b
|-resisted|p2b: Politoed
|-damage|p2a: Bronzong|0 fnt
|-damage|p2b: Politoed|47/100 frz
|-unboost|p1b: Gholdengo|spa|1
|faint|p2a: Bronzong
|
|-weather|RainDance|[upkeep]
|-heal|p2b: Politoed|54/100 frz|[from] item: Leftovers
|upkeep
|
|t:|1756366686
|switch|p2a: Archaludon|Archaludon, L50, F|100/100
|turn|9
|l|☆VinceGC
|inactive|VinceGC disconnected and has a minute to reconnect!
|player|p2|
|j|☆VinceGC
|inactive|VinceGC reconnected and has 35 seconds left.
|player|p2|VinceGC|hilbert|
|inactive|anino23 has 30 seconds left.
|inactive|VinceGC has 30 seconds left.
|inactive|anino23 has 20 seconds left.
|inactive|anino23 has 15 seconds left.
|
|t:|1756366728
|switch|p1b: Incineroar|Incineroar, L50, F|48/100
|-ability|p1b: Incineroar|Intimidate|boost
|-unboost|p2a: Archaludon|atk|1
|-unboost|p2b: Politoed|atk|1
|move|p1a: Porygon2|Ice Beam|p2a: Archaludon
|-damage|p2a: Archaludon|40/100
|-status|p2a: Archaludon|frz
|cant|p2b: Politoed|frz
|cant|p2a: Archaludon|frz
|
|-weather|RainDance|[upkeep]
|-heal|p2b: Politoed|60/100 frz|[from] item: Leftovers
|upkeep
|turn|10
|c|☆VinceGC|Ma porcodio
|c|☆VinceGC|Porcodio
|c|☆VinceGC|Porcodio
|c|☆VinceGC|Porcodio
|c|☆VinceGC|Ma vaccagare
|c|☆VinceGC|Diomerda
|inactive|anino23 has 30 seconds left.
|inactive|VinceGC has 30 seconds left.
|c|☆VinceGC|Bravo
|c|☆VinceGC|Complimenti
|c|☆VinceGC|Oh
|c|☆VinceGC|Fortissimo
|inactiveoff|Battle timer is now OFF.
|c|☆VinceGC|Ora stiamo qua
|
|t:|1756366772
|cant|p2a: Archaludon|frz
|move|p1a: Porygon2|Ice Beam|p2a: Archaludon
|-damage|p2a: Archaludon|0 fnt
|faint|p2a: Archaludon
|move|p1b: Incineroar|Knock Off|p2b: Politoed
|-damage|p2b: Politoed|11/100 frz
|-enditem|p2b: Politoed|Leftovers|[from] move: Knock Off|[of] p1b: Incineroar
|cant|p2b: Politoed|frz
|
|-weather|RainDance|[upkeep]
|-fieldend|move: Trick Room
|upkeep
|l|☆VinceGC
|player|p2|
|c|☆anino23|unlucky
|j|☆VinceGC
|player|p2|VinceGC|hilbert|
|c|☆VinceGC|Unlucky
|c|☆VinceGC|Yes
|c|☆VinceGC|Sure
|c|☆VinceGC|It was almost won
|c|☆VinceGC|Robbed completely
|c|☆anino23|i was very behind
|inactive|Battle timer is ON: inactive players will automatically lose when time's up. (requested by anino23)
|l|☆VinceGC
|inactive|VinceGC disconnected and has a minute to reconnect!
|player|p2|
|j|☆VinceGC
|inactive|VinceGC reconnected and has 35 seconds left.
|player|p2|VinceGC|hilbert|
|inactive|VinceGC has 30 seconds left.
|inactive|VinceGC has 20 seconds left.
|inactive|VinceGC has 15 seconds left.
|inactive|VinceGC has 10 seconds left.
|inactive|VinceGC has 5 seconds left.
|
|t:|1756366910
|switch|p2a: Maushold|Maushold, L50|100/100
|turn|11
|l|☆VinceGC
|inactive|VinceGC disconnected and has a minute to reconnect!
|player|p2|
|j|☆VinceGC
|inactive|VinceGC reconnected and has 35 seconds left.
|player|p2|VinceGC|hilbert|
|inactive|anino23 has 30 seconds left.
|inactive|VinceGC has 30 seconds left.
|inactive|VinceGC has 20 seconds left.
|inactive|VinceGC has 15 seconds left.
|inactive|VinceGC has 10 seconds left.
|inactive|VinceGC has 5 seconds left.
|
|t:|1756366965
|move|p2a: Maushold|Protect|p2a: Maushold
|-singleturn|p2a: Maushold|Protect
|cant|p2b: Politoed|frz
|move|p1b: Incineroar|Knock Off|p2a: Maushold
|-activate|p2a: Maushold|move: Protect
|move|p1a: Porygon2|Trick Room|p1a: Porygon2
|-fieldstart|move: Trick Room|[of] p1a: Porygon2
|
|-weather|none
|upkeep
|turn|12
|inactive|VinceGC has 30 seconds left.
|inactive|VinceGC has 20 seconds left.
|inactive|VinceGC has 15 seconds left.
|inactive|VinceGC has 10 seconds left.
|inactive|VinceGC has 5 seconds left.
|
|t:|1756367020
|cant|p2b: Politoed|frz
|move|p2a: Maushold|Protect||[still]
|-fail|p2a: Maushold
|move|p1a: Porygon2|Tera Blast|p2b: Politoed
|-damage|p2b: Politoed|0 fnt
|faint|p2b: Politoed
|move|p1b: Incineroar|Knock Off|p2a: Maushold
|-damage|p2a: Maushold|52/100
|-enditem|p2a: Maushold|Safety Goggles|[from] move: Knock Off|[of] p1b: Incineroar
|
|upkeep
|turn|13
|inactive|VinceGC has 20 seconds left this turn.
|inactive|VinceGC has 15 seconds left.
|inactive|VinceGC has 10 seconds left.
|inactive|VinceGC has 5 seconds left.
|c|☆VinceGC|Fottiti te e sto gioco di merda
|-message|VinceGC lost due to inactivity.
|
|win|anino23
