|j|☆ultraclaw1
|j|☆0-x ft wayne
|html|ultraclaw10-x ft wayne    
|uhtml|bestof|Game 3 of a best-of-3
|t:|1756240361
|gametype|doubles
|player|p1|ultraclaw1|alder|1070
|player|p2|0-x ft wayne|kamado-armor|1086
|gen|9
|tier|[Gen 9] VGC 2025 Reg H (Bo3)
|rated|
|rule|Species Clause: Limit one of each Pokémon
|rule|Item Clause: Limit 1 of each item
|clearpoke
|poke|p1|Ursaluna, L50, M|
|poke|p1|Torkoal, L50, F|
|poke|p1|Incineroar, L50, M|
|poke|p1|Porygon2, L50|
|poke|p1|Typhlosion-Hisui, L50, F|
|poke|p1|Jumpluff, L50, M|
|poke|p2|Ursaluna, L50, M|
|poke|p2|Amoonguss, L50, M|
|poke|p2|Porygon2, L50|
|poke|p2|Annihilape, L50, M|
|poke|p2|Gholdengo, L50|
|poke|p2|Incineroar, L50, F|
|teampreview|4
|showteam|p1|Ursaluna||FlameOrb|Guts|HeadlongRush,Facade,Earthquake,Protect|||M|||50|,,,,,Ghost]Torkoal||EjectPack|Drought|Overheat,HeatWave,Protect,HelpingHand|||F|||50|,,,,,Flying]Incineroar||SitrusBerry|Intimidate|FlareBlitz,KnockOff,PartingShot,FakeOut|||M|||50|,,,,,Ghost]Porygon2||Eviolite|Download|TeraBlast,TrickRoom,Recover,IceBeam||||||50|,,,,,Flying]Typhlosion-Hisui||ChoiceSpecs|Blaze|Eruption,Overheat,ShadowBall,HeatWave|||F|||50|,,,,,Fire]Jumpluff||CovertCloak|Chlorophyll|SleepPowder,Encore,SunnyDay,Tailwind|||M|||50|,,,,,Dark
|showteam|p2|Ursaluna||FlameOrb|Guts|Protect,Facade,HeadlongRush,Earthquake|||M|||50|,,,,,Ghost]Amoonguss||CovertCloak|Regenerator|RagePowder,Protect,PollenPuff,Spore|||M|||50|,,,,,Electric]Porygon2||Eviolite|Download|Recover,TeraBlast,IceBeam,TrickRoom||||||50|,,,,,Fighting]Annihilape||SafetyGoggles|Defiant|RageFist,CloseCombat,Taunt,Protect|||M|||50|,,,,,Fire]Gholdengo||LifeOrb|GoodasGold|Protect,MakeItRain,ShadowBall,NastyPlot||||||50|,,,,,Water]Incineroar||AssaultVest|Intimidate|Uturn,FlareBlitz,KnockOff,FakeOut|||F|||50|,,,,,Grass
|inactive|Battle timer is ON: inactive players will automatically lose when time's up. (requested by ultraclaw1)
|inactive|ultraclaw1 has 60 seconds left.
|inactive|0-x ft wayne has 60 seconds left.
|
|t:|1756240399
|teamsize|p1|4
|teamsize|p2|4
|start
|switch|p1a: Typhlosion|Typhlosion-Hisui, L50, F|100/100
|switch|p1b: Jumpluff|Jumpluff, L50, M, shiny|100/100
|switch|p2a: Incineroar|Incineroar, L50, F|100/100
|switch|p2b: Annihilape|Annihilape, L50, M, shiny|100/100
|-ability|p2a: Incineroar|Intimidate|boost
|-unboost|p1a: Typhlosion|atk|1
|-unboost|p1b: Jumpluff|atk|1
|turn|1
|inactive|0-x ft wayne has 30 seconds left.
|
|t:|1756240430
|-terastallize|p1a: Typhlosion|Fire
|-terastallize|p2b: Annihilape|Fire
|move|p1b: Jumpluff|Sleep Powder|p2b: Annihilape
|-activate|p2b: Annihilape|item: Safety Goggles|Sleep Powder
|move|p1a: Typhlosion|Heat Wave|p2a: Incineroar|[spread] p2a,p2b
|-resisted|p2a: Incineroar
|-resisted|p2b: Annihilape
|-damage|p2a: Incineroar|79/100
|-damage|p2b: Annihilape|66/100
|move|p2b: Annihilape|Rage Fist|p1a: Typhlosion
|-damage|p1a: Typhlosion|44/100
|move|p2a: Incineroar|Knock Off|p1a: Typhlosion
|-damage|p1a: Typhlosion|0 fnt
|-enditem|p1a: Typhlosion|Choice Specs|[from] move: Knock Off|[of] p2a: Incineroar
|faint|p1a: Typhlosion
|
|upkeep
|
|t:|1756240444
|switch|p1a: Ursaluna|Ursaluna, L50, M|100/100
|turn|2
|
|t:|1756240459
|switch|p2a: Ursaluna|Ursaluna, L50, M, shiny|100/100
|move|p1a: Ursaluna|Protect|p1a: Ursaluna
|-singleturn|p1a: Ursaluna|Protect
|move|p1b: Jumpluff|Tailwind|p1b: Jumpluff
|-sidestart|p1: ultraclaw1|move: Tailwind
|move|p2b: Annihilape|Taunt|p1b: Jumpluff
|-start|p1b: Jumpluff|move: Taunt
|
|-status|p1a: Ursaluna|brn|[from] item: Flame Orb
|-status|p2a: Ursaluna|brn|[from] item: Flame Orb
|upkeep
|turn|3
|inactive|0-x ft wayne has 30 seconds left.
|
|t:|1756240487
|switch|p1b: Incineroar|Incineroar, L50, M|100/100
|-ability|p1b: Incineroar|Intimidate|boost
|-unboost|p2a: Ursaluna|atk|1
|-unboost|p2b: Annihilape|atk|1
|-ability|p2b: Annihilape|Defiant|boost
|-boost|p2b: Annihilape|atk|2
|move|p2b: Annihilape|Close Combat|p1a: Ursaluna
|-supereffective|p1a: Ursaluna
|-damage|p1a: Ursaluna|0 fnt
|-unboost|p2b: Annihilape|def|1
|-unboost|p2b: Annihilape|spd|1
|faint|p1a: Ursaluna
|move|p2a: Ursaluna|Facade|p1b: Incineroar
|-damage|p1b: Incineroar|15/100
|-enditem|p1b: Incineroar|Sitrus Berry|[eat]
|-heal|p1b: Incineroar|40/100|[from] item: Sitrus Berry
|
|-damage|p2a: Ursaluna|95/100 brn|[from] brn
|upkeep
|-message|ultraclaw1 forfeited.
|
|win|0-x ft wayne
|raw|ultraclaw1's rating: 1070 → 1050(-20 for losing)
|raw|0-x ft wayne's rating: 1086 → 1112(+26 for winning)
