|j|☆kojay
|j|☆Scottedstone
|html|kojayScottedstone    
|uhtml|bestof|Game 3 of a best-of-3
|t:|1756826543
|gametype|doubles
|player|p1|kojay|kamado-armor|1085
|player|p2|Scottedstone|1|1133
|gen|9
|tier|[Gen 9] VGC 2025 Reg H (Bo3)
|rated|
|rule|Species Clause: Limit one of each Pokémon
|rule|Item Clause: Limit 1 of each item
|clearpoke
|poke|p1|Garchomp, L50, F|
|poke|p1|Sneasler, L50, F|
|poke|p1|Incineroar, L50, M|
|poke|p1|Dragonite, L50, F|
|poke|p1|Gholdengo, L50|
|poke|p1|Vivillon, L50, F|
|poke|p2|Pelipper, L50, M|
|poke|p2|Basculegion, L50, M|
|poke|p2|Archaludon, L50, M|
|poke|p2|Sneasler, L50, F|
|poke|p2|Indeedee, L50, M|
|poke|p2|Amoonguss, L50, F|
|teampreview|4
|showteam|p1|Garchomp||LifeOrb|RoughSkin|Earthquake,DragonClaw,StompingTantrum,Protect|||F|||50|,,,,,Ground]Sneasler||WhiteHerb|Unburden|Coaching,Protect,DireClaw,CloseCombat|||F|||50|,,,,,Ghost]Incineroar||SafetyGoggles|Intimidate|FakeOut,FlareBlitz,KnockOff,PartingShot|||M|||50|,,,,,Ghost]Dragonite||LoadedDice|InnerFocus|TeraBlast,ScaleShot,Tailwind,Protect|||F|||50|,,,,,Flying]Gholdengo||ChoiceScarf|GoodasGold|MakeItRain,ShadowBall,Trick,Thunderbolt||||||50|,,,,,Steel]Vivillon||FocusSash|CompoundEyes|Hurricane,SleepPowder,RagePowder,Protect|||F|||50|,,,,,Ghost
|showteam|p2|Pelipper||FocusSash|Drizzle|Hurricane,WeatherBall,Tailwind,Protect|||M|||50|,,,,,Stellar]Basculegion||LifeOrb|SwiftSwim|WaveCrash,LastRespects,AquaJet,Protect|||M|||50|,,,,,Water]Archaludon||AssaultVest|Stamina|DragonPulse,FlashCannon,ElectroShot,BodyPress|||M|||50|,,,,,Grass]Sneasler||PsychicSeed|Unburden|DireClaw,CloseCombat,ThroatChop,Protect|||F|||50|,,,,,Dark]Indeedee||ChoiceScarf|PsychicSurge|ExpandingForce,TeraBlast,Protect,Trick|||M|||50|,,,,,Psychic]Amoonguss||SitrusBerry|Regenerator|PollenPuff,RagePowder,Spore,Protect|||F|||50|,,,,,Water
|inactive|Battle timer is ON: inactive players will automatically lose when time's up. (requested by Scottedstone)
|inactive|kojay has 60 seconds left.
|inactive|kojay has 30 seconds left.
|inactive|kojay has 20 seconds left.
|inactive|kojay has 15 seconds left.
|inactive|kojay has 10 seconds left.
|inactive|kojay has 5 seconds left.
|
|t:|1756826656
|teamsize|p1|4
|teamsize|p2|4
|start
|switch|p1a: Kaladin|Garchomp, L50, F, shiny|100/100
|switch|p1b: Sneasler|Sneasler, L50, F|100/100
|switch|p2a: Sneasler|Sneasler, L50, F|100/100
|switch|p2b: Indeedee|Indeedee, L50, M|100/100
|-fieldstart|move: Psychic Terrain|[from] ability: Psychic Surge|[of] p2b: Indeedee
|-enditem|p2a: Sneasler|Psychic Seed
|-boost|p2a: Sneasler|spd|1|[from] item: Psychic Seed
|turn|1
|inactive|kojay has 30 seconds left.
|inactive|kojay has 20 seconds left.
|inactive|kojay has 15 seconds left.
|inactive|kojay has 10 seconds left.
|inactive|kojay has 5 seconds left.
|
|t:|1756826711
|-terastallize|p2b: Indeedee|Psychic
|move|p2a: Sneasler|Close Combat|p1a: Kaladin
|-damage|p1a: Kaladin|38/100
|-unboost|p2a: Sneasler|def|1
|-unboost|p2a: Sneasler|spd|1
|-damage|p2a: Sneasler|89/100|[from] ability: Rough Skin|[of] p1a: Kaladin
|move|p2b: Indeedee|Expanding Force|p1a: Kaladin|[spread] p1a,p1b
|-supereffective|p1b: Sneasler
|-damage|p1a: Kaladin|0 fnt
|-damage|p1b: Sneasler|0 fnt
|faint|p1a: Kaladin
|faint|p1b: Sneasler
|
|upkeep
|inactive|kojay has 30 seconds left.
|inactive|kojay has 20 seconds left.
|inactive|kojay has 15 seconds left.
|inactive|kojay has 10 seconds left.
|inactive|kojay has 5 seconds left.
|
|t:|1756826767
|switch|p1b: Dragonite|Dragonite, L50, F, shiny|100/100
|switch|p1a: Dalinar|Incineroar, L50, M, shiny|100/100
|-ability|p1a: Dalinar|Intimidate|boost
|-unboost|p2a: Sneasler|atk|1
|-unboost|p2b: Indeedee|atk|1
|turn|2
|inactive|kojay has 30 seconds left.
|inactive|kojay has 20 seconds left.
|inactive|kojay has 15 seconds left.
|inactive|kojay has 10 seconds left.
|inactive|kojay has 5 seconds left.
|
|t:|1756826822
|move|p1a: Dalinar|Fake Out|p2b: Indeedee
|-activate|p2b: Indeedee|move: Psychic Terrain
|move|p2a: Sneasler|Dire Claw|p1b: Dragonite
|-damage|p1b: Dragonite|66/100
|move|p2b: Indeedee|Expanding Force|p1b: Dragonite|[spread] p1b
|-immune|p1a: Dalinar
|-damage|p1b: Dragonite|0 fnt
|faint|p1b: Dragonite
|
|upkeep
|turn|3
|inactive|kojay has 30 seconds left.
|inactive|kojay has 20 seconds left.
|inactive|kojay has 15 seconds left.
|inactive|kojay has 10 seconds left.
|inactive|kojay has 5 seconds left.
|
|t:|1756826877
|move|p1a: Dalinar|Fake Out||[still]
|-hint|Fake Out only works on your first turn out.
|-fail|p1a: Dalinar
|move|p2a: Sneasler|Close Combat|p1a: Dalinar
|-supereffective|p1a: Dalinar
|-damage|p1a: Dalinar|25/100
|-unboost|p2a: Sneasler|def|1
|-unboost|p2a: Sneasler|spd|1
|move|p2b: Indeedee|Expanding Force|p1a: Dalinar
|-immune|p1a: Dalinar
|
|upkeep
|turn|4
|inactive|kojay has 30 seconds left.
|inactive|kojay has 20 seconds left.
|inactive|kojay has 15 seconds left.
|inactive|kojay has 10 seconds left.
|inactive|kojay has 5 seconds left.
|
|t:|1756826932
|move|p1a: Dalinar|Fake Out||[still]
|-hint|Fake Out only works on your first turn out.
|-fail|p1a: Dalinar
|move|p2a: Sneasler|Close Combat|p1a: Dalinar
|-supereffective|p1a: Dalinar
|-damage|p1a: Dalinar|0 fnt
|-unboost|p2a: Sneasler|def|1
|-unboost|p2a: Sneasler|spd|1
|faint|p1a: Dalinar
|
|win|Scottedstone
|raw|kojay's rating: 1085 → 1065(-20 for losing)
|raw|Scottedstone's rating: 1133 → 1155(+22 for winning)
