|j|☆Deharo94vgc
|j|☆SongokuVG Fr
|html|Deharo94vgcSongokuVG Fr    
|uhtml|bestof|Game 1 of a best-of-3
|t:|1756230947
|gametype|doubles
|player|p1|Deharo94vgc|lucas|1057
|player|p2|SongokuVG Fr|lucian|1176
|gen|9
|tier|[Gen 9] VGC 2025 Reg H (Bo3)
|rated|
|rule|Species Clause: Limit one of each Pokémon
|rule|Item Clause: Limit 1 of each item
|clearpoke
|poke|p1|Annihilape, L50, F|
|poke|p1|Archaludon, L50, F|
|poke|p1|Sinistcha, L50|
|poke|p1|Pelipper, L50, M|
|poke|p1|Ursaluna, L50, F|
|poke|p1|Maushold-Four, L50|
|poke|p2|Electabuzz, L50, M|
|poke|p2|Ninetales-Alola, L50, F|
|poke|p2|Rillaboom, L50, F|
|poke|p2|Volcarona, L50, M|
|poke|p2|Ursaluna-Bloodmoon, L50, M|
|poke|p2|Kingambit, L50, M|
|teampreview|4
|showteam|p1|Annihilape||Leftovers|Defiant|DrainPunch,RageFist,BulkUp,Protect|||F|||50|,,,,,Water]Archaludon||AssaultVest|Stamina|DracoMeteor,ElectroShot,Snarl,BodyPress|||F|||50|,,,,,Bug]Sinistcha||SitrusBerry|Hospitality|MatchaGotcha,RagePowder,LifeDew,Protect||||||50|,,,,,Water]Pelipper||FocusSash|Drizzle|WeatherBall,Protect,Tailwind,Hurricane|||M|||50|,,,,,Ghost]Ursaluna||FlameOrb|Guts|Facade,HeadlongRush,Earthquake,Protect|||F|||50|,,,,,Ghost]Maushold-Four||SafetyGoggles|FriendGuard|BeatUp,Taunt,FollowMe,Protect||||||50|,,,,,Ghost
|showteam|p2|Electabuzz||Eviolite|VitalSpirit|FollowMe,Electroweb,Protect,Taunt|||M|||50|,,,,,Ghost]Ninetales-Alola||LightClay|SnowWarning|Blizzard,FreezeDry,Protect,AuroraVeil|||F|||50|,,,,,Ghost]Rillaboom||AssaultVest|GrassySurge|FakeOut,WoodHammer,GrassyGlide,HighHorsepower|||F|||50|,,,,,Fire]Volcarona||CovertCloak|FlameBody|QuiverDance,Protect,TeraBlast,FieryDance|||M|||50|,,,,,Fairy]Ursaluna-Bloodmoon||LifeOrb|MindsEye|EarthPower,Protect,HyperVoice,BloodMoon|||M|||50|,,,,,Normal]Kingambit||BlackGlasses|Defiant|KowtowCleave,Protect,SwordsDance,SuckerPunch|||M|||50|,,,,,Flying
|inactive|Battle timer is ON: inactive players will automatically lose when time's up. (requested by Deharo94vgc)
|inactive|SongokuVG Fr has 60 seconds left.
|
|t:|1756230984
|teamsize|p1|4
|teamsize|p2|4
|start
|switch|p1a: Maushold|Maushold-Four, L50|100/100
|switch|p1b: Annihilape|Annihilape, L50, F|100/100
|switch|p2a: Electabuzz|Electabuzz, L50, M|100/100
|switch|p2b: Kingambit|Kingambit, L50, M|100/100
|turn|1
|
|t:|1756230996
|move|p2a: Electabuzz|Follow Me|p2a: Electabuzz
|-singleturn|p2a: Electabuzz|move: Follow Me
|move|p1a: Maushold|Taunt|p2a: Electabuzz
|-start|p2a: Electabuzz|move: Taunt
|move|p1b: Annihilape|Bulk Up|p1b: Annihilape
|-boost|p1b: Annihilape|atk|1
|-boost|p1b: Annihilape|def|1
|move|p2b: Kingambit|Swords Dance|p2b: Kingambit
|-boost|p2b: Kingambit|atk|2
|
|upkeep
|turn|2
|
|t:|1756231012
|-terastallize|p1b: Annihilape|Water
|-terastallize|p2b: Kingambit|Flying
|move|p1a: Maushold|Beat Up|p1b: Annihilape
|-damage|p1b: Annihilape|99/100
|-damage|p1b: Annihilape|97/100
|-damage|p1b: Annihilape|96/100
|-damage|p1b: Annihilape|94/100
|-hitcount|p1b: Annihilape|4
|move|p1b: Annihilape|Drain Punch|p2b: Kingambit
|-resisted|p2b: Kingambit
|-damage|p2b: Kingambit|84/100
|-heal|p1b: Annihilape|100/100|[from] drain|[of] p2b: Kingambit
|move|p2a: Electabuzz|Electroweb|p1a: Maushold|[spread] p1a,p1b
|-supereffective|p1b: Annihilape
|-damage|p1a: Maushold|83/100
|-damage|p1b: Annihilape|83/100
|-unboost|p1a: Maushold|spe|1
|-unboost|p1b: Annihilape|spe|1
|-ability|p1b: Annihilape|Defiant|boost
|-boost|p1b: Annihilape|atk|2
|move|p2b: Kingambit|Kowtow Cleave|p1b: Annihilape
|-damage|p1b: Annihilape|21/100
|
|-heal|p1b: Annihilape|27/100|[from] item: Leftovers
|upkeep
|turn|3
|
|t:|1756231037
|move|p2b: Kingambit|Protect|p2b: Kingambit
|-singleturn|p2b: Kingambit|Protect
|move|p1a: Maushold|Follow Me|p1a: Maushold
|-singleturn|p1a: Maushold|move: Follow Me
|move|p2a: Electabuzz|Electroweb|p1b: Annihilape|[spread] p1a,p1b
|-supereffective|p1b: Annihilape
|-damage|p1a: Maushold|65/100
|-damage|p1b: Annihilape|10/100
|-unboost|p1a: Maushold|spe|1
|-unboost|p1b: Annihilape|spe|1
|-ability|p1b: Annihilape|Defiant|boost
|-boost|p1b: Annihilape|atk|2
|move|p1b: Annihilape|Rage Fist|p2b: Kingambit
|-activate|p2b: Kingambit|move: Protect
|
|-heal|p1b: Annihilape|16/100|[from] item: Leftovers
|upkeep
|turn|4
|
|t:|1756231052
|move|p1a: Maushold|Follow Me|p1a: Maushold
|-singleturn|p1a: Maushold|move: Follow Me
|move|p2a: Electabuzz|Electroweb|p1a: Maushold|[spread] p1a,p1b
|-supereffective|p1b: Annihilape
|-damage|p1a: Maushold|49/100
|-damage|p1b: Annihilape|0 fnt
|-unboost|p1a: Maushold|spe|1
|faint|p1b: Annihilape
|move|p2b: Kingambit|Kowtow Cleave|p1a: Maushold
|-damage|p1a: Maushold|0 fnt
|faint|p1a: Maushold
|
|-end|p2a: Electabuzz|move: Taunt
|upkeep
|
|t:|1756231058
|switch|p1a: Pelipper|Pelipper, L50, M|100/100
|switch|p1b: Archaludon|Archaludon, L50, F|100/100
|-weather|RainDance|[from] ability: Drizzle|[of] p1a: Pelipper
|turn|5
|l|☆Deharo94vgc
|inactive|Deharo94vgc disconnected and has a minute to reconnect!
|player|p1|
|j|☆Deharo94vgc
|inactive|Deharo94vgc reconnected and has 50 seconds left.
|player|p1|Deharo94vgc|lucas|
|inactive|Deharo94vgc has 30 seconds left.
|inactive|Deharo94vgc has 20 seconds left.
|l|☆Deharo94vgc
|inactive|Deharo94vgc disconnected and has a minute to reconnect!
|player|p1|
|inactive|Deharo94vgc has 15 seconds left.
|inactive|Deharo94vgc has 10 seconds left.
|inactive|Deharo94vgc has 5 seconds left.
|-message|Deharo94vgc lost due to inactivity.
|
|win|SongokuVG Fr
||SongokuVG Fr is ready for game 2.
|inactive|Deharo94vgc has 30 seconds to confirm battle start!
|inactive|Deharo94vgc has 20 seconds to confirm battle start!
|inactive|Deharo94vgc has 10 seconds to confirm battle start!
|uhtml|next|Next: Game 2 of 3
|l|☆SongokuVG Fr
|player|p2|
|j|☆Deharo94vgc
|player|p1|Deharo94vgc|lucas|
