|j|☆Piedpiperofkarl
|j|☆kanedaaaaaaaaaaa
|html|Piedpiperofkarlkanedaaaaaaaaaaa    
|uhtml|bestof|Game 1 of a best-of-3
|t:|1783961186
|gametype|doubles
|player|p1|Piedpiperofkarl|steven|1164
|player|p2|kanedaaaaaaaaaaa|mustard-champion|1246
|gen|9
|tier|[Gen 9 Champions] VGC 2026 Reg M-B (Bo3)
|rated|
|rule|Species Clause: Limit one of each Pokémon
|rule|Item Clause: Limit 1 of each item
|clearpoke
|poke|p1|Eelektross, L50, M|
|poke|p1|Talonflame, L50, M|
|poke|p1|Clefable, L50, F|
|poke|p1|Liepard, L50, F|
|poke|p1|Zoroark-Hisui, L50, F|
|poke|p1|Krookodile, L50, M|
|poke|p2|Scrafty, L50, M|
|poke|p2|Vileplume, L50, M|
|poke|p2|Staraptor, L50, M|
|poke|p2|Farigiraf, L50, M|
|poke|p2|Sylveon, L50, F|
|poke|p2|Torkoal, L50, F|
|teampreview|4
|showteam|p1|Eelektross||Eelektrossite|Levitate|Discharge,GigaDrain,DragonPulse,Protect|Modest||M|||50|]Talonflame||ChartiBerry|GaleWings|Taunt,Tailwind,Protect,DualWingbeat|Naive||M|||50|]Clefable||SitrusBerry|CuteCharm|FollowMe,Moonblast,IcyWind,Protect|Bold||F|||50|]Liepard||MentalHerb|Prankster|ThunderWave,Taunt,FoulPlay,FakeTears|Jolly||F|||50|]Zoroark-Hisui||LifeOrb|Illusion|BitterMalice,HyperVoice,NastyPlot,Protect|Timid||F|||50|]Krookodile||FocusSash|Moxie|Earthquake,KnockOff,GunkShot,Protect|Jolly||M|||50|
|showteam|p2|Scrafty||Scraftinite|Intimidate|CloseCombat,KnockOff,IronHead,FakeOut|Brave||M|||50|]Vileplume||FocusSash|Chlorophyll|SludgeBomb,SleepPowder,AfterYou,LeafStorm|Timid||M|||50|]Staraptor||ChoiceScarf|Intimidate|BraveBird,CloseCombat,Uturn,FinalGambit|Jolly||M|||50|]Farigiraf||SitrusBerry|ArmorTail|Protect,TwinBeam,Thunderbolt,TrickRoom|Sassy||M|||50|]Sylveon||FairyFeather|Pixilate|HyperVoice,QuickAttack,HyperBeam,Detect|Quiet||F|||50|]Torkoal||Charcoal|Drought|Eruption,WeatherBall,HeatWave,Protect|Quiet||F|||50|
|inactive|Battle timer is ON: inactive players will automatically lose when time's up. (requested by Piedpiperofkarl)
|inactive|kanedaaaaaaaaaaa has 60 seconds left.
|
|t:|1783961227
|teamsize|p1|4
|teamsize|p2|4
|start
|switch|p1a: Liepard|Liepard, L50, F|100/100
|switch|p1b: Clefable|Clefable, L50, F|100/100
|switch|p2a: Sylveon|Sylveon, L50, F|100/100
|switch|p2b: Farigiraf|Farigiraf, L50, M|100/100
|turn|1
|
|t:|1783961241
|switch|p2b: Staraptor|Staraptor, L50, M|100/100
|-ability|p2b: Staraptor|Intimidate|boost
|-unboost|p1a: Liepard|atk|1
|-unboost|p1b: Clefable|atk|1
|move|p1a: Liepard|Taunt|p2b: Staraptor
|-start|p2b: Staraptor|move: Taunt
|move|p1b: Clefable|Nasty Plot|p1b: Clefable
|-boost|p1b: Clefable|spa|2
|move|p2a: Sylveon|Hyper Voice|p1b: Clefable|[spread] p1a,p1b
|-supereffective|p1a: Liepard|1
|-damage|p1a: Liepard|0 fnt
|-damage|p1b: Clefable|0 fnt
|replace|p1b: Zoroark|Zoroark-Hisui, L50, F
|-end|p1b: Zoroark|Illusion
|faint|p1a: Liepard
|faint|p1b: Zoroark
|
|upkeep
|-message|Piedpiperofkarl forfeited.
|
|win|kanedaaaaaaaaaaa
|l|☆Piedpiperofkarl
|player|p1|
