|j|☆takedownmy
|j|☆Dis_Plot
|html|takedownmyDis_Plot    
|uhtml|bestof|Game 2 of a best-of-3
|t:|1756429528
|gametype|doubles
|player|p1|takedownmy|102|1077
|player|p2|Dis_Plot|psychicf-gen4|1050
|gen|9
|tier|[Gen 9] VGC 2025 Reg H (Bo3)
|rated|
|rule|Species Clause: Limit one of each Pokémon
|rule|Item Clause: Limit 1 of each item
|clearpoke
|poke|p1|Glalie, L50, M|
|poke|p1|Incineroar, L50, M|
|poke|p1|Rillaboom, L50, F|
|poke|p1|Ninetales-Alola, L50, F|
|poke|p1|Gholdengo, L50|
|poke|p1|Sneasler, L50, M|
|poke|p2|Reuniclus, L50, M|
|poke|p2|Indeedee-F, L50, F|
|poke|p2|Torkoal, L50, M|
|poke|p2|Ursaluna, L50, F|
|poke|p2|Charizard, L50, F|
|poke|p2|Lilligant-Hisui, L50, F|
|teampreview|4
|showteam|p1|Glalie||Leftovers|Moody|IceBeam,TeraBlast,Substitute,Protect|||M|||50|,,,,,Electric]Incineroar||SafetyGoggles|Intimidate|FlareBlitz,KnockOff,PartingShot,FakeOut|||M|||50|,,,,,Ghost]Rillaboom||AssaultVest|GrassySurge|FakeOut,GrassyGlide,DrumBeating,HighHorsepower|||F|||50|,,,,,Fire]Ninetales-Alola||FocusSash|SnowWarning|Blizzard,IcyWind,Encore,AuroraVeil|||F|||50|,,,,,Ghost]Gholdengo||GrassySeed|GoodasGold|NastyPlot,MakeItRain,ShadowBall,Protect||||||50|,,,,,Water]Sneasler||WhiteHerb|Unburden|CloseCombat,DireClaw,ThroatChop,Protect|||M|||50|,,,,,Dark
|showteam|p2|Reuniclus||LifeOrb|MagicGuard|ExpandingForce,TrickRoom,Protect,FocusBlast|||M|||50|,,,,,Fighting]Indeedee-F||SafetyGoggles|PsychicSurge|FollowMe,Psychic,TrickRoom,HelpingHand|||F|||50|,,,,,Water]Torkoal||Charcoal|Drought|HeatWave,EarthPower,Protect,Eruption|||M|||50|,,,,,Fire]Ursaluna||FlameOrb|Guts|Facade,HeadlongRush,Earthquake,Protect|||F|||50|,,,,,Normal]Charizard||ChoiceSpecs|SolarPower|WeatherBall,HeatWave,DragonPulse,AirSlash|||F|||50|,,,,,Grass]Lilligant-Hisui||FocusSash|Chlorophyll|AfterYou,SleepPowder,CloseCombat,Protect|||F|||50|,,,,,Ghost
|inactive|Battle timer is ON: inactive players will automatically lose when time's up. (requested by takedownmy)
|inactive|Dis_Plot also wants the timer to be on.
|
|t:|1756429545
|teamsize|p1|4
|teamsize|p2|4
|start
|switch|p1a: Incineroar|Incineroar, L50, M|100/100
|switch|p1b: Sneasler|Sneasler, L50, M|100/100
|switch|p2a: Charizard|Charizard, L50, F|100/100
|switch|p2b: Lilligant|Lilligant-Hisui, L50, F|100/100
|-ability|p1a: Incineroar|Intimidate|boost
|-unboost|p2a: Charizard|atk|1
|-unboost|p2b: Lilligant|atk|1
|turn|1
|
|t:|1756429566
|switch|p2a: Torkoal|Torkoal, L50, M|100/100
|-weather|SunnyDay|[from] ability: Drought|[of] p2a: Torkoal
|move|p1a: Incineroar|Fake Out|p2a: Torkoal
|-damage|p2a: Torkoal|93/100
|move|p2b: Lilligant|Sleep Powder|p1b: Sneasler|[miss]
|-miss|p2b: Lilligant|p1b: Sneasler
|move|p1b: Sneasler|Close Combat|p2b: Lilligant
|-damage|p2b: Lilligant|21/100
|-unboost|p1b: Sneasler|def|1
|-unboost|p1b: Sneasler|spd|1
|-enditem|p1b: Sneasler|White Herb
|-clearnegativeboost|p1b: Sneasler|[silent]
|
|-weather|SunnyDay|[upkeep]
|upkeep
|turn|2
|
|t:|1756429583
|move|p2b: Lilligant|Sleep Powder|p1b: Sneasler
|-status|p1b: Sneasler|slp|[from] move: Sleep Powder
|cant|p1b: Sneasler|slp
|move|p1a: Incineroar|Parting Shot|p2a: Torkoal
|-unboost|p2a: Torkoal|atk|1
|-unboost|p2a: Torkoal|spa|1
|
|t:|1756429588
|switch|p1a: Ninetales|Ninetales-Alola, L50, F|100/100|[from] Parting Shot
|-weather|Snowscape|[from] ability: Snow Warning|[of] p1a: Ninetales
|move|p2a: Torkoal|Earth Power|p1a: Ninetales
|-damage|p1a: Ninetales|79/100
|
|-weather|Snowscape|[upkeep]
|upkeep
|turn|3
|inactive|Dis_Plot has 30 seconds left.
|
|t:|1756429615
|switch|p1a: Incineroar|Incineroar, L50, M|100/100
|-ability|p1a: Incineroar|Intimidate|boost
|-unboost|p2a: Torkoal|atk|1
|-unboost|p2b: Lilligant|atk|1
|switch|p2a: Charizard|Charizard, L50, F|100/100
|-curestatus|p1b: Sneasler|slp|[msg]
|move|p1b: Sneasler|Dire Claw|p2a: Charizard
|-damage|p2a: Charizard|38/100
|-status|p2a: Charizard|psn
|move|p2b: Lilligant|Sleep Powder|p1a: Incineroar
|-activate|p1a: Incineroar|item: Safety Goggles|Sleep Powder
|
|-weather|Snowscape|[upkeep]
|-damage|p2a: Charizard|25/100 psn|[from] psn
|upkeep
|turn|4
|inactive|takedownmy has 30 seconds left.
|inactive|takedownmy has 20 seconds left.
|inactive|takedownmy has 15 seconds left.
|inactive|takedownmy has 10 seconds left.
|
|t:|1756429661
|switch|p2a: Torkoal|Torkoal, L50, M|93/100
|-weather|SunnyDay|[from] ability: Drought|[of] p2a: Torkoal
|-terastallize|p2b: Lilligant|Ghost
|move|p1b: Sneasler|Protect|p1b: Sneasler
|-singleturn|p1b: Sneasler|Protect
|move|p2b: Lilligant|Sleep Powder|p1b: Sneasler
|-activate|p1b: Sneasler|move: Protect
|move|p1a: Incineroar|Flare Blitz|p2b: Lilligant
|-damage|p2b: Lilligant|0 fnt
|faint|p2b: Lilligant
|-damage|p1a: Incineroar|94/100|[from] Recoil
|
|-weather|SunnyDay|[upkeep]
|upkeep
|
|t:|1756429670
|switch|p2b: Ursaluna|Ursaluna, L50, F|100/100
|turn|5
|inactive|takedownmy no longer wants the timer on, but the timer is staying on because displot still does.
|inactive|takedownmy has 30 seconds left.
|-message|Dis_Plot forfeited.
|
|win|takedownmy
