|j|☆friendofkingambit
|j|☆homerj71
|html|friendofkingambithomerj71    
|uhtml|bestof|Game 1 of a best-of-3
|t:|1783960618
|gametype|doubles
|player|p1|friendofkingambit|265|1293
|player|p2|homerj71|2|1191
|gen|9
|tier|[Gen 9 Champions] VGC 2026 Reg M-B (Bo3)
|rated|
|rule|Species Clause: Limit one of each Pokémon
|rule|Item Clause: Limit 1 of each item
|clearpoke
|poke|p1|Kingambit, L50, M, shiny|
|poke|p1|Aerodactyl, L50, M|
|poke|p1|Charizard, L50, F|
|poke|p1|Metagross, L50|
|poke|p1|Incineroar, L50, F|
|poke|p1|Ninetales-Alola, L50, F|
|poke|p2|Sneasler, L50, M|
|poke|p2|Sinistcha, L50|
|poke|p2|Incineroar, L50, F|
|poke|p2|Kingambit, L50, M|
|poke|p2|Delphox, L50, M|
|poke|p2|Floette-Eternal, L50, F|
|teampreview|4
|showteam|p1|Kingambit||BlackGlasses|Defiant|Protect,SwordsDance,SuckerPunch,KowtowCleave|Adamant||M|||50|]Aerodactyl||FocusSash|Unnerve|Tailwind,DualWingbeat,RockSlide,Protect|Jolly||M|||50|]Charizard||CharizarditeY|Blaze|HeatWave,WeatherBall,SolarBeam,Protect|Modest||F|||50|]Metagross||Metagrossite|ClearBody|BodyPress,PsychicFangs,IronHead,Protect|Adamant|||||50|]Incineroar||SitrusBerry|Intimidate|FakeOut,ThroatChop,PartingShot,FlareBlitz|Adamant||F|||50|]Ninetales-Alola||LightClay|SnowWarning|AuroraVeil,Blizzard,FreezeDry,Protect|Timid||F|||50|
|showteam|p2|Sneasler||FocusSash|PoisonTouch|QuickGuard,FakeOut,DireClaw,CloseCombat|Jolly||M|||50|]Sinistcha||OccaBerry|Hospitality|Protect,RagePowder,MatchaGotcha,TrickRoom|Relaxed|||||50|]Incineroar||SitrusBerry|Intimidate|FakeOut,FlareBlitz,ThroatChop,PartingShot|Careful||F|||50|]Kingambit||BlackGlasses|Defiant|KowtowCleave,SwordsDance,SuckerPunch,Protect|Adamant||M|||50|]Delphox||Delphoxite|Blaze|Protect,NastyPlot,HeatWave,Psyshock|Timid||M|||50|]Floette-Eternal||Floettite|FlowerVeil|Moonblast,CalmMind,Protect,DazzlingGleam|Bold||F|||50|
|inactive|Battle timer is ON: inactive players will automatically lose when time's up. (requested by homerj71)
|inactive|friendofkingambit has 60 seconds left.
|inactive|homerj71 has 60 seconds left.
|
|t:|1783960655
|teamsize|p1|4
|teamsize|p2|4
|start
|switch|p1a: Aerodactyl|Aerodactyl, L50, M|100/100
|switch|p1b: Kingambit|Kingambit, L50, M, shiny|100/100
|switch|p2a: Delphox|Delphox, L50, M|100/100
|switch|p2b: Sneasler|Sneasler, L50, M|100/100
|-ability|p1a: Aerodactyl|Unnerve
|turn|1
|inactive|friendofkingambit has 30 seconds left.
|
|t:|1783960680
|detailschange|p2a: Delphox|Delphox-Mega, L50, M
|-mega|p2a: Delphox|Delphox|Delphoxite
|move|p2b: Sneasler|Fake Out|p1b: Kingambit
|-resisted|p1b: Kingambit|1
|-damage|p1b: Kingambit|94/100
|move|p2a: Delphox|Nasty Plot|p2a: Delphox
|-boost|p2a: Delphox|spa|2
|move|p1a: Aerodactyl|Dual Wingbeat|p2b: Sneasler
|-supereffective|p2b: Sneasler|1
|-damage|p2b: Sneasler|38/100
|-supereffective|p2b: Sneasler|1
|-damage|p2b: Sneasler|0 fnt
|faint|p2b: Sneasler
|-hitcount|p2: Sneasler|2
|cant|p1b: Kingambit|flinch
|
|upkeep
|
|t:|1783960689
|switch|p2b: Sinistcha|Sinistcha, L50|100/100
|turn|2
|
|t:|1783960706
|switch|p1b: Incineroar|Incineroar, L50, F|100/100
|-ability|p1b: Incineroar|Intimidate|boost
|-unboost|p2a: Delphox|atk|1
|-unboost|p2b: Sinistcha|atk|1
|move|p2b: Sinistcha|Rage Powder|p2b: Sinistcha
|-singleturn|p2b: Sinistcha|move: Rage Powder
|move|p2a: Delphox|Heat Wave|p1b: Incineroar|[spread] p1a,p1b
|-resisted|p1a: Aerodactyl|1
|-resisted|p1b: Incineroar|1
|-damage|p1a: Aerodactyl|46/100
|-damage|p1b: Incineroar|64/100
|move|p1a: Aerodactyl|Rock Slide|p2a: Delphox|[spread] p2a,p2b
|-supereffective|p2a: Delphox|1
|-damage|p2a: Delphox|36/100
|-damage|p2b: Sinistcha|81/100
|
|upkeep
|turn|3
|inactive|friendofkingambit has 30 seconds left.
|
|t:|1783960735
|switch|p2b: Incineroar|Incineroar, L50, F|100/100
|-ability|p2b: Incineroar|Intimidate|boost
|-unboost|p1a: Aerodactyl|atk|1
|-unboost|p1b: Incineroar|atk|1
|move|p2a: Delphox|Protect|p2a: Delphox
|-singleturn|p2a: Delphox|Protect
|move|p1b: Incineroar|Fake Out|p2a: Delphox
|-activate|p2a: Delphox|move: Protect
|move|p1a: Aerodactyl|Tailwind|p1a: Aerodactyl
|-sidestart|p1: friendofkingambit|move: Tailwind
|
|upkeep
|turn|4
|
|t:|1783960756
|switch|p2b: Sinistcha|Sinistcha, L50|81/100
|-heal|p2a: Delphox|61/100|[from] ability: Hospitality|[of] p2b: Sinistcha
|move|p1a: Aerodactyl|Rock Slide|p2b: Sinistcha|[spread] p2a,p2b
|-supereffective|p2a: Delphox|1
|-damage|p2a: Delphox|16/100
|-damage|p2b: Sinistcha|67/100
|move|p2a: Delphox|Heat Wave|p1b: Incineroar|[spread] p1a,p1b
|-resisted|p1a: Aerodactyl|1
|-resisted|p1b: Incineroar|1
|-damage|p1a: Aerodactyl|0 fnt
|-damage|p1b: Incineroar|31/100
|-enditem|p1b: Incineroar|Sitrus Berry|[eat]
|-heal|p1b: Incineroar|55/100|[from] item: Sitrus Berry
|faint|p1a: Aerodactyl
|move|p1b: Incineroar|Throat Chop|p2a: Delphox
|-supereffective|p2a: Delphox|1
|-damage|p2a: Delphox|0 fnt
|faint|p2a: Delphox
|
|upkeep
|-message|homerj71 forfeited.
|
|win|friendofkingambit
