|j|☆teyvgc
|j|☆Troutlegs
|html|teyvgcTroutlegs    
|uhtml|bestof|Game 2 of a best-of-3
|t:|1757195031
|gametype|doubles
|player|p1|teyvgc|benga|1190
|player|p2|Troutlegs|workerice|1084
|gen|9
|tier|[Gen 9] VGC 2025 Reg H (Bo3)
|rated|
|rule|Species Clause: Limit one of each Pokémon
|rule|Item Clause: Limit 1 of each item
|clearpoke
|poke|p1|Gholdengo, L50|
|poke|p1|Dragonite, L50, F|
|poke|p1|Sneasler, L50, F|
|poke|p1|Incineroar, L50, M|
|poke|p1|Indeedee, L50, M|
|poke|p1|Ninetales-Alola, L50, M|
|poke|p2|Tyranitar, L50, F|
|poke|p2|Excadrill, L50, M|
|poke|p2|Clefairy, L50, F|
|poke|p2|Dragonite, L50, F|
|poke|p2|Gholdengo, L50|
|poke|p2|Electrode-Hisui, L50|
|teampreview|4
|showteam|p1|Gholdengo||LifeOrb|GoodasGold|Protect,MakeItRain,ShadowBall,NastyPlot||||||50|,,,,,Water]Dragonite||LoadedDice|Multiscale|ScaleShot,Tailwind,Haze,Protect|||F|||50|,,,,,Fairy]Sneasler||PsychicSeed|Unburden|Protect,DireClaw,CloseCombat,ThroatChop|||F|||50|,,,,,Dark]Incineroar||SafetyGoggles|Intimidate|KnockOff,PartingShot,FlareBlitz,FakeOut|||M|||50|,,,,,Ghost]Indeedee||ChoiceScarf|PsychicSurge|Protect,Trick,TeraBlast,ExpandingForce|||M|||50|,,,,,Psychic]Ninetales-Alola||FocusSash|SnowWarning|Blizzard,IcyWind,Encore,AuroraVeil|||M|||50|,,,,,Ghost
|showteam|p2|Tyranitar||ChoiceBand|SandStream|Crunch,RockSlide,TeraBlast,LowKick|||F|||50|,,,,,Flying]Excadrill||ClearAmulet|SandRush|HighHorsepower,IronHead,RockSlide,Protect|||M|||50|,,,,,Ghost]Clefairy||Eviolite|FriendGuard|FollowMe,AfterYou,HelpingHand,Moonblast|||F|||50|,,,,,Water]Dragonite||LoadedDice|InnerFocus|Tailwind,ScaleShot,ExtremeSpeed,Haze|||F|||50|,,,,,Normal]Gholdengo||ChoiceScarf|GoodasGold|MakeItRain,ShadowBall,Thunderbolt,Trick||||||50|,,,,,Steel]Electrode-Hisui||FocusSash|Static|Electroweb,EnergyBall,Taunt,Protect||||||50|,,,,,Ghost
|inactive|Battle timer is ON: inactive players will automatically lose when time's up. (requested by Troutlegs)
|inactive|teyvgc has 60 seconds left.
|
|t:|1757195063
|teamsize|p1|4
|teamsize|p2|4
|start
|switch|p1a: Incineroar|Incineroar, L50, M|100/100
|switch|p1b: Sneasler|Sneasler, L50, F|100/100
|switch|p2a: Gholdengo|Gholdengo, L50|100/100
|switch|p2b: Excadrill|Excadrill, L50, M|100/100
|-ability|p1a: Incineroar|Intimidate|boost
|-unboost|p2a: Gholdengo|atk|1
|-fail|p2b: Excadrill|unboost|[from] item: Clear Amulet|[of] p2b: Excadrill
|turn|1
|inactive|teyvgc has 30 seconds left.
|
|t:|1757195090
|-terastallize|p2b: Excadrill|Ghost
|move|p1b: Sneasler|Protect|p1b: Sneasler
|-singleturn|p1b: Sneasler|Protect
|move|p2a: Gholdengo|Make It Rain|p1a: Incineroar|[spread] p1a
|-activate|p1b: Sneasler|move: Protect
|-resisted|p1a: Incineroar
|-damage|p1a: Incineroar|85/100
|-unboost|p2a: Gholdengo|spa|1
|move|p2b: Excadrill|High Horsepower|p1b: Sneasler
|-activate|p1b: Sneasler|move: Protect
|move|p1a: Incineroar|Flare Blitz|p2a: Gholdengo
|-supereffective|p2a: Gholdengo
|-damage|p2a: Gholdengo|0 fnt
|faint|p2a: Gholdengo
|-damage|p1a: Incineroar|59/100|[from] Recoil
|
|upkeep
|-message|Troutlegs forfeited.
|
|win|teyvgc
|raw|teyvgc's rating: 1190 → 1208(+18 for winning)
|raw|Troutlegs's rating: 1084 → 1068(-16 for losing)
