|j|☆shrithegreat
|j|☆baarboo
|html|shrithegreatbaarboo    
|uhtml|bestof|Game 3 of a best-of-3
|t:|1783622196
|gametype|doubles
|player|p1|shrithegreat|1|1250
|player|p2|baarboo|102|1350
|gen|9
|tier|[Gen 9 Champions] VGC 2026 Reg M-B (Bo3)
|rated|
|rule|Species Clause: Limit one of each Pokémon
|rule|Item Clause: Limit 1 of each item
|clearpoke
|poke|p1|Pyroar, L50, M|
|poke|p1|Torkoal, L50, F|
|poke|p1|Floette-Eternal, L50, F|
|poke|p1|Vileplume, L50, M|
|poke|p1|Incineroar, L50, F|
|poke|p1|Farigiraf, L50, M|
|poke|p2|Charizard, L50, F|
|poke|p2|Kingambit, L50, F|
|poke|p2|Sylveon, L50, F|
|poke|p2|Farigiraf, L50, F|
|poke|p2|Garchomp, L50, M|
|poke|p2|Aerodactyl, L50, M|
|teampreview|4
|showteam|p1|Pyroar||Pyroarite|Unnerve|Protect,Overheat,HeatWave,SolarBeam|Timid||M|||50|]Torkoal||Charcoal|Drought|Protect,Eruption,WeatherBall,HelpingHand|Quiet||F|||50|]Floette-Eternal||Floettite|FlowerVeil|Protect,Moonblast,CalmMind,DrainingKiss|Modest||F|||50|]Vileplume||FocusSash|Chlorophyll|SleepPowder,AfterYou,SludgeBomb,SolarBeam|Timid||M|||50|]Incineroar||WhiteHerb|Intimidate|FakeOut,FlareBlitz,DarkestLariat,CloseCombat|Adamant||F|||50|]Farigiraf||SitrusBerry|ArmorTail|HelpingHand,Psychic,Thunderbolt,TrickRoom|Relaxed||M|||50|
|showteam|p2|Charizard||CharizarditeY|SolarPower|SolarBeam,WeatherBall,Protect,HeatWave|Modest||F|||50|]Kingambit||FocusSash|Defiant|KowtowCleave,SuckerPunch,LowKick,IronHead|Adamant||F|||50|]Sylveon||FairyFeather|Pixilate|Detect,HyperBeam,HyperVoice,QuickAttack|Modest||F|||50|]Farigiraf||SitrusBerry|ArmorTail|TrickRoom,TwinBeam,GrassKnot,Thunderbolt|Bold||F|||50|]Garchomp||LifeOrb|RoughSkin|Protect,Earthquake,DragonClaw,StompingTantrum|Jolly||M|||50|]Aerodactyl||Aerodactylite|Unnerve|RockSlide,IceFang,Tailwind,DualWingbeat|Jolly||M|||50|
|inactive|Battle timer is ON: inactive players will automatically lose when time's up. (requested by shrithegreat)
|inactive|shrithegreat has 60 seconds left.
|
|t:|1783622243
|teamsize|p1|4
|teamsize|p2|4
|start
|switch|p1a: Torkoal|Torkoal, L50, F|100/100
|switch|p1b: Vileplume|Vileplume, L50, M|100/100
|switch|p2a: Charizard|Charizard, L50, F|100/100
|switch|p2b: Garchomp|Garchomp, L50, M|100/100
|-weather|SunnyDay|[from] ability: Drought|[of] p1a: Torkoal
|turn|1
|inactive|shrithegreat has 30 seconds left.
|
|t:|1783622269
|switch|p1a: Farigiraf|Farigiraf, L50, M|100/100
|detailschange|p2a: Charizard|Charizard-Mega-Y, L50, F
|-mega|p2a: Charizard|Charizard|Charizardite Y
|move|p1b: Vileplume|Sleep Powder|p2a: Charizard
|-status|p2a: Charizard|slp|[from] move: Sleep Powder
|move|p2b: Garchomp|Earthquake|p1a: Farigiraf|[spread] p1a,p1b
|-immune|p2a: Charizard
|-damage|p1a: Farigiraf|62/100
|-damage|p1b: Vileplume|30/100
|-damage|p2b: Garchomp|90/100|[from] item: Life Orb
|cant|p2a: Charizard|slp
|
|-weather|SunnyDay|[upkeep]
|upkeep
|turn|2
|inactive|shrithegreat has 30 seconds left.
|inactive|shrithegreat has 20 seconds left.
|
|t:|1783622307
|move|p2b: Garchomp|Protect|p2b: Garchomp
|-singleturn|p2b: Garchomp|Protect
|move|p1b: Vileplume|Sleep Powder|p2b: Garchomp
|-activate|p2b: Garchomp|move: Protect
|-curestatus|p2a: Charizard|slp|[msg]
|move|p2a: Charizard|Heat Wave|p1b: Vileplume|[spread] p1a,p1b
|-supereffective|p1b: Vileplume|1
|-damage|p1a: Farigiraf|11/100
|-damage|p1b: Vileplume|0 fnt
|-enditem|p1a: Farigiraf|Sitrus Berry|[eat]
|-heal|p1a: Farigiraf|36/100|[from] item: Sitrus Berry
|faint|p1b: Vileplume
|move|p1a: Farigiraf|Thunderbolt|p2a: Charizard
|-supereffective|p2a: Charizard|1
|-damage|p2a: Charizard|54/100
|
|-weather|SunnyDay|[upkeep]
|upkeep
|
|t:|1783622323
|switch|p1b: Floette|Floette-Eternal, L50, F|100/100
|turn|3
|
|t:|1783622347
|detailschange|p1b: Floette|Floette-Mega, L50, F
|-mega|p1b: Floette|Floette|Floettite
|-ability|p1b: Floette|Fairy Aura
|move|p2b: Garchomp|Earthquake|p1a: Farigiraf|[spread] p1a,p1b
|-immune|p2a: Charizard
|-damage|p1a: Farigiraf|0 fnt
|-damage|p1b: Floette|45/100
|faint|p1a: Farigiraf
|-damage|p2b: Garchomp|80/100|[from] item: Life Orb
|move|p1b: Floette|Calm Mind|p1b: Floette
|-boost|p1b: Floette|spa|1
|-boost|p1b: Floette|spd|1
|move|p2a: Charizard|Weather Ball|p1b: Floette
|-damage|p1b: Floette|4/100
|
|-weather|SunnyDay|[upkeep]
|upkeep
|
|t:|1783622361
|switch|p1a: Torkoal|Torkoal, L50, F|100/100
|turn|4
|
|t:|1783622370
|move|p2b: Garchomp|Earthquake|p1a: Torkoal|[spread] p1a,p1b
|-immune|p2a: Charizard
|-supereffective|p1a: Torkoal|1
|-damage|p1a: Torkoal|20/100y
|-damage|p1b: Floette|0 fnt
|faint|p1b: Floette
|-damage|p2b: Garchomp|70/100|[from] item: Life Orb
|move|p2a: Charizard|Weather Ball|p1a: Torkoal
|-resisted|p1a: Torkoal|1
|-damage|p1a: Torkoal|0 fnt
|faint|p1a: Torkoal
|
|win|baarboo
|raw|shrithegreat's rating: 1250 → 1232(-18 for losing)
|raw|baarboo's rating: 1350 → 1364(+14 for winning)
|l|☆shrithegreat
|player|p1|
|l|☆baarboo
|player|p2|
|j|☆baarboo
|player|p2|baarboo|102|
