|j|☆cuajerones
|j|☆kommander
|html|cuajeroneskommander    
|uhtml|bestof|Game 2 of a best-of-3
|t:|1783789913
|gametype|doubles
|player|p1|cuajerones|youngn|
|player|p2|kommander|#smogonxnpa2025winner|
|gen|9
|tier|[Gen 9 Champions] VGC 2026 Reg M-B (Bo3)
|rule|Species Clause: Limit one of each Pokémon
|rule|Item Clause: Limit 1 of each item
|clearpoke
|poke|p1|Blastoise, L50, F|
|poke|p1|Kingambit, L50, M|
|poke|p1|Sinistcha, L50|
|poke|p1|Delphox, L50, M, shiny|
|poke|p1|Incineroar, L50, M|
|poke|p1|Sneasler, L50, F|
|poke|p2|Aerodactyl, L50, F|
|poke|p2|Sylveon, L50, F, shiny|
|poke|p2|Charizard, L50, F|
|poke|p2|Kingambit, L50, M, shiny|
|poke|p2|Farigiraf, L50, F, shiny|
|poke|p2|Garchomp, L50, F, shiny|
|teampreview|4
|showteam|p1|Blastoise||Blastoisinite|RainDish|Protect,ShellSmash,WaterSpout,DarkPulse|Modest||F|||50|]Kingambit||BlackGlasses|Defiant|Protect,SwordsDance,SuckerPunch,KowtowCleave|Adamant||M|||50|]Sinistcha||OccaBerry|Hospitality|Protect,TrickRoom,RagePowder,MatchaGotcha|Bold|||||50|]Delphox||Delphoxite|Blaze|Protect,NastyPlot,HeatWave,Psyshock|Timid||M|||50|]Incineroar||SitrusBerry|Intimidate|FlareBlitz,FakeOut,HelpingHand,PartingShot|Impish||M|||50|]Sneasler||FocusSash|PoisonTouch|FakeOut,CloseCombat,DireClaw,QuickGuard|Jolly||F|||50|
|showteam|p2|Aerodactyl||Aerodactylite|Unnerve|RockSlide,DualWingbeat,Tailwind,IceFang|Jolly||F|||50|]Sylveon||FairyFeather|Pixilate|HyperVoice,QuickAttack,HyperBeam,Detect|Modest||F|||50|]Charizard||CharizarditeY|Blaze|HeatWave,WeatherBall,SolarBeam,Protect|Modest||F|||50|]Kingambit||FocusSash|Defiant|KowtowCleave,SuckerPunch,IronHead,LowKick|Adamant||M|||50|]Farigiraf||SitrusBerry|ArmorTail|TwinBeam,Thunderbolt,TrickRoom,SunnyDay|Relaxed||F|||50|]Garchomp||LifeOrb|RoughSkin|DragonClaw,StompingTantrum,Earthquake,Protect|Jolly||F|||50|
|j| TheMobedex
|j| Shiritu
|c|☆cuajerones|gl
|j| AcrOne
|c|☆cuajerones|te gustó el g1 shiritu ?
|j| piablos
|c| Shiritu|Acabo de entrar
|c|☆kommander|Hf
|c| piablos|bueno pero que follada más grotesca
|c| Shiritu|Asi que ni vi
|c|☆cuajerones|me ha dado hasta cosa
|
|t:|1783789993
|teamsize|p1|4
|teamsize|p2|4
|start
|switch|p1a: Delphox|Delphox, L50, M, shiny|100/100
|switch|p1b: Sneasler|Sneasler, L50, F|100/100
|switch|p2a: Aerodactyl|Aerodactyl, L50, F|100/100
|switch|p2b: Kingambit|Kingambit, L50, M, shiny|100/100
|-ability|p2a: Aerodactyl|Unnerve
|turn|1
|j| bijets
|c|☆cuajerones|me leen
|c| piablos|eres muy malo Hugo
|c|☆cuajerones|ya
|j| oh the guilt
|l| bijets
|j| eeveeolite bisharp
|
|t:|1783790090
|switch|p1a: Incineroar|Incineroar, L50, M|100/100
|-ability|p1a: Incineroar|Intimidate|boost
|-unboost|p2a: Aerodactyl|atk|1
|-unboost|p2b: Kingambit|atk|1
|-ability|p2b: Kingambit|Defiant|boost
|-boost|p2b: Kingambit|atk|2
|detailschange|p2a: Aerodactyl|Aerodactyl-Mega, L50, F
|-mega|p2a: Aerodactyl|Aerodactyl|Aerodactylite
|move|p1b: Sneasler|Fake Out|p2a: Aerodactyl
|-resisted|p2a: Aerodactyl|1
|-damage|p2a: Aerodactyl|91/100
|cant|p2a: Aerodactyl|flinch
|move|p2b: Kingambit|Kowtow Cleave|p1a: Incineroar
|-resisted|p1a: Incineroar|1
|-damage|p1a: Incineroar|69/100
|
|upkeep
|turn|2
|l| eeveeolite bisharp
|
|t:|1783790116
|move|p1a: Incineroar|Fake Out|p2a: Aerodactyl
|-resisted|p2a: Aerodactyl|1
|-damage|p2a: Aerodactyl|85/100
|cant|p2a: Aerodactyl|flinch
|move|p1b: Sneasler|Close Combat|p2b: Kingambit
|-supereffective|p2b: Kingambit|2
|-enditem|p2b: Kingambit|Focus Sash
|-damage|p2b: Kingambit|1/100
|-unboost|p1b: Sneasler|def|1
|-unboost|p1b: Sneasler|spd|1
|move|p2b: Kingambit|Low Kick|p1a: Incineroar
|-supereffective|p1a: Incineroar|1
|-damage|p1a: Incineroar|0 fnt
|faint|p1a: Incineroar
|
|upkeep
|c| piablos|ahora que hugueras
|c| piablos|que hacemos
|c| Shiritu|ff
|inactive|Battle timer is ON: inactive players will automatically lose when time's up. (requested by kommander)
|
|t:|1783790174
|switch|p1a: Delphox|Delphox, L50, M, shiny|100/100
|turn|3
|c| oh the guilt|como te amo vgc
|c| piablos|reza por el miss anda
|inactive|cuajerones has 30 seconds left.
|l| piablos
|c| oh the guilt|tirale combate cerrado a aero
|c| oh the guilt|confia
|inactive|cuajerones has 20 seconds left.
|j| piablos
|
|t:|1783790211
|detailschange|p1a: Delphox|Delphox-Mega, L50, M, shiny
|-mega|p1a: Delphox|Delphox|Delphoxite
|move|p1b: Sneasler|Quick Guard|p1b: Sneasler
|-singleturn|p1b: Sneasler|Quick Guard
|move|p2a: Aerodactyl|Tailwind|p2a: Aerodactyl
|-sidestart|p2: kommander|move: Tailwind
|move|p2b: Kingambit|Kowtow Cleave|p1a: Delphox
|-supereffective|p1a: Delphox|1
|-damage|p1a: Delphox|0 fnt
|faint|p1a: Delphox
|
|upkeep
|c| oh the guilt|casi
|c|☆cuajerones|bueno
|c| piablos|no x dios
|c| oh the guilt|te dije
|c| oh the guilt|combate cerrado
|c|☆cuajerones|es historico esto
|
|t:|1783790227
|switch|p1a: Sinistcha|Sinistcha, L50|100/100
|turn|4
|c| AcrOne|medio turno bien cannela
|c| AcrOne|pordios
|c| oh the guilt|hola acrone
|c| AcrOne|hello
|inactive|kommander has 30 seconds left.
|
|t:|1783790257
|switch|p2b: Sylveon|Sylveon, L50, F, shiny|100/100
|move|p2a: Aerodactyl|Rock Slide|p1a: Sinistcha|[spread] p1a,p1b
|-crit|p1a: Sinistcha
|-resisted|p1b: Sneasler|1
|-damage|p1a: Sinistcha|68/100
|-damage|p1b: Sneasler|75/100
|cant|p1b: Sneasler|flinch
|move|p1a: Sinistcha|Trick Room|p1a: Sinistcha
|-fieldstart|move: Trick Room|[of] p1a: Sinistcha
|
|upkeep
|turn|5
|j| eeveeolite bisharp
|inactive|cuajerones has 30 seconds left.
|inactive|kommander has 30 seconds left.
|l| piablos
|
|t:|1783790285
|switch|p2a: Garchomp|Garchomp, L50, F, shiny|100/100
|move|p1a: Sinistcha|Matcha Gotcha|p2b: Sylveon|[spread] p2a,p2b
|-damage|p2a: Garchomp|70/100
|-heal|p1a: Sinistcha|84/100|[from] drain|[of] p2a: Garchomp
|-damage|p2b: Sylveon|79/100
|-heal|p1a: Sinistcha|94/100|[from] drain|[of] p2b: Sylveon
|-status|p2a: Garchomp|brn
|move|p2b: Sylveon|Hyper Voice|p1b: Sneasler|[spread] p1a,p1b
|-crit|p1a: Sinistcha
|-crit|p1b: Sneasler
|-damage|p1a: Sinistcha|18/100
|-damage|p1b: Sneasler|0 fnt
|faint|p1b: Sneasler
|
|-damage|p2a: Garchomp|65/100 brn|[from] brn
|upkeep
|turn|6
|c| oh the guilt|trick room para despistgar al oponente
|c| oh the guilt|ahora quema
|c| oh the guilt|que buena soy
|
|t:|1783790300
|move|p1a: Sinistcha|Matcha Gotcha|p2a: Garchomp|[spread] p2a,p2b
|-crit|p2a: Garchomp
|-damage|p2a: Garchomp|23/100 brn
|-heal|p1a: Sinistcha|40/100|[from] drain|[of] p2a: Garchomp
|-damage|p2b: Sylveon|60/100
|-heal|p1a: Sinistcha|50/100g|[from] drain|[of] p2b: Sylveon
|move|p2b: Sylveon|Hyper Beam|p1a: Sinistcha
|-damage|p1a: Sinistcha|0 fnt
|-mustrecharge|p2b: Sylveon
|faint|p1a: Sinistcha
|
|win|kommander
|c|☆cuajerones|hm
|c|☆cuajerones|gg
|j| piablos
|l| AcrOne
|l| TheMobedex
|c|☆kommander|gg
|l| oh the guilt
|l| piablos
|j|+luisin
|l| eeveeolite bisharp
|l|☆kommander
|player|p2|
|j|☆kommander
|player|p2|kommander|#smogonxnpa2025winner|
|l| Shiritu
|l|☆kommander
|player|p2|
|j|☆kommander
|player|p2|kommander|#smogonxnpa2025winner|
