|j|鈽咹alcyonJon
|j|鈽員ruevillany123
|html|HalcyonJonTruevillany123    
|uhtml|bestof|Game 2 of a best-of-3
|t:|1757711986
|gametype|doubles
|player|p1|HalcyonJon|pokemonbreeder|1088
|player|p2|Truevillany123|1|1081
|gen|9
|tier|[Gen 9] VGC 2025 Reg H (Bo3)
|rated|
|rule|Species Clause: Limit one of each Pok茅mon
|rule|Item Clause: Limit 1 of each item
|clearpoke
|poke|p1|Comfey, L50, F|
|poke|p1|Magmar, L50, M|
|poke|p1|Primarina, L50, F|
|poke|p1|Sneasler, L50, M|
|poke|p1|Rillaboom, L50, M|
|poke|p1|Hydreigon, L50, M|
|poke|p2|Dragonite, L50, M|
|poke|p2|Ursaluna-Bloodmoon, L50, M|
|poke|p2|Gholdengo, L50|
|poke|p2|Annihilape, L50, M|
|poke|p2|Ninetales-Alola, L50, F|
|poke|p2|Rillaboom, L50, F|
|teampreview|4
|showteam|p1|Comfey||MentalHerb|Triage|DrainingKiss,FloralHealing,Tailwind,Protect|||F|||50|,,,,,Steel]Magmar||Eviolite|VitalSpirit|Overheat,ClearSmog,HelpingHand,FollowMe|||M|||50|,,,,,Water]Primarina||RoomService|LiquidVoice|Moonblast,HyperVoice,SparklingAria,Protect|||F|||50|,,,,,Steel]Sneasler||GrassySeed|Unburden|CloseCombat,DireClaw,SludgeWave,Protect|||M|||50|,,,,,Dark]Rillaboom||WeaknessPolicy|GrassySurge|WoodHammer,GrassyGlide,HighHorsepower,Protect|||M|||50|,,,,,Dark]Hydreigon||ThroatSpray|Levitate|DragonPulse,Snarl,HeatWave,Protect|||M|||50|,,,,,Fire
|showteam|p2|Dragonite||LoadedDice|Multiscale|ScaleShot,Protect,Haze,Tailwind|||M|||50|,,,,,Fairy]Ursaluna-Bloodmoon||LifeOrb|MindsEye|BloodMoon,HyperVoice,EarthPower,Protect|||M|||50|,,,,,Normal]Gholdengo||ChoiceSpecs|GoodasGold|MakeItRain,ShadowBall,PowerGem,Trick||||||50|,,,,,Steel]Annihilape||SitrusBerry|Defiant|DrainPunch,RageFist,Protect,BulkUp|||M|||50|,,,,,Fire]Ninetales-Alola||FocusSash|SnowWarning|FreezeDry,AuroraVeil,Encore,IcicleSpear|||F|||50|,,,,,Ghost]Rillaboom||AssaultVest|GrassySurge|FakeOut,WoodHammer,HighHorsepower,Uturn|||F|||50|,,,,,Fire
|c|鈽員ruevillany123|gg u wonm
|j| you ardy know
|
|t:|1757712017
|teamsize|p1|4
|teamsize|p2|4
|start
|switch|p1a: Sneasler|Sneasler, L50, M|100/100
|switch|p1b: Rillaboom|Rillaboom, L50, M|100/100
|switch|p2a: Dragonite|Dragonite, L50, M, shiny|100/100
|switch|p2b: Gholdengo|Gholdengo, L50|100/100
|-fieldstart|move: Grassy Terrain|[from] ability: Grassy Surge|[of] p1b: Rillaboom
|-enditem|p1a: Sneasler|Grassy Seed
|-boost|p1a: Sneasler|def|1|[from] item: Grassy Seed
|turn|1
|
|t:|1757712062
|-terastallize|p2b: Gholdengo|Steel
|move|p1a: Sneasler|Sludge Wave|p2a: Dragonite|[spread] p1b,p2a
|-immune|p2b: Gholdengo
|-supereffective|p1b: Rillaboom
|-damage|p1b: Rillaboom|86/100
|-damage|p2a: Dragonite|97/100
|-status|p1b: Rillaboom|psn
|-enditem|p1b: Rillaboom|Weakness Policy
|-boost|p1b: Rillaboom|atk|2|[from] item: Weakness Policy
|-boost|p1b: Rillaboom|spa|2|[from] item: Weakness Policy
|move|p2b: Gholdengo|Make It Rain|p1a: Sneasler|[spread] p1a,p1b
|-damage|p1a: Sneasler|0 fnt
|-damage|p1b: Rillaboom|5/100 psn
|-unboost|p2b: Gholdengo|spa|1
|faint|p1a: Sneasler
|move|p2a: Dragonite|Scale Shot|p1b: Rillaboom
|-damage|p1b: Rillaboom|0 fnt
|faint|p1b: Rillaboom
|-hitcount|p1: Rillaboom|1
|-unboost|p2a: Dragonite|def|1
|-boost|p2a: Dragonite|spe|1
|
|upkeep
|l| you ardy know
|
|t:|1757712084
|switch|p1a: Hydreigon|Hydreigon, L50, M|100/100
|switch|p1b: Comfey|Comfey, L50, F|100/100
|turn|2
|
|t:|1757712110
|switch|p2b: Ninetales|Ninetales-Alola, L50, F|100/100
|-weather|Snowscape|[from] ability: Snow Warning|[of] p2b: Ninetales
|-terastallize|p1a: Hydreigon|Fire
|move|p1b: Comfey|Protect|p1b: Comfey
|-singleturn|p1b: Comfey|Protect
|move|p2a: Dragonite|Tailwind|p2a: Dragonite
|-sidestart|p2: Truevillany123|move: Tailwind
|move|p1a: Hydreigon|Snarl|p2a: Dragonite|[spread] p2a,p2b
|-resisted|p2b: Ninetales
|-damage|p2a: Dragonite|74/100
|-damage|p2b: Ninetales|87/100
|-unboost|p2a: Dragonite|spa|1
|-unboost|p2b: Ninetales|spa|1
|-enditem|p1a: Hydreigon|Throat Spray
|-boost|p1a: Hydreigon|spa|1|[from] item: Throat Spray
|
|-weather|Snowscape|[upkeep]
|-heal|p2b: Ninetales|93/100|[from] Grassy Terrain
|upkeep
|turn|3
|
|t:|1757712133
|move|p2a: Dragonite|Scale Shot|p1a: Hydreigon
|-crit|p1a: Hydreigon
|-damage|p1a: Hydreigon|73/100
|-damage|p1a: Hydreigon|56/100
|-damage|p1a: Hydreigon|38/100
|-damage|p1a: Hydreigon|22/100
|-crit|p1a: Hydreigon
|-damage|p1a: Hydreigon|0 fnt
|faint|p1a: Hydreigon
|-hitcount|p1: Hydreigon|5
|-unboost|p2a: Dragonite|def|1
|-boost|p2a: Dragonite|spe|1
|move|p2b: Ninetales|Encore|p1b: Comfey
|-start|p1b: Comfey|Encore
|-enditem|p1b: Comfey|Mental Herb
|-end|p1b: Comfey|Encore
|move|p1b: Comfey|Tailwind|p1b: Comfey
|-sidestart|p1: HalcyonJon|move: Tailwind
|
|-weather|Snowscape|[upkeep]
|-heal|p2b: Ninetales|99/100|[from] Grassy Terrain
|upkeep
|turn|4
|-message|HalcyonJon forfeited.
|
|win|Truevillany123
||HalcyonJon is ready for game 3.
