|j|☆extreme90
|j|☆flameblade_0012
|html|extreme90flameblade_0012    
|uhtml|bestof|Game 1 of a best-of-3
|t:|1784379557
|gametype|doubles
|player|p1|extreme90|firebreather|1051
|player|p2|flameblade_0012|dawn-gen4pt|1012
|gen|9
|tier|[Gen 9 Champions] VGC 2026 Reg M-B (Bo3)
|rated|
|rule|Species Clause: Limit one of each Pokémon
|rule|Item Clause: Limit 1 of each item
|clearpoke
|poke|p1|Swampert, L50, F|
|poke|p1|Archaludon, L50, M|
|poke|p1|Pelipper, L50, F|
|poke|p1|Sinistcha-Masterpiece, L50|
|poke|p1|Sableye, L50, M|
|poke|p1|Metagross, L50|
|poke|p2|Raichu, L50, M|
|poke|p2|Whimsicott, L50, F|
|poke|p2|Garchomp, L50, F|
|poke|p2|Farigiraf, L50, F|
|poke|p2|Basculegion, L50, M|
|poke|p2|Ceruledge, L50, F|
|teampreview|4
|showteam|p1|Swampert||Swampertite|Torrent|WaveCrash,IcePunch,HighHorsepower,Protect|Adamant||F|||50|]Archaludon||Leftovers|Stamina|ElectroShot,AuraSphere,FlashCannon,Protect|Modest||M|||50|]Pelipper||FocusSash|Drizzle|Hurricane,WeatherBall,Tailwind,Protect|Modest||F|||50|]Sinistcha-Masterpiece||ColburBerry|Hospitality|MatchaGotcha,ShadowBall,RagePowder,Protect|Timid|||||50|]Sableye||RoseliBerry|Prankster|WillOWisp,RainDance,Quash,LightScreen|Bold||M|||50|]Metagross||Metagrossite|ClearBody|BodyPress,IronHead,PsychicFangs,Protect|Jolly|||||50|
|showteam|p2|Raichu||RaichuniteY|LightningRod|FakeOut,ZapCannon,Protect,FocusBlast|Modest||M|||50|]Whimsicott||FocusSash|Prankster|Tailwind,Moonblast,Protect,Encore|Timid||F|||50|]Garchomp||LifeOrb|RoughSkin|RockSlide,DragonClaw,StompingTantrum,Protect|Adamant||F|||50|]Farigiraf||ColburBerry|ArmorTail|TrickRoom,Psychic,HyperVoice,Protect|Serious||F|||50|]Basculegion||MysticWater|Adaptability|WaveCrash,AquaJet,Protect,LastRespects|Adamant||M|||50|]Ceruledge||Leftovers|FlashFire|BulkUp,BitterBlade,ShadowSneak,ShadowClaw|Adamant||F|||50|
|inactive|Battle timer is ON: inactive players will automatically lose when time's up. (requested by flameblade_0012)
|inactive|flameblade_0012 has 60 seconds left.
|
|t:|1784379607
|teamsize|p1|4
|teamsize|p2|4
|start
|switch|p1a: Archaludon|Archaludon, L50, M|100/100
|switch|p1b: Pelipper|Pelipper, L50, F|100/100
|switch|p2a: Raichu|Raichu, L50, M|100/100
|switch|p2b: Whimsicott|Whimsicott, L50, F|100/100
|-weather|RainDance|[from] ability: Drizzle|[of] p1b: Pelipper
|turn|1
|
|t:|1784379627
|detailschange|p2a: Raichu|Raichu-Mega-Y, L50, M
|-mega|p2a: Raichu|Raichu|Raichunite Y
|move|p1b: Pelipper|Protect|p1b: Pelipper
|-singleturn|p1b: Pelipper|Protect
|move|p2b: Whimsicott|Tailwind|p2b: Whimsicott
|-sidestart|p2: flameblade_0012|move: Tailwind
|move|p2a: Raichu|Focus Blast|p1a: Archaludon
|-supereffective|p1a: Archaludon|1
|-damage|p1a: Archaludon|0 fnt
|faint|p1a: Archaludon
|
|-weather|RainDance|[upkeep]
|upkeep
|
|t:|1784379638
|switch|p1a: Swampert|Swampert, L50, F|100/100
|turn|2
|inactive|flameblade_0012 has 30 seconds left.
|
|t:|1784379665
|detailschange|p1a: Swampert|Swampert-Mega, L50, F
|-mega|p1a: Swampert|Swampert|Swampertite
|move|p2b: Whimsicott|Encore|p1b: Pelipper
|-start|p1b: Pelipper|Encore
|move|p1b: Pelipper|Protect||[still]
|-fail|p1b: Pelipper
|move|p2a: Raichu|Focus Blast|p1a: Swampert
|-damage|p1a: Swampert|52/100
|move|p1a: Swampert|High Horsepower|p2a: Raichu
|-supereffective|p2a: Raichu|1
|-damage|p2a: Raichu|0 fnt
|faint|p2a: Raichu
|
|-weather|RainDance|[upkeep]
|upkeep
|
|t:|1784379677
|switch|p2a: Basculegion|Basculegion, L50, M|100/100
|turn|3
|inactive|flameblade_0012 has 30 seconds left.
|
|t:|1784379703
|switch|p1b: Sinistcha|Sinistcha-Masterpiece, L50|100/100
|-heal|p1a: Swampert|77/100|[from] ability: Hospitality|[of] p1b: Sinistcha
|move|p2b: Whimsicott|Moonblast|p1b: Sinistcha
|-damage|p1b: Sinistcha|62/100
|move|p1a: Swampert|High Horsepower|p2a: Basculegion
|-damage|p2a: Basculegion|44/100
|move|p2a: Basculegion|Wave Crash|p1a: Swampert
|-damage|p1a: Swampert|0 fnt
|faint|p1a: Swampert
|-damage|p2a: Basculegion|22/100|[from] Recoil
|
|-weather|RainDance|[upkeep]
|upkeep
|
|t:|1784379712
|switch|p1a: Pelipper|Pelipper, L50, F|100/100
|turn|4
|inactive|flameblade_0012 has 30 seconds left.
|
|t:|1784379740
|move|p2b: Whimsicott|Moonblast|p1a: Pelipper
|-damage|p1a: Pelipper|33/100
|move|p2a: Basculegion|Last Respects|p1b: Sinistcha
|-supereffective|p1b: Sinistcha|1
|-damage|p1b: Sinistcha|0 fnt
|faint|p1b: Sinistcha
|move|p1a: Pelipper|Hurricane|p2b: Whimsicott
|-supereffective|p2b: Whimsicott|1
|-enditem|p2b: Whimsicott|Focus Sash
|-damage|p2b: Whimsicott|1/100
|-start|p2b: Whimsicott|confusion
|
|-weather|RainDance|[upkeep]
|-sideend|p2: flameblade_0012|move: Tailwind
|upkeep
|turn|5
|-message|extreme90 forfeited.
|raw|extreme90's rating: 1051 → 1031(-20 for losing)
|raw|flameblade_0012's rating: 1012 → 1054(+42 for winning)
|
|win|flameblade_0012
|l|☆extreme90
|player|p1|
