|j|☆Ferran Tiburon
|j|☆yueyuea
|html|Ferran Tiburonyueyuea    
|uhtml|bestof|Game 2 of a best-of-3
|t:|1784624329
|gametype|doubles
|player|p1|Ferran Tiburon|102|1138
|player|p2|yueyuea|102|1275
|gen|9
|tier|[Gen 9 Champions] VGC 2026 Reg M-B (Bo3)
|rated|
|rule|Species Clause: Limit one of each Pokémon
|rule|Item Clause: Limit 1 of each item
|clearpoke
|poke|p1|Aerodactyl, L50, F|
|poke|p1|Garchomp, L50, M|
|poke|p1|Kingambit, L50, F|
|poke|p1|Charizard, L50, M|
|poke|p1|Sylveon, L50, M|
|poke|p1|Farigiraf, L50, F|
|poke|p2|Charizard, L50, M|
|poke|p2|Venusaur, L50, F|
|poke|p2|Incineroar, L50, M|
|poke|p2|Garchomp, L50, F|
|poke|p2|Farigiraf, L50, F|
|poke|p2|Kingambit, L50, F|
|teampreview|4
|showteam|p1|Aerodactyl||Aerodactylite|Unnerve|IceFang,RockSlide,Tailwind,DualWingbeat|Jolly||F|||50|]Garchomp||LifeOrb|RoughSkin|DragonClaw,RockSlide,Earthquake,Protect|Jolly||M|||50|]Kingambit||FocusSash|Defiant|SuckerPunch,KowtowCleave,IronHead,LowKick|Adamant||F|||50|]Charizard||CharizarditeY|SolarPower|Protect,WeatherBall,HeatWave,SolarBeam|Modest||M|||50|]Sylveon||FairyFeather|Pixilate|Protect,HyperVoice,HyperBeam,QuickAttack|Modest||M|||50|]Farigiraf||SitrusBerry|ArmorTail|TrickRoom,Thunderbolt,Roar,Psychic|Bold||F|||50|
|showteam|p2|Charizard||CharizarditeY|Blaze|HeatWave,Protect,HelpingHand,WeatherBall|Timid||M|||50|]Venusaur||LifeOrb|Chlorophyll|EarthPower,LeafStorm,SludgeBomb,Protect|Modest||F|||50|]Incineroar||SitrusBerry|Intimidate|FakeOut,ThroatChop,FlareBlitz,PartingShot|Impish||M|||50|]Garchomp||ChoiceScarf|RoughSkin|DragonClaw,Earthquake,RockSlide,StompingTantrum|Adamant||F|||50|]Farigiraf||Leftovers|ArmorTail|TwinBeam,Thunderbolt,TrickRoom,Protect|Bold||F|||50|]Kingambit||FocusSash|Defiant|SuckerPunch,KowtowCleave,Protect,LowKick|Adamant||F|||50|
|inactive|Battle timer is ON: inactive players will automatically lose when time's up. (requested by Ferran Tiburon)
|inactive|yueyuea has 60 seconds left.
|
|t:|1784624367
|teamsize|p1|4
|teamsize|p2|4
|start
|switch|p1a: Aerodactyl|Aerodactyl, L50, F|100/100
|switch|p1b: Garchomp|Garchomp, L50, M|100/100
|switch|p2a: Garchomp|Garchomp, L50, F|100/100
|switch|p2b: Charizard|Charizard, L50, M|100/100
|-ability|p1a: Aerodactyl|Unnerve
|turn|1
|inactive|Ferran Tiburon has 30 seconds left.
|inactive|yueyuea has 30 seconds left.
|
|t:|1784624397
|detailschange|p1a: Aerodactyl|Aerodactyl-Mega, L50, F
|-mega|p1a: Aerodactyl|Aerodactyl|Aerodactylite
|detailschange|p2b: Charizard|Charizard-Mega-Y, L50, M
|-mega|p2b: Charizard|Charizard|Charizardite Y
|-weather|SunnyDay|[from] ability: Drought|[of] p2b: Charizard
|move|p2a: Garchomp|Rock Slide|p1b: Garchomp|[spread] p1a,p1b
|-supereffective|p1a: Aerodactyl|1
|-resisted|p1b: Garchomp|1
|-damage|p1a: Aerodactyl|50/100g
|-damage|p1b: Garchomp|89/100
|move|p1a: Aerodactyl|Rock Slide|p2a: Garchomp|[spread] p2a,p2b
|-resisted|p2a: Garchomp|1
|-supereffective|p2b: Charizard|2
|-damage|p2a: Garchomp|88/100
|-damage|p2b: Charizard|0 fnt
|faint|p2b: Charizard
|move|p1b: Garchomp|Dragon Claw|p2a: Garchomp
|-supereffective|p2a: Garchomp|1
|-damage|p2a: Garchomp|0 fnt
|-damage|p1b: Garchomp|77/100|[from] ability: Rough Skin|[of] p2a: Garchomp
|faint|p2a: Garchomp
|-damage|p1b: Garchomp|67/100|[from] item: Life Orb
|
|-weather|SunnyDay|[upkeep]
|upkeep
|-message|yueyuea forfeited.
|
|win|Ferran Tiburon
|l|☆yueyuea
|player|p2|
||yueyuea is ready for game 3.
|inactive|Ferran Tiburon has 30 seconds to confirm battle start!
||Ferran Tiburon is ready for game 3.
|uhtml|next|Next: Game 3 of 3
