|j|☆Acris
|j|☆Shminki
|html|AcrisShminki    
|uhtml|bestof|Game 2 of a best-of-3
|t:|1756953744
|gametype|doubles
|player|p1|Acris|266|1173
|player|p2|Shminki|ethan|1270
|gen|9
|tier|[Gen 9] VGC 2025 Reg H (Bo3)
|rated|
|rule|Species Clause: Limit one of each Pokémon
|rule|Item Clause: Limit 1 of each item
|clearpoke
|poke|p1|Archaludon, L50, M|
|poke|p1|Pelipper, L50, F|
|poke|p1|Basculegion, L50, M|
|poke|p1|Incineroar, L50, M|
|poke|p1|Maushold-Four, L50|
|poke|p1|Annihilape, L50, F|
|poke|p2|Gholdengo, L50|
|poke|p2|Sneasler, L50, M|
|poke|p2|Rillaboom, L50, F|
|poke|p2|Dragonite, L50, F|
|poke|p2|Ninetales-Alola, L50, M|
|poke|p2|Arcanine-Hisui, L50, M|
|teampreview|4
|showteam|p1|Archaludon||AssaultVest|Stamina|DracoMeteor,FlashCannon,ElectroShot,BodyPress|||M|||50|,,,,,Bug]Pelipper||FocusSash|Drizzle|Hurricane,WeatherBall,Tailwind,Protect|||F|||50|,,,,,Stellar]Basculegion||ChoiceScarf|Adaptability|WaveCrash,FlipTurn,LastRespects,AquaJet|||M|||50|,,,,,Water]Incineroar||SafetyGoggles|Intimidate|FakeOut,KnockOff,Taunt,PartingShot|||M|||50|,,,,,Ghost]Maushold-Four||WideLens|Technician|PopulationBomb,BeatUp,FollowMe,Protect||||||50|,,,,,Ghost]Annihilape||Leftovers|Defiant|DrainPunch,RageFist,BulkUp,Protect|||F|||50|,,,,,Fire
|showteam|p2|Gholdengo||GrassySeed|GoodasGold|NastyPlot,MakeItRain,ShadowBall,Protect||||||50|,,,,,Water]Sneasler||WhiteHerb|Unburden|CloseCombat,DireClaw,Coaching,Protect|||M|||50|,,,,,Ghost]Rillaboom||AssaultVest|GrassySurge|FakeOut,GrassyGlide,DrumBeating,HighHorsepower|||F|||50|,,,,,Fire]Dragonite||LoadedDice|Multiscale|ScaleShot,StompingTantrum,Tailwind,Protect|||F|||50|,,,,,Ground]Ninetales-Alola||FocusSash|SnowWarning|Blizzard,IcyWind,Encore,AuroraVeil|||M|||50|,,,,,Ghost]Arcanine-Hisui||ClearAmulet|Intimidate|RockSlide,FlareBlitz,ExtremeSpeed,Protect|||M|||50|,,,,,Water
|inactive|Battle timer is ON: inactive players will automatically lose when time's up. (requested by Shminki)
|inactive|Shminki has 60 seconds left.
|
|t:|1756953787
|teamsize|p1|4
|teamsize|p2|4
|start
|switch|p1a: Maushold|Maushold-Four, L50|100/100
|switch|p1b: Annihilape|Annihilape, L50, F|100/100
|switch|p2a: Gholdengo|Gholdengo, L50|100/100
|switch|p2b: Rillaboom|Rillaboom, L50, F|100/100
|-fieldstart|move: Grassy Terrain|[from] ability: Grassy Surge|[of] p2b: Rillaboom
|-enditem|p2a: Gholdengo|Grassy Seed
|-boost|p2a: Gholdengo|def|1|[from] item: Grassy Seed
|turn|1
|inactive|Shminki has 30 seconds left.
|inactive|Shminki has 20 seconds left.
|
|t:|1756953826
|-terastallize|p1a: Maushold|Ghost
|-terastallize|p2a: Gholdengo|Water
|move|p2b: Rillaboom|Fake Out|p1a: Maushold
|-immune|p1a: Maushold
|move|p1a: Maushold|Beat Up|p1b: Annihilape
|-damage|p1b: Annihilape|96/100
|-damage|p1b: Annihilape|89/100
|-damage|p1b: Annihilape|83/100
|-damage|p1b: Annihilape|79/100
|-hitcount|p1b: Annihilape|4
|move|p1b: Annihilape|Rage Fist|p2a: Gholdengo
|-damage|p2a: Gholdengo|36/100
|move|p2a: Gholdengo|Nasty Plot|p2a: Gholdengo
|-boost|p2a: Gholdengo|spa|2
|
|-heal|p1b: Annihilape|86/100|[from] Grassy Terrain
|-heal|p1b: Annihilape|92/100|[from] item: Leftovers
|-heal|p2a: Gholdengo|43/100|[from] Grassy Terrain
|upkeep
|turn|2
|inactive|Acris has 30 seconds left.
|inactive|Shminki has 30 seconds left.
|inactive|Acris has 20 seconds left.
|inactive|Shminki has 20 seconds left.
|inactive|Shminki has 15 seconds left.
|inactive|Shminki has 10 seconds left.
|
|t:|1756953871
|move|p2a: Gholdengo|Protect|p2a: Gholdengo
|-singleturn|p2a: Gholdengo|Protect
|move|p1a: Maushold|Population Bomb|p2b: Rillaboom
|-damage|p2b: Rillaboom|89/100
|-crit|p2b: Rillaboom
|-damage|p2b: Rillaboom|73/100
|-crit|p2b: Rillaboom
|-damage|p2b: Rillaboom|55/100
|-damage|p2b: Rillaboom|43/100
|-damage|p2b: Rillaboom|32/100
|-damage|p2b: Rillaboom|21/100
|-damage|p2b: Rillaboom|8/100
|-damage|p2b: Rillaboom|0 fnt
|faint|p2b: Rillaboom
|-hitcount|p2: Rillaboom|8
|move|p1b: Annihilape|Rage Fist|p2a: Gholdengo
|-activate|p2a: Gholdengo|move: Protect
|
|-heal|p1b: Annihilape|98/100|[from] Grassy Terrain
|-heal|p1b: Annihilape|100/100|[from] item: Leftovers
|-heal|p2a: Gholdengo|49/100|[from] Grassy Terrain
|upkeep
|
|t:|1756953883
|switch|p2b: Ninetales|Ninetales-Alola, L50, M|100/100
|-weather|Snowscape|[from] ability: Snow Warning|[of] p2b: Ninetales
|turn|3
|inactive|Acris has 30 seconds left.
|
|t:|1756953913
|move|p1a: Maushold|Population Bomb|p2a: Gholdengo
|-damage|p2a: Gholdengo|42/100
|-damage|p2a: Gholdengo|35/100
|-damage|p2a: Gholdengo|28/100
|-damage|p2a: Gholdengo|21/100
|-damage|p2a: Gholdengo|12/100
|-damage|p2a: Gholdengo|6/100
|-damage|p2a: Gholdengo|0 fnt
|faint|p2a: Gholdengo
|-hitcount|p2: Gholdengo|7
|move|p2b: Ninetales|Icy Wind|p1a: Maushold|[spread] p1a,p1b
|-damage|p1a: Maushold|78/100
|-damage|p1b: Annihilape|86/100
|-unboost|p1a: Maushold|spe|1
|-unboost|p1b: Annihilape|spe|1
|-ability|p1b: Annihilape|Defiant|boost
|-boost|p1b: Annihilape|atk|2
|move|p1b: Annihilape|Drain Punch|p2b: Ninetales
|-damage|p2b: Ninetales|43/100
|-heal|p1b: Annihilape|100/100|[from] drain|[of] p2b: Ninetales
|
|-weather|Snowscape|[upkeep]
|-heal|p2b: Ninetales|49/100|[from] Grassy Terrain
|-heal|p1a: Maushold|84/100|[from] Grassy Terrain
|upkeep
|-message|Shminki forfeited.
|
|win|Acris
||Shminki is ready for game 3.
||Acris is ready for game 3.
|uhtml|next|Next: Game 3 of 3
|l|☆Acris
|player|p1|
