|j|☆MaeveOG
|j|☆tenshiarmpit
|html|MaeveOGtenshiarmpit    
|uhtml|bestof|Game 1 of a best-of-3
|t:|1783861376
|gametype|doubles
|player|p1|MaeveOG|cynthia|1000
|player|p2|tenshiarmpit|maid|1000
|gen|9
|tier|[Gen 9 Champions] VGC 2026 Reg M-B (Bo3)
|rated|
|rule|Species Clause: Limit one of each Pokémon
|rule|Item Clause: Limit 1 of each item
|clearpoke
|poke|p1|Charizard, L50, M, shiny|
|poke|p1|Whimsicott, L50, F|
|poke|p1|Basculegion, L50, M|
|poke|p1|Farigiraf, L50, F|
|poke|p1|Kangaskhan, L50, F|
|poke|p1|Sneasler, L50, M|
|poke|p2|Swampert, L50, F, shiny|
|poke|p2|Scizor, L50, M, shiny|
|poke|p2|Pelipper, L50, F, shiny|
|poke|p2|Sableye, L50, F, shiny|
|poke|p2|Basculegion, L50, M|
|poke|p2|Sinistcha, L50|
|teampreview|4
|showteam|p1|Charizard||CharizarditeY|SolarPower|WeatherBall,HeatWave,SolarBeam,Protect|Timid||M|||50|]Whimsicott||FocusSash|Prankster|Moonblast,Tailwind,SunnyDay,Encore|Timid||F|||50|]Basculegion||ChoiceScarf|Adaptability|WaveCrash,AquaJet,LastRespects,FlipTurn|Adamant||M|||50|]Farigiraf||SitrusBerry|ArmorTail|Psychic,HyperVoice,HelpingHand,TrickRoom|Modest||F|||50|]Kangaskhan||Kangaskhanite|Scrappy|FakeOut,DoubleEdge,DrainPunch,SuckerPunch|Adamant||F|||50|]Sneasler||WhiteHerb|Unburden|FakeOut,CloseCombat,DireClaw,RockTomb|Adamant||M|||50|
|showteam|p2|Swampert||Swampertite|Torrent|HighHorsepower,FlipTurn,KnockOff,Protect|Adamant||F|||50|]Scizor||Scizorite|Technician|BulletPunch,Protect,SwordsDance,DualWingbeat|Adamant||M|||50|]Pelipper||FocusSash|Drizzle|WeatherBall,Tailwind,WideGuard,Hurricane|Timid||F|||50|]Sableye||MentalHerb|Prankster|Encore,Quash,RainDance,FakeOut|Calm||F|||50|]Basculegion||ChoiceScarf|Adaptability|WaveCrash,AquaJet,FlipTurn,LastRespects|Adamant||M|||50|]Sinistcha||SitrusBerry|Hospitality|MatchaGotcha,RagePowder,Protect,StrengthSap|Calm|||||50|
|
|t:|1783861431
|teamsize|p1|4
|teamsize|p2|4
|start
|switch|p1a: Kangaskhan|Kangaskhan, L50, F|100/100
|switch|p1b: Basculegion|Basculegion, L50, M|100/100
|switch|p2a: Basculegion|Basculegion, L50, M|100/100
|switch|p2b: Sableye|Sableye, L50, F, shiny|100/100
|turn|1
|
|t:|1783861478
|move|p1a: Kangaskhan|Fake Out|p2a: Basculegion
|-damage|p2a: Basculegion|75/100
|move|p2b: Sableye|Quash|p1b: Basculegion
|-activate|p1b: Basculegion|move: Quash
|cant|p2a: Basculegion|flinch
|move|p1b: Basculegion|Wave Crash|p2b: Sableye
|-damage|p2b: Sableye|0 fnt
|faint|p2b: Sableye
|-damage|p1b: Basculegion|73/100|[from] Recoil
|
|upkeep
|
|t:|1783861489
|switch|p2b: Sinistcha|Sinistcha, L50|100/100
|-heal|p2a: Basculegion|100/100|[from] ability: Hospitality|[of] p2b: Sinistcha
|turn|2
|
|t:|1783861523
|switch|p1b: Sneasler|Sneasler, L50, M|100/100
|move|p2b: Sinistcha|Rage Powder|p2b: Sinistcha
|-singleturn|p2b: Sinistcha|move: Rage Powder
|move|p1a: Kangaskhan|Sucker Punch||[still]
|-fail|p1a: Kangaskhan
|move|p2a: Basculegion|Last Respects|p1b: Sneasler
|-damage|p1b: Sneasler|0 fnt
|faint|p1b: Sneasler
|
|upkeep
|
|t:|1783861541
|switch|p1b: Basculegion|Basculegion, L50, M|73/100
|turn|3
|
|t:|1783861567
|move|p2b: Sinistcha|Rage Powder|p2b: Sinistcha
|-singleturn|p2b: Sinistcha|move: Rage Powder
|move|p1b: Basculegion|Last Respects|p2b: Sinistcha
|-supereffective|p2b: Sinistcha|1
|-damage|p2b: Sinistcha|0 fnt
|faint|p2b: Sinistcha
|move|p2a: Basculegion|Last Respects|p1b: Basculegion
|-supereffective|p1b: Basculegion|1
|-damage|p1b: Basculegion|0 fnt
|faint|p1b: Basculegion
|move|p1a: Kangaskhan|Double-Edge|p2a: Basculegion
|-damage|p2a: Basculegion|23/100
|-damage|p1a: Kangaskhan|72/100|[from] Recoil
|
|upkeep
|
|t:|1783861581
|switch|p1b: Charizard|Charizard, L50, M, shiny|100/100
|switch|p2b: Swampert|Swampert, L50, F, shiny|100/100
|turn|4
|
|t:|1783861595
|detailschange|p1b: Charizard|Charizard-Mega-Y, L50, M, shiny
|-mega|p1b: Charizard|Charizard|Charizardite Y
|-weather|SunnyDay|[from] ability: Drought|[of] p1b: Charizard
|detailschange|p2b: Swampert|Swampert-Mega, L50, F, shiny
|-mega|p2b: Swampert|Swampert|Swampertite
|move|p1a: Kangaskhan|Sucker Punch|p2a: Basculegion
|-supereffective|p2a: Basculegion|1
|-damage|p2a: Basculegion|0 fnt
|faint|p2a: Basculegion
|move|p1b: Charizard|Solar Beam||[still]
|-prepare|p1b: Charizard|Solar Beam
|-anim|p1b: Charizard|Solar Beam|p2b: Swampert
|-supereffective|p2b: Swampert|2
|-crit|p2b: Swampert
|-damage|p2b: Swampert|0 fnt
|faint|p2b: Swampert
|
|win|MaeveOG
|c|☆tenshiarmpit|wp
|inactive|MaeveOG has 30 seconds to confirm battle start!
|inactive|tenshiarmpit has 30 seconds to confirm battle start!
