|j|☆lox1sm
|j|☆intromition
|html|lox1smintromition    
|uhtml|bestof|Game 2 of a best-of-3
|t:|1783340529
|gametype|doubles
|player|p1|lox1sm|veteran|1187
|player|p2|intromition|2|1132
|gen|9
|tier|[Gen 9 Champions] VGC 2026 Reg M-B (Bo3)
|rated|
|rule|Species Clause: Limit one of each Pokémon
|rule|Item Clause: Limit 1 of each item
|clearpoke
|poke|p1|Charizard, L50, M|
|poke|p1|Aerodactyl, L50, M|
|poke|p1|Garchomp, L50, F|
|poke|p1|Kingambit, L50, M|
|poke|p1|Farigiraf, L50, M|
|poke|p1|Primarina, L50, M|
|poke|p2|Archaludon, L50, M|
|poke|p2|Pelipper, L50, F|
|poke|p2|Basculegion, L50, M|
|poke|p2|Rotom-Heat, L50|
|poke|p2|Sceptile, L50, F|
|poke|p2|Dragonite, L50, F|
|teampreview|4
|showteam|p1|Charizard||CharizarditeY|Blaze|HeatWave,WeatherBall,SolarBeam,Protect|Modest||M|||50|]Aerodactyl||Aerodactylite|Unnerve|RockSlide,IceFang,Tailwind,Protect|Jolly||M|||50|]Garchomp||LifeOrb|RoughSkin|DragonClaw,Earthquake,RockSlide,Protect|Jolly||F|||50|]Kingambit||FocusSash|Defiant|KowtowCleave,SuckerPunch,IronHead,LowKick|Adamant||M|||50|]Farigiraf||ExpertBelt|ArmorTail|Psychic,DazzlingGleam,Thunderbolt,TrickRoom|Modest||M|||50|]Primarina||MysticWater|LiquidVoice|HyperVoice,Moonblast,Haze,Protect|Modest||M|||50|
|showteam|p2|Archaludon||ChopleBerry|Stamina|ElectroShot,FlashCannon,DracoMeteor,Protect|Modest||M|||50|]Pelipper||FocusSash|Drizzle|WeatherBall,Hurricane,Tailwind,Protect|Timid||F|||50|]Basculegion||LifeOrb|SwiftSwim|LastRespects,WaveCrash,AquaJet,Protect|Adamant||M|||50|]Rotom-Heat||ChoiceScarf|Levitate|Discharge,Overheat,VoltSwitch,Electroweb|Timid|||||50|]Sceptile||Sceptilite|Overgrow|EnergyBall,DragonPulse,EarthPower,Protect|Timid||F|||50|]Dragonite||Dragoninite|InnerFocus|Hurricane,DracoMeteor,IceBeam,Protect|Timid||F|||50|
|inactive|Battle timer is ON: inactive players will automatically lose when time's up. (requested by intromition)
|j| Jackie67890
|
|t:|1783340583
|teamsize|p1|4
|teamsize|p2|4
|start
|switch|p1a: Farigiraf|Farigiraf, L50, M|100/100
|switch|p1b: Kingambit|Kingambit, L50, M|100/100
|switch|p2a: Archaludon|Archaludon, L50, M|100/100
|switch|p2b: Pelipper|Pelipper, L50, F|100/100
|-weather|RainDance|[from] ability: Drizzle|[of] p2b: Pelipper
|turn|1
|inactive|lox1sm has 30 seconds left.
|
|t:|1783340610
|move|p2a: Archaludon|Electro Shot||[still]
|-prepare|p2a: Archaludon|Electro Shot
|-boost|p2a: Archaludon|spa|1
|-anim|p2a: Archaludon|Electro Shot|p1b: Kingambit
|-damage|p1b: Kingambit|21/100
|move|p2b: Pelipper|Weather Ball|p1b: Kingambit
|-damage|p1b: Kingambit|0 fnt
|faint|p1b: Kingambit
|move|p1a: Farigiraf|Trick Room|p1a: Farigiraf
|-fieldstart|move: Trick Room|[of] p1a: Farigiraf
|
|-weather|RainDance|[upkeep]
|upkeep
|
|t:|1783340626
|switch|p1b: Charizard|Charizard, L50, M|100/100
|turn|2
|
|t:|1783340642
|switch|p2b: Rotom|Rotom-Heat, L50|100/100
|detailschange|p1b: Charizard|Charizard-Mega-Y, L50, M
|-mega|p1b: Charizard|Charizard|Charizardite Y
|-weather|SunnyDay|[from] ability: Drought|[of] p1b: Charizard
|move|p2a: Archaludon|Protect|p2a: Archaludon
|-singleturn|p2a: Archaludon|Protect
|move|p1a: Farigiraf|Dazzling Gleam|p2b: Rotom|[spread] p2b
|-activate|p2a: Archaludon|move: Protect
|-resisted|p2b: Rotom|1
|-damage|p2b: Rotom|85/100
|move|p1b: Charizard|Weather Ball|p2a: Archaludon
|-activate|p2a: Archaludon|move: Protect
|
|-weather|SunnyDay|[upkeep]
|upkeep
|turn|3
|
|t:|1783340661
|switch|p2b: Pelipper|Pelipper, L50, F|100/100
|-weather|RainDance|[from] ability: Drizzle|[of] p2b: Pelipper
|move|p1a: Farigiraf|Thunderbolt|p2a: Archaludon
|-resisted|p2a: Archaludon|1
|-damage|p2a: Archaludon|76/100
|-status|p2a: Archaludon|par
|-ability|p2a: Archaludon|Stamina|boost
|-boost|p2a: Archaludon|def|1
|move|p2a: Archaludon|Electro Shot||[still]
|-prepare|p2a: Archaludon|Electro Shot
|-boost|p2a: Archaludon|spa|1
|-anim|p2a: Archaludon|Electro Shot|p1b: Charizard
|-supereffective|p1b: Charizard|1
|-damage|p1b: Charizard|0 fnt
|faint|p1b: Charizard
|
|-weather|RainDance|[upkeep]
|upkeep
|-message|lox1sm forfeited.
|
|win|intromition
||lox1sm is ready for game 3.
|inactive|intromition has 30 seconds to confirm battle start!
|inactive|intromition has 20 seconds to confirm battle start!
||intromition is ready for game 3.
|uhtml|next|Next: Game 3 of 3
|l| Jackie67890
|l|☆intromition
|player|p2|
