|j|☆Dymin
|j|☆chocokoala vgc
|html|Dyminchocokoala vgc    
|uhtml|bestof|Game 1 of a best-of-3
|t:|1784822488
|gametype|doubles
|player|p1|Dymin|burglar|1319
|player|p2|chocokoala vgc|benga|1287
|gen|9
|tier|[Gen 9 Champions] VGC 2026 Reg M-B (Bo3)
|rated|
|rule|Species Clause: Limit one of each Pokémon
|rule|Item Clause: Limit 1 of each item
|clearpoke
|poke|p1|Kangaskhan, L50, F|
|poke|p1|Farigiraf, L50, M|
|poke|p1|Decidueye-Hisui, L50, F|
|poke|p1|Mawile, L50, F|
|poke|p1|Camerupt, L50, M|
|poke|p1|Avalugg-Hisui, L50, M|
|poke|p2|Hydreigon, L50, F|
|poke|p2|Metagross, L50|
|poke|p2|Ninetales-Alola, L50, M|
|poke|p2|Sneasler, L50, M|
|poke|p2|Incineroar, L50, M|
|poke|p2|Charizard, L50, F|
|teampreview|4
|showteam|p1|Kangaskhan||SilkScarf|Scrappy|FakeOut,LastResort|Brave||F|||50|]Farigiraf||ColburBerry|ArmorTail|Thunderbolt,TrickRoom,Psychic,Protect|Relaxed||M|||50|]Decidueye-Hisui||ScopeLens|Scrappy|TripleArrows,LeafBlade,Protect,SuckerPunch|Brave||F|||50|]Mawile||Mawilite|Intimidate|IronHead,PlayRough,Protect,SuckerPunch|Brave||F|||50|]Camerupt||Cameruptite|SolidRock|HeatWave,EarthPower,AncientPower,Protect|Quiet||M|||50|]Avalugg-Hisui||WideLens|Sturdy|MountainGale,RockSlide,BodyPress,WideGuard|Brave||M|||50|
|showteam|p2|Hydreigon||ChoiceScarf|Levitate|DarkPulse,DracoMeteor,Snarl,HeatWave|Modest||F|||50|]Metagross||Metagrossite|ClearBody|BulletPunch,PsychicFangs,Protect,IronHead|Adamant|||||50|]Ninetales-Alola||LightClay|SnowWarning|Blizzard,FreezeDry,Protect,AuroraVeil|Timid||M|||50|]Sneasler||FocusSash|Unburden|FakeOut,DireClaw,CloseCombat,Coaching|Naive||M|||50|]Incineroar||SitrusBerry|Intimidate|FakeOut,PartingShot,FlareBlitz,ThroatChop|Calm||M|||50|]Charizard||CharizarditeX|Blaze|FlareBlitz,DragonClaw,Protect,DragonDance|Adamant||F|||50|
|inactive|Battle timer is ON: inactive players will automatically lose when time's up. (requested by chocokoala vgc)
|inactive|Dymin has 60 seconds left.
|inactive|chocokoala vgc has 60 seconds left.
|
|t:|1784822545
|teamsize|p1|4
|teamsize|p2|4
|start
|switch|p1a: Kangaskhan|Kangaskhan, L50, F|100/100
|switch|p1b: Farigiraf|Farigiraf, L50, M|100/100
|switch|p2a: Sneasler|Sneasler, L50, M|100/100
|switch|p2b: Metagross|Metagross, L50|100/100
|turn|1
|
|t:|1784822560
|detailschange|p2b: Metagross|Metagross-Mega, L50
|-mega|p2b: Metagross|Metagross|Metagrossite
|move|p1a: Kangaskhan|Fake Out|p2a: Sneasler
|-damage|p2a: Sneasler|63/100
|cant|p2a: Sneasler|flinch
|move|p2b: Metagross|Iron Head|p1b: Farigiraf
|-damage|p1b: Farigiraf|44/100
|cant|p1b: Farigiraf|flinch
|
|upkeep
|turn|2
|
|t:|1784822572
|move|p1b: Farigiraf|Protect|p1b: Farigiraf
|-singleturn|p1b: Farigiraf|Protect
|move|p2a: Sneasler|Coaching|p2b: Metagross
|-boost|p2b: Metagross|atk|1
|-boost|p2b: Metagross|def|1
|move|p2b: Metagross|Iron Head|p1b: Farigiraf
|-activate|p1b: Farigiraf|move: Protect
|move|p1a: Kangaskhan|Last Resort|p2a: Sneasler
|-damage|p2a: Sneasler|0 fnt
|faint|p2a: Sneasler
|
|upkeep
|
|t:|1784822575
|switch|p2a: Hydreigon|Hydreigon, L50, F|100/100
|turn|3
|
|t:|1784822583
|switch|p1b: Avalugg|Avalugg-Hisui, L50, M|100/100
|move|p2a: Hydreigon|Dark Pulse|p1b: Avalugg
|-damage|p1b: Avalugg|20/100y
|move|p2b: Metagross|Psychic Fangs|p1a: Kangaskhan
|-damage|p1a: Kangaskhan|0 fnt
|faint|p1a: Kangaskhan
|
|upkeep
|
|t:|1784822590
|switch|p1a: Farigiraf|Farigiraf, L50, M|44/100
|turn|4
|
|t:|1784822604
|move|p1b: Avalugg|Wide Guard|p1b: Avalugg
|-singleturn|p1b: Avalugg|Wide Guard
|move|p2a: Hydreigon|Dark Pulse|p1a: Farigiraf
|-supereffective|p1a: Farigiraf|1
|-enditem|p1a: Farigiraf|Colbur Berry|[eat]
|-enditem|p1a: Farigiraf|Colbur Berry|[weaken]
|-damage|p1a: Farigiraf|0 fnt
|faint|p1a: Farigiraf
|move|p2b: Metagross|Psychic Fangs|p1b: Avalugg
|-damage|p1b: Avalugg|0 fnt
|faint|p1b: Avalugg
|
|upkeep
|
|t:|1784822612
|switch|p1b: Camerupt|Camerupt, L50, M|100/100
|turn|5
|
|t:|1784822621
|detailschange|p1b: Camerupt|Camerupt-Mega, L50, M
|-mega|p1b: Camerupt|Camerupt|Cameruptite
|move|p2a: Hydreigon|Dark Pulse|p1b: Camerupt
|-damage|p1b: Camerupt|60/100
|move|p2b: Metagross|Psychic Fangs|p1b: Camerupt
|-damage|p1b: Camerupt|0 fnt
|faint|p1b: Camerupt
|
|win|chocokoala vgc
