|j|☆PR1NC3735
|j|☆KevTheSensei
|html|PR1NC3735KevTheSensei    
|uhtml|bestof|Game 2 of a best-of-3
|t:|1756855670
|gametype|doubles
|player|p1|PR1NC3735|169|1074
|player|p2|KevTheSensei|2|1000
|gen|9
|tier|[Gen 9] VGC 2025 Reg H (Bo3)
|rated|
|rule|Species Clause: Limit one of each Pokémon
|rule|Item Clause: Limit 1 of each item
|clearpoke
|poke|p1|Ninetales-Alola, L50, F|
|poke|p1|Garchomp, L50, M|
|poke|p1|Gholdengo, L50|
|poke|p1|Murkrow, L50, M|
|poke|p1|Incineroar, L50, F|
|poke|p1|Sinistcha-Masterpiece, L50|
|poke|p2|Torkoal, L50, M|
|poke|p2|Venusaur, L50, F|
|poke|p2|Whimsicott, L50, F|
|poke|p2|Salamence, L50, F|
|poke|p2|Arcanine-Hisui, L50, M|
|poke|p2|Incineroar, L50, F|
|teampreview|4
|showteam|p1|Ninetales-Alola||CovertCloak|SnowWarning|Blizzard,FreezeDry,AuroraVeil,Protect|||F|||50|,,,,,Water]Garchomp||LifeOrb|RoughSkin|Earthquake,StompingTantrum,DragonClaw,Protect|||M|||50|,,,,,Steel]Gholdengo||IronPlate|GoodasGold|MakeItRain,ShadowBall,NastyPlot,Protect||||||50|,,,,,Steel]Murkrow||Eviolite|Prankster|FoulPlay,Tailwind,ThunderWave,Protect|||M|||50|,,,,,Ghost]Incineroar||SafetyGoggles|Intimidate|PartingShot,FlareBlitz,KnockOff,FakeOut|||F|||50|,,,,,Ghost]Sinistcha-Masterpiece||SitrusBerry|Hospitality|MatchaGotcha,TeraBlast,Protect,RagePowder||||||50|,,,,,Fire
|showteam|p2|Torkoal||EjectButton|Drought|HeatWave,HelpingHand,ClearSmog,Protect|||M|||50|,,,,,Grass]Venusaur||AssaultVest|Chlorophyll|SolarBeam,WeatherBall,SludgeBomb,EarthPower|||F|||50|,,,,,Fire]Whimsicott||CovertCloak|Prankster|DazzlingGleam,TrickRoom,SunnyDay,Protect|||F|||50|,,,,,Dark]Salamence||LifeOrb|Intimidate|DracoMeteor,AirSlash,Tailwind,Protect|||F|||50|,,,,,Fairy]Arcanine-Hisui||ChoiceBand|RockHead|FlareBlitz,HeadSmash,WildCharge,TeraBlast|||M|||50|,,,,,Fairy]Incineroar||SafetyGoggles|Intimidate|FakeOut,FlareBlitz,KnockOff,Snarl|||F|||50|,,,,,Fairy
|
|t:|1756855724
|teamsize|p1|4
|teamsize|p2|4
|start
|switch|p1a: Garchomp|Garchomp, L50, M|100/100
|switch|p1b: Gholdengo|Gholdengo, L50|100/100
|switch|p2a: Arcanine|Arcanine-Hisui, L50, M|100/100
|switch|p2b: Torkoal|Torkoal, L50, M|100/100
|-weather|SunnyDay|[from] ability: Drought|[of] p2b: Torkoal
|turn|1
|inactive|Battle timer is ON: inactive players will automatically lose when time's up. (requested by PR1NC3735)
|
|t:|1756855781
|move|p1b: Gholdengo|Protect|p1b: Gholdengo
|-singleturn|p1b: Gholdengo|Protect
|move|p1a: Garchomp|Earthquake|p2b: Torkoal|[spread] p2a,p2b
|-activate|p1b: Gholdengo|move: Protect
|-supereffective|p2a: Arcanine
|-supereffective|p2b: Torkoal
|-damage|p2a: Arcanine|0 fnt
|-damage|p2b: Torkoal|47/100
|faint|p2a: Arcanine
|-enditem|p2b: Torkoal|Eject Button
|-damage|p1a: Garchomp|91/100|[from] item: Life Orb
|-message|KevTheSensei forfeited.
|raw|PR1NC3735's rating: 1074 → 1097(+23 for winning)
|raw|KevTheSensei's rating: 1000 → 1000(+0 for losing)
|
|win|PR1NC3735
|l|☆KevTheSensei
|player|p2|
