|j|☆veryreally
|j|☆spellbreakvgc
|html|veryreallyspellbreakvgc    
|uhtml|bestof|Game 1 of a best-of-3
|t:|1757926638
|gametype|doubles
|player|p1|veryreally|266|1138
|player|p2|spellbreakvgc|lance|1036
|gen|9
|tier|[Gen 9] VGC 2025 Reg H (Bo3)
|rated|
|rule|Species Clause: Limit one of each Pokémon
|rule|Item Clause: Limit 1 of each item
|clearpoke
|poke|p1|Baxcalibur, L50, F|
|poke|p1|Dondozo, L50, M|
|poke|p1|Kingambit, L50, M|
|poke|p1|Rillaboom, L50, M|
|poke|p1|Sneasler, L50, F|
|poke|p1|Volcarona, L50, M|
|poke|p2|Garganacl, L50, M|
|poke|p2|Sylveon, L50, F|
|poke|p2|Gholdengo, L50|
|poke|p2|Incineroar, L50, F|
|poke|p2|Ninetales-Alola, L50, F|
|poke|p2|Scyther, L50, F|
|teampreview|4
|showteam|p1|Baxcalibur||LoadedDice|ThermalExchange|IcicleSpear,ScaleShot,Protect,IceShard|||F|||50|,,,,,Ghost]Dondozo||Leftovers|Unaware|Liquidation,Fissure,Protect,Yawn|||M|||50|,,,,,Bug]Kingambit||SafetyGoggles|Defiant|KowtowCleave,SuckerPunch,Protect,SwordsDance|||M|||50|,,,,,Dark]Rillaboom||AssaultVest|GrassySurge|FakeOut,GrassyGlide,HighHorsepower,WoodHammer|||M|||50|,,,,,Water]Sneasler||FocusSash|Unburden|DireClaw,CloseCombat,Protect,Coaching|||F|||50|,,,,,Stellar]Volcarona||CovertCloak|FlameBody|HeatWave,TeraBlast,RagePowder,QuiverDance|||M|||50|,,,,,Fairy
|showteam|p2|Garganacl||MarangaBerry|PurifyingSalt|SaltCure,StealthRock,Protect,Recover|||M|||50|,,,,,Flying]Sylveon||ThroatSpray|Pixilate|HyperVoice,Wish,Yawn,Protect|||F|||50|,,,,,Fairy]Gholdengo||ChoiceScarf|GoodasGold|MakeItRain,ShadowBall,Trick,PowerGem||||||50|,,,,,Steel]Incineroar||AssaultVest|Intimidate|FlareBlitz,KnockOff,FakeOut,Uturn|||F|||50|,,,,,Fire]Ninetales-Alola||FocusSash|SnowWarning|Blizzard,FreezeDry,Protect,AuroraVeil|||F|||50|,,,,,Ice]Scyther||Eviolite|Technician|DualWingbeat,CloseCombat,Uturn,Protect|||F|||50|,,,,,Steel
|inactive|Battle timer is ON: inactive players will automatically lose when time's up. (requested by veryreally)
|inactive|veryreally has 60 seconds left.
|inactive|spellbreakvgc has 60 seconds left.
|inactive|spellbreakvgc has 30 seconds left.
|
|t:|1757926709
|teamsize|p1|4
|teamsize|p2|4
|start
|switch|p1a: Sneasler|Sneasler, L50, F|100/100
|switch|p1b: Volcarona|Volcarona, L50, M|100/100
|switch|p2a: Garganacl|Garganacl, L50, M, shiny|100/100
|switch|p2b: Gholdengo|Gholdengo, L50|100/100
|turn|1
|inactive|spellbreakvgc has 30 seconds left.
|
|t:|1757926741
|switch|p1b: Kingambit|Kingambit, L50, M|100/100
|move|p2b: Gholdengo|Power Gem|p1b: Kingambit
|-resisted|p1b: Kingambit
|-damage|p1b: Kingambit|86/100
|move|p1a: Sneasler|Close Combat|p2a: Garganacl
|-supereffective|p2a: Garganacl
|-damage|p2a: Garganacl|28/100
|-unboost|p1a: Sneasler|def|1
|-unboost|p1a: Sneasler|spd|1
|move|p2a: Garganacl|Stealth Rock|p1a: Sneasler
|-sidestart|p1: veryreally|move: Stealth Rock
|
|upkeep
|turn|2
|inactive|spellbreakvgc has 30 seconds left.
|inactive|veryreally has 30 seconds left.
|
|t:|1757926772
|switch|p2b: Ninetales|Ninetales-Alola, L50, F|100/100
|-weather|Snowscape|[from] ability: Snow Warning|[of] p2b: Ninetales
|move|p1a: Sneasler|Coaching|p1b: Kingambit
|-boost|p1b: Kingambit|atk|1
|-boost|p1b: Kingambit|def|1
|move|p1b: Kingambit|Kowtow Cleave|p2a: Garganacl
|-damage|p2a: Garganacl|0 fnt
|faint|p2a: Garganacl
|
|-weather|Snowscape|[upkeep]
|upkeep
|-message|spellbreakvgc forfeited.
|
|win|veryreally
