|j|☆popeleonthe6th
|j|☆yunsen
|html|popeleonthe6thyunsen    
|uhtml|bestof|Game 2 of a best-of-3
|t:|1782229369
|gametype|doubles
|player|p1|popeleonthe6th|170|1054
|player|p2|yunsen|n|1103
|gen|9
|tier|[Gen 9 Champions] VGC 2026 Reg M-B (Bo3)
|rated|
|rule|Species Clause: Limit one of each Pokémon
|rule|Item Clause: Limit 1 of each item
|clearpoke
|poke|p1|Espathra, L50, F|
|poke|p1|Scovillain, L50, F|
|poke|p1|Sableye, L50, M|
|poke|p1|Archaludon, L50, M|
|poke|p1|Milotic, L50, M|
|poke|p1|Kommo-o, L50, F|
|poke|p2|Raichu, L50, M|
|poke|p2|Whimsicott, L50, M|
|poke|p2|Basculegion, L50, M|
|poke|p2|Garchomp, L50, F|
|poke|p2|Floette-Eternal, L50, F|
|poke|p2|Gholdengo, L50|
|teampreview|4
|showteam|p1|Espathra||MentalHerb|SpeedBoost|Protect,LuminaCrash,BatonPass,CalmMind|Timid||F|||50|]Scovillain||Scovillainite|Insomnia|Protect,RagePowder,LeechSeed,Overheat|Calm||F|||50|]Sableye||RoseliBerry|Prankster|Taunt,RainDance,LightScreen,Reflect|Calm||M|||50|]Archaludon||Leftovers|Stamina|Protect,DragonPulse,FlashCannon,ElectroShot|Modest||M|||50|]Milotic||SitrusBerry|Competitive|LifeDew,PsychUp,RainDance,Scald|Bold||M|||50|]Kommo-o||LifeOrb|Overcoat|AuraSphere,ClangorousSoul,ClangingScales,Protect|Timid||F|||50|
|showteam|p2|Raichu||RaichuniteY|LightningRod|Protect,ZapCannon,FocusBlast,FakeOut|Modest||M|||50|]Whimsicott||FocusSash|Prankster|Protect,Moonblast,Tailwind,Encore|Timid||M|||50|]Basculegion||MysticWater|Adaptability|Protect,WaveCrash,LastRespects,AquaJet|Adamant||M|||50|]Garchomp||SitrusBerry|RoughSkin|RockSlide,StompingTantrum,DragonClaw,Protect|Jolly||F|||50|]Floette-Eternal||Floettite|FlowerVeil|Protect,Moonblast,DazzlingGleam,Psychic|Timid||F|||50|]Gholdengo||LifeOrb|GoodasGold|Protect,MakeItRain,NastyPlot,ShadowBall|Timid|||||50|
|inactive|Battle timer is ON: inactive players will automatically lose when time's up. (requested by yunsen)
|inactive|yunsen has 60 seconds left.
|
|t:|1782229426
|teamsize|p1|4
|teamsize|p2|4
|start
|switch|p1a: Scovillain|Scovillain, L50, F|100/100
|switch|p1b: Espathra|Espathra, L50, F|100/100
|switch|p2a: Gholdengo|Gholdengo, L50|100/100
|switch|p2b: Basculegion|Basculegion, L50, M|100/100
|turn|1
|inactive|popeleonthe6th has 30 seconds left.
|
|t:|1782229456
|detailschange|p1a: Scovillain|Scovillain-Mega, L50, F
|-mega|p1a: Scovillain|Scovillain|Scovillainite
|move|p1b: Espathra|Protect|p1b: Espathra
|-singleturn|p1b: Espathra|Protect
|move|p2a: Gholdengo|Nasty Plot|p2a: Gholdengo
|-boost|p2a: Gholdengo|spa|2
|move|p2b: Basculegion|Wave Crash|p1a: Scovillain
|-damage|p1a: Scovillain|0 fnt
|-status|p2b: Basculegion|brn|[from] ability: Spicy Spray|[of] p1a: Scovillain
|faint|p1a: Scovillain
|-damage|p2b: Basculegion|72/100 brn|[from] Recoil
|
|-damage|p2b: Basculegion|66/100 brn|[from] brn
|-ability|p1b: Espathra|Speed Boost|boost
|-boost|p1b: Espathra|spe|1
|upkeep
|
|t:|1782229473
|switch|p1a: Milotic|Milotic, L50, M|100/100
|turn|2
|
|t:|1782229484
|switch|p2b: Whimsicott|Whimsicott, L50, M|100/100
|move|p2a: Gholdengo|Protect|p2a: Gholdengo
|-singleturn|p2a: Gholdengo|Protect
|move|p1b: Espathra|Baton Pass|p1b: Espathra
|
|t:|1782229489
|switch|p1b: Archaludon|Archaludon, L50, M|100/100|[from] Baton Pass
|move|p1a: Milotic|Psych Up|p2a: Gholdengo
|-immune|p2a: Gholdengo|[from] ability: Good as Gold
|
|upkeep
|turn|3
|
|t:|1782229510
|move|p2b: Whimsicott|Tailwind|p2b: Whimsicott
|-sidestart|p2: yunsen|move: Tailwind
|move|p2a: Gholdengo|Shadow Ball|p1b: Archaludon
|-damage|p1b: Archaludon|0 fnt
|faint|p1b: Archaludon
|-damage|p2a: Gholdengo|90/100|[from] item: Life Orb
|move|p1a: Milotic|Rain Dance|p1a: Milotic
|-weather|RainDance
|
|-weather|RainDance|[upkeep]
|upkeep
|-message|popeleonthe6th forfeited.
|
|win|yunsen
|raw|popeleonthe6th's rating: 1054 → 1038(-16 for losing)
|raw|yunsen's rating: 1103 → 1124(+21 for winning)
|c|☆yunsen|ggs
|l|☆popeleonthe6th
|player|p1|
