|j|☆spellbreakvgc
|j|☆SloKoi
|html|spellbreakvgcSloKoi    
|uhtml|bestof|Game 2 of a best-of-3
|t:|1756153158
|gametype|doubles
|player|p1|spellbreakvgc|lance|1030
|player|p2|SloKoi|red-gen7|1047
|gen|9
|tier|[Gen 9] VGC 2025 Reg H (Bo3)
|rated|
|rule|Species Clause: Limit one of each Pokémon
|rule|Item Clause: Limit 1 of each item
|clearpoke
|poke|p1|Whimsicott, L50, M|
|poke|p1|Typhlosion-Hisui, L50, F|
|poke|p1|Dragapult, L50, M|
|poke|p1|Sneasler, L50, F|
|poke|p1|Indeedee, L50, M|
|poke|p1|Electabuzz, L50, F|
|poke|p2|Archaludon, L50, F|
|poke|p2|Pelipper, L50, F|
|poke|p2|Overqwil, L50, F|
|poke|p2|Incineroar, L50, M|
|poke|p2|Amoonguss, L50, F|
|poke|p2|Palafin, L50, F|
|teampreview|4
|showteam|p1|Whimsicott||CovertCloak|Prankster|Tailwind,SunnyDay,Encore,Moonblast|||M|||50|,,,,,Ghost]Typhlosion-Hisui||ChoiceSpecs|Blaze|Eruption,HeatWave,ShadowBall,FocusBlast|||F|||50|,,,,,Fire]Dragapult||ChoiceBand|ClearBody|DragonDarts,Outrage,PhantomForce,Uturn|||M|||50|,,,,,Dragon]Sneasler||PsychicSeed|Unburden|DireClaw,CloseCombat,ThroatChop,Protect|||F|||50|,,,,,Fighting]Indeedee||FocusSash|PsychicSurge|ExpandingForce,TeraBlast,TrickRoom,Imprison|||M|||50|,,,,,Psychic]Electabuzz||Eviolite|VitalSpirit|Electroweb,FollowMe,Taunt,Protect|||F|||50|,,,,,Ghost
|showteam|p2|Archaludon||AssaultVest|Stamina|ElectroShot,FlashCannon,DragonPulse,BodyPress|||F|||50|,,,,,Bug]Pelipper||FocusSash|Drizzle|Protect,WeatherBall,Hurricane,Tailwind|||F|||50|,,,,,Ghost]Overqwil||ChoiceBand|SwiftSwim|BarbBarrage,Crunch,Waterfall,TeraBlast|||F|||50|,,,,,Grass]Incineroar||SitrusBerry|Intimidate|FakeOut,PartingShot,KnockOff,WillOWisp|||M|||50|,,,,,Ghost]Amoonguss||RockyHelmet|Regenerator|RagePowder,Spore,PollenPuff,ClearSmog|||F|||50|,,,,,Fairy]Palafin||MysticWater|ZerotoHero|FlipTurn,JetPunch,CloseCombat,WaveCrash|||F|||50|,,,,,Water
|inactive|Battle timer is ON: inactive players will automatically lose when time's up. (requested by spellbreakvgc)
|
|t:|1756153181
|teamsize|p1|4
|teamsize|p2|4
|start
|switch|p1a: Whimsicott|Whimsicott, L50, M|100/100
|switch|p1b: Typhlosion|Typhlosion-Hisui, L50, F|100/100
|switch|p2a: Archaludon|Archaludon, L50, F|100/100
|switch|p2b: Palafin|Palafin, L50, F|100/100
|turn|1
|
|t:|1756153193
|move|p1a: Whimsicott|Sunny Day|p1a: Whimsicott
|-weather|SunnyDay
|move|p1b: Typhlosion|Eruption|p2a: Archaludon|[spread] p2a,p2b
|-resisted|p2b: Palafin
|-damage|p2a: Archaludon|12/100
|-damage|p2b: Palafin|23/100
|-ability|p2a: Archaludon|Stamina|boost
|-boost|p2a: Archaludon|def|1
|move|p2b: Palafin|Flip Turn|p1b: Typhlosion
|-supereffective|p1b: Typhlosion
|-damage|p1b: Typhlosion|59/100
|
|t:|1756153201
|detailschange|p2b: Palafin|Palafin-Hero, L50, F
|switch|p2b: Pelipper|Pelipper, L50, F|100/100|[from] Flip Turn
|-weather|RainDance|[from] ability: Drizzle|[of] p2b: Pelipper
|move|p2a: Archaludon|Electro Shot||[still]
|-prepare|p2a: Archaludon|Electro Shot
|-boost|p2a: Archaludon|spa|1
|-anim|p2a: Archaludon|Electro Shot|p1b: Typhlosion
|-damage|p1b: Typhlosion|0 fnt
|faint|p1b: Typhlosion
|
|-weather|RainDance|[upkeep]
|upkeep
|
|t:|1756153213
|switch|p1b: Dragapult|Dragapult, L50, M|100/100
|turn|2
|
|t:|1756153228
|move|p1b: Dragapult|Dragon Darts|p2a: Archaludon
|-damage|p2a: Archaludon|0 fnt
|-anim|p1b: Dragapult|Dragon Darts|p2b: Pelipper
|-damage|p2b: Pelipper|60/100
|faint|p2a: Archaludon
|move|p1a: Whimsicott|Moonblast|p2b: Pelipper
|-crit|p2b: Pelipper
|-damage|p2b: Pelipper|0 fnt
|faint|p2b: Pelipper
|
|-weather|RainDance|[upkeep]
|upkeep
|
|t:|1756153238
|switch|p2a: Palafin|Palafin-Hero, L50, F|23/100
|switch|p2b: Overqwil|Overqwil, L50, F|100/100
|-activate|p2a: Palafin|ability: Zero to Hero
|turn|3
|
|t:|1756153247
|-terastallize|p1b: Dragapult|Dragon
|move|p1a: Whimsicott|Sunny Day|p1a: Whimsicott
|-weather|SunnyDay
|move|p1b: Dragapult|Dragon Darts|p2a: Palafin
|-damage|p2a: Palafin|0 fnt
|-anim|p1b: Dragapult|Dragon Darts|p2b: Overqwil
|-damage|p2b: Overqwil|40/100
|faint|p2a: Palafin
|move|p2b: Overqwil|Crunch|p1b: Dragapult
|-damage|p1b: Dragapult|9/100
|
|-weather|SunnyDay|[upkeep]
|upkeep
|turn|4
|-message|SloKoi forfeited.
|
|win|spellbreakvgc
