|j|☆HADES055
|j|☆ivanthesaxophonist
|html|HADES055ivanthesaxophonist    
|uhtml|bestof|Game 1 of a best-of-3
|t:|1756510784
|gametype|doubles
|player|p1|HADES055|pokemaniac|1069
|player|p2|ivanthesaxophonist|acetrainer-gen4dp|1113
|gen|9
|tier|[Gen 9] VGC 2025 Reg H (Bo3)
|rated|
|rule|Species Clause: Limit one of each Pokémon
|rule|Item Clause: Limit 1 of each item
|clearpoke
|poke|p1|Charizard, L50, M|
|poke|p1|Torkoal, L50, M|
|poke|p1|Porygon2, L50|
|poke|p1|Incineroar, L50, M|
|poke|p1|Jumpluff, L50, F|
|poke|p1|Ursaluna, L50, F|
|poke|p2|Zoroark-Hisui, L50, F|
|poke|p2|Annihilape, L50, F|
|poke|p2|Archaludon, L50, M|
|poke|p2|Maushold-Four, L50|
|poke|p2|Sinistcha-Masterpiece, L50|
|poke|p2|Milotic, L50, F|
|teampreview|4
|showteam|p1|Charizard||ChoiceSpecs|SolarPower|HeatWave,Overheat,WeatherBall,AirSlash|||M|||50|,,,,,Ghost]Torkoal||EjectPack|Drought|Eruption,Overheat,HelpingHand,Protect|||M|||50|,,,,,Fire]Porygon2||Eviolite|Download|IceBeam,TeraBlast,TrickRoom,Recover||||||50|,,,,,Fighting]Incineroar||SitrusBerry|Intimidate|FlareBlitz,KnockOff,FakeOut,PartingShot|||M|||50|,,,,,Ghost]Jumpluff||CovertCloak|Chlorophyll|SleepPowder,SunnyDay,RagePowder,Tailwind|||F|||50|,,,,,Water]Ursaluna||FlameOrb|Guts|HeadlongRush,Facade,Earthquake,Protect|||F|||50|,,,,,Ghost
|showteam|p2|Zoroark-Hisui||ChoiceSpecs|Illusion|HyperVoice,ShadowBall,TeraBlast,IcyWind|||F|||50|,,,,,Fairy]Annihilape||SafetyGoggles|Defiant|RageFist,CloseCombat,BulkUp,Protect|||F|||50|,,,,,Fire]Archaludon||AssaultVest|Stamina|BodyPress,DragonPulse,ElectroShot,FlashCannon|||M|||50|,,,,,Grass]Maushold-Four||WideLens|Technician|PopulationBomb,FollowMe,Taunt,Protect||||||50|,,,,,Ghost]Sinistcha-Masterpiece||SitrusBerry|Hospitality|MatchaGotcha,LifeDew,RagePowder,ShadowBall||||||50|,,,,,Water]Milotic||Leftovers|Competitive|AlluringVoice,IcyWind,Scald,Protect|||F|||50|,,,,,Grass
|inactive|Battle timer is ON: inactive players will automatically lose when time's up. (requested by HADES055)
|
|t:|1756510803
|teamsize|p1|4
|teamsize|p2|4
|start
|switch|p1a: Porygon2|Porygon2, L50|100/100
|switch|p1b: Incineroar|Incineroar, L50, M|100/100
|switch|p2a: Annihilape|Annihilape, L50, F|100/100
|switch|p2b: Maushold|Maushold-Four, L50|100/100
|-ability|p1b: Incineroar|Intimidate|boost
|-unboost|p2a: Annihilape|atk|1
|-ability|p2a: Annihilape|Defiant|boost
|-boost|p2a: Annihilape|atk|2
|-unboost|p2b: Maushold|atk|1
|-ability|p1a: Porygon2|Download|boost
|-boost|p1a: Porygon2|atk|1
|turn|1
|inactive|HADES055 has 30 seconds left.
|
|t:|1756510830
|-terastallize|p2b: Maushold|Ghost
|-terastallize|p1a: Porygon2|Fighting
|move|p2b: Maushold|Taunt|p1a: Porygon2
|-start|p1a: Porygon2|move: Taunt
|move|p2a: Annihilape|Bulk Up|p2a: Annihilape
|-boost|p2a: Annihilape|atk|1
|-boost|p2a: Annihilape|def|1
|move|p1b: Incineroar|Knock Off|p2a: Annihilape
|-damage|p2a: Annihilape|70/100
|-enditem|p2a: Annihilape|Safety Goggles|[from] move: Knock Off|[of] p1b: Incineroar
|move|p1a: Porygon2|Tera Blast|p2b: Maushold|[anim] Tera Blast Fighting
|-immune|p2b: Maushold
|
|upkeep
|turn|2
|inactive|ivanthesaxophonist has 30 seconds left.
|inactive|ivanthesaxophonist has 20 seconds left.
|
|t:|1756510867
|move|p2b: Maushold|Population Bomb|p1a: Porygon2
|-damage|p1a: Porygon2|95/100
|-damage|p1a: Porygon2|91/100
|-damage|p1a: Porygon2|84/100
|-damage|p1a: Porygon2|79/100
|-damage|p1a: Porygon2|74/100
|-damage|p1a: Porygon2|69/100
|-damage|p1a: Porygon2|64/100
|-damage|p1a: Porygon2|59/100
|-damage|p1a: Porygon2|54/100
|-damage|p1a: Porygon2|49/100
|-hitcount|p1a: Porygon2|10
|move|p2a: Annihilape|Bulk Up|p2a: Annihilape
|-boost|p2a: Annihilape|atk|1
|-boost|p2a: Annihilape|def|1
|move|p1b: Incineroar|Parting Shot|p2b: Maushold
|-unboost|p2b: Maushold|atk|1
|-unboost|p2b: Maushold|spa|1
|
|t:|1756510887
|switch|p1b: Jumpluff|Jumpluff, L50, F|100/100|[from] Parting Shot
|move|p1a: Porygon2|Ice Beam|p2a: Annihilape
|-damage|p2a: Annihilape|44/100
|
|upkeep
|turn|3
|
|t:|1756510904
|move|p2b: Maushold|Taunt|p1b: Jumpluff
|-start|p1b: Jumpluff|move: Taunt
|cant|p1b: Jumpluff|move: Taunt|Sunny Day
|move|p2a: Annihilape|Rage Fist|p1a: Porygon2
|-damage|p1a: Porygon2|0 fnt
|faint|p1a: Porygon2
|
|upkeep
|
|t:|1756510911
|switch|p1a: Charizard|Charizard, L50, M|100/100
|turn|4
|
|t:|1756510935
|switch|p1b: Incineroar|Incineroar, L50, M|100/100
|-ability|p1b: Incineroar|Intimidate|boost
|-unboost|p2a: Annihilape|atk|1
|-ability|p2a: Annihilape|Defiant|boost
|-boost|p2a: Annihilape|atk|2
|-unboost|p2b: Maushold|atk|1
|move|p2b: Maushold|Population Bomb|p1a: Charizard
|-damage|p1a: Charizard|93/100
|-damage|p1a: Charizard|86/100
|-damage|p1a: Charizard|80/100
|-damage|p1a: Charizard|74/100
|-damage|p1a: Charizard|68/100
|-damage|p1a: Charizard|61/100
|-damage|p1a: Charizard|55/100
|-damage|p1a: Charizard|49/100
|-damage|p1a: Charizard|43/100
|-damage|p1a: Charizard|36/100
|-hitcount|p1a: Charizard|10
|move|p1a: Charizard|Air Slash|p2a: Annihilape|[miss]
|-miss|p1a: Charizard|p2a: Annihilape
|move|p2a: Annihilape|Rage Fist|p1a: Charizard
|-damage|p1a: Charizard|0 fnt
|faint|p1a: Charizard
|
|upkeep
|-message|HADES055 forfeited.
|
|win|ivanthesaxophonist
||HADES055 is ready for game 2.
|inactive|ivanthesaxophonist has 30 seconds to confirm battle start!
||ivanthesaxophonist is ready for game 2.
|uhtml|next|Next: Game 2 of 3
