|j|☆marcoslegui
|j|☆darrell sim
|html|marcosleguidarrell sim    
|uhtml|bestof|Game 2 of a best-of-3
|t:|1756469628
|gametype|doubles
|player|p1|marcoslegui|pokekid|1159
|player|p2|darrell sim|2|1108
|gen|9
|tier|[Gen 9] VGC 2025 Reg H (Bo3)
|rated|
|rule|Species Clause: Limit one of each Pokémon
|rule|Item Clause: Limit 1 of each item
|clearpoke
|poke|p1|Sneasler, L50, F|
|poke|p1|Volcarona, L50, M|
|poke|p1|Kingambit, L50, M|
|poke|p1|Baxcalibur, L50, F|
|poke|p1|Basculegion, L50, M|
|poke|p1|Rillaboom, L50, F|
|poke|p2|Dondozo, L50, M|
|poke|p2|Tatsugiri, L50, F|
|poke|p2|Pelipper, L50, F|
|poke|p2|Archaludon, L50, F|
|poke|p2|Annihilape, L50, F|
|poke|p2|Maushold, L50|
|teampreview|4
|showteam|p1|Sneasler||FocusSash|Unburden|DireClaw,CloseCombat,Protect,Coaching|||F|||50|,,,,,Stellar]Volcarona||CovertCloak|FlameBody|HeatWave,TeraBlast,QuiverDance,Protect|||M|||50|,,,,,Fairy]Kingambit||AssaultVest|Defiant|KowtowCleave,SuckerPunch,IronHead,LowKick|||M|||50|,,,,,Ghost]Baxcalibur||LoadedDice|ThermalExchange|IcicleSpear,ScaleShot,IceShard,Protect|||F|||50|,,,,,Ghost]Basculegion||ChoiceScarf|Adaptability|WaveCrash,FlipTurn,LastRespects,TeraBlast|||M|||50|,,,,,Fairy]Rillaboom||MiracleSeed|GrassySurge|WoodHammer,GrassyGlide,HighHorsepower,FakeOut|||F|||50|,,,,,Fire
|showteam|p2|Dondozo||Leftovers|Unaware|OrderUp,WaveCrash,Rest,SleepTalk|||M|||50|,,,,,Grass]Tatsugiri||ChoiceSpecs|Commander|DracoMeteor,HydroPump,IcyWind,MuddyWater|||F|||50|,,,,,Dragon]Pelipper||FocusSash|Drizzle|Hurricane,Tailwind,Protect,WideGuard|||F|||50|,,,,,Flying]Archaludon||AssaultVest|Stamina|ElectroShot,FlashCannon,DracoMeteor,BodyPress|||F|||50|,,,,,Electric]Annihilape||LifeOrb|Defiant|CloseCombat,RageFist,Protect,Endeavor|||F|||50|,,,,,Dark]Maushold||SafetyGoggles|FriendGuard|PopulationBomb,BeatUp,FollowMe,Protect||||||50|,,,,,Ghost
|inactive|Battle timer is ON: inactive players will automatically lose when time's up. (requested by darrell sim)
|
|t:|1756469641
|teamsize|p1|4
|teamsize|p2|4
|start
|switch|p1a: Rillaboom|Rillaboom, L50, F|100/100
|switch|p1b: Baxcalibur|Baxcalibur, L50, F|100/100
|switch|p2a: Pelipper|Pelipper, L50, F|100/100
|switch|p2b: Archaludon|Archaludon, L50, F|100/100
|-weather|RainDance|[from] ability: Drizzle|[of] p2a: Pelipper
|-fieldstart|move: Grassy Terrain|[from] ability: Grassy Surge|[of] p1a: Rillaboom
|turn|1
|
|t:|1756469665
|switch|p2b: Annihilape|Annihilape, L50, F|100/100
|move|p1a: Rillaboom|Fake Out|p2b: Annihilape
|-immune|p2b: Annihilape
|move|p1b: Baxcalibur|Scale Shot|p2a: Pelipper
|-crit|p2a: Pelipper
|-damage|p2a: Pelipper|69/100
|-damage|p2a: Pelipper|49/100
|-damage|p2a: Pelipper|26/100
|-damage|p2a: Pelipper|4/100
|-hitcount|p2a: Pelipper|4
|-unboost|p1b: Baxcalibur|def|1
|-boost|p1b: Baxcalibur|spe|1
|move|p2a: Pelipper|Hurricane|p1a: Rillaboom
|-supereffective|p1a: Rillaboom
|-damage|p1a: Rillaboom|0 fnt
|faint|p1a: Rillaboom
|
|-weather|RainDance|[upkeep]
|upkeep
|
|t:|1756469687
|switch|p1a: Basculegion|Basculegion, L50, M|100/100
|turn|2
|inactive|darrell sim has 30 seconds left.
|
|t:|1756469721
|switch|p2a: Maushold|Maushold, L50|100/100
|-terastallize|p2b: Annihilape|Dark
|move|p1a: Basculegion|Wave Crash|p2b: Annihilape
|-damage|p2b: Annihilape|12/100
|-damage|p1a: Basculegion|73/100|[from] Recoil
|move|p1b: Baxcalibur|Scale Shot|p2a: Maushold
|-damage|p2a: Maushold|74/100
|-crit|p2a: Maushold
|-damage|p2a: Maushold|37/100
|-damage|p2a: Maushold|13/100
|-damage|p2a: Maushold|0 fnt
|faint|p2a: Maushold
|-hitcount|p2: Maushold|4
|-unboost|p1b: Baxcalibur|def|1
|-boost|p1b: Baxcalibur|spe|1
|move|p2b: Annihilape|Close Combat|p1b: Baxcalibur
|-supereffective|p1b: Baxcalibur
|-damage|p1b: Baxcalibur|0 fnt
|-unboost|p2b: Annihilape|def|1
|-unboost|p2b: Annihilape|spd|1
|faint|p1b: Baxcalibur
|-damage|p2b: Annihilape|3/100|[from] item: Life Orb
|
|-weather|RainDance|[upkeep]
|-heal|p1a: Basculegion|79/100|[from] Grassy Terrain
|-heal|p2b: Annihilape|9/100|[from] Grassy Terrain
|upkeep
|inactive|marcoslegui has 30 seconds left.
|
|t:|1756469749
|switch|p2a: Pelipper|Pelipper, L50, F|4/100
|switch|p1b: Sneasler|Sneasler, L50, F|100/100
|turn|3
|inactive|darrell sim has 30 seconds left.
|inactive|darrell sim has 20 seconds left.
|inactive|darrell sim has 15 seconds left.
|
|t:|1756469793
|move|p1a: Basculegion|Wave Crash|p2a: Pelipper
|-resisted|p2a: Pelipper
|-damage|p2a: Pelipper|0 fnt
|faint|p2a: Pelipper
|-damage|p1a: Basculegion|78/100|[from] Recoil
|move|p1b: Sneasler|Dire Claw|p2b: Annihilape
|-damage|p2b: Annihilape|0 fnt
|faint|p2b: Annihilape
|
|-weather|RainDance|[upkeep]
|-heal|p1a: Basculegion|84/100|[from] Grassy Terrain
|upkeep
|
|t:|1756469804
|switch|p2b: Archaludon|Archaludon, L50, F|100/100
|turn|4
|
|t:|1756469811
|-terastallize|p1b: Sneasler|Stellar
|move|p1a: Basculegion|Wave Crash|p2b: Archaludon
|-resisted|p2b: Archaludon
|-damage|p2b: Archaludon|61/100
|-ability|p2b: Archaludon|Stamina|boost
|-boost|p2b: Archaludon|def|1
|-damage|p1a: Basculegion|72/100|[from] Recoil
|move|p1b: Sneasler|Close Combat|p2b: Archaludon
|-supereffective|p2b: Archaludon
|-damage|p2b: Archaludon|0 fnt
|-unboost|p1b: Sneasler|def|1
|-unboost|p1b: Sneasler|spd|1
|faint|p2b: Archaludon
|
|win|marcoslegui
||darrell sim is ready for game 3.
|inactive|marcoslegui has 30 seconds to confirm battle start!
||marcoslegui is ready for game 3.
|uhtml|next|Next: Game 3 of 3
