|j|☆gray_Gak
|j|☆Praiya
|html|gray_GakPraiya    
|uhtml|bestof|Game 2 of a best-of-3
|t:|1757100014
|gametype|doubles
|player|p1|gray_Gak|flannery|1155
|player|p2|Praiya|veteran|1066
|gen|9
|tier|[Gen 9] VGC 2025 Reg H (Bo3)
|rated|
|rule|Species Clause: Limit one of each Pokémon
|rule|Item Clause: Limit 1 of each item
|clearpoke
|poke|p1|Wyrdeer, L50, M|
|poke|p1|Indeedee-F, L50, F|
|poke|p1|Annihilape, L50, F|
|poke|p1|Torkoal, L50, F|
|poke|p1|Delphox, L50, F|
|poke|p1|Kingambit, L50, F|
|poke|p2|Sneasler, L50, M|
|poke|p2|Indeedee, L50, M|
|poke|p2|Ursaluna-Bloodmoon, L50, M|
|poke|p2|Electabuzz, L50, F|
|poke|p2|Incineroar, L50, F|
|poke|p2|Talonflame, L50, F|
|teampreview|4
|showteam|p1|Wyrdeer||LifeOrb|Intimidate|Protect,TrickRoom,ExpandingForce,EarthPower|||M|||50|,,,,,Ground]Indeedee-F||RockyHelmet|PsychicSurge|Imprison,FollowMe,TrickRoom,Psychic|||F|||50|,,,,,Grass]Annihilape||SafetyGoggles|Defiant|DrainPunch,ThroatChop,RageFist,Protect|||F|||50|,,,,,Fire]Torkoal||Charcoal|Drought|Eruption,HelpingHand,Protect,WeatherBall|||F|||50|,,,,,Grass]Delphox||ChoiceScarf|Blaze|HeatWave,ExpandingForce,DazzlingGleam,Flamethrower|||F|||50|,,,,,Fairy]Kingambit||AssaultVest|Defiant|KowtowCleave,SuckerPunch,PoisonJab,LowKick|||F|||50|,,,,,Poison
|showteam|p2|Sneasler||PsychicSeed|Unburden|CloseCombat,DireClaw,ThroatChop,Protect|||M|||50|,,,,,Dark]Indeedee||FocusSash|PsychicSurge|ExpandingForce,TrickRoom,HelpingHand,Protect|||M|||50|,,,,,Psychic]Ursaluna-Bloodmoon||LifeOrb|MindsEye|BloodMoon,HyperVoice,EarthPower,Protect|||M|||50|,,,,,Normal]Electabuzz||Eviolite|VitalSpirit|Electroweb,FollowMe,Taunt,Protect|||F|||50|,,,,,Dragon]Incineroar||SafetyGoggles|Intimidate|FlareBlitz,KnockOff,PartingShot,FakeOut|||F|||50|,,,,,Ghost]Talonflame||CovertCloak|GaleWings|FlareBlitz,DualWingbeat,WillOWisp,Tailwind|||F|||50|,,,,,Fairy
|
|t:|1757100037
|teamsize|p1|4
|teamsize|p2|4
|start
|switch|p1a: Wyrdeer|Wyrdeer, L50, M|100/100
|switch|p1b: Indeedee|Indeedee-F, L50, F|100/100
|switch|p2a: Talonflame|Talonflame, L50, F|100/100
|switch|p2b: Ursaluna|Ursaluna-Bloodmoon, L50, M|100/100
|-fieldstart|move: Psychic Terrain|[from] ability: Psychic Surge|[of] p1b: Indeedee
|-ability|p1a: Wyrdeer|Intimidate|boost
|-unboost|p2a: Talonflame|atk|1
|-unboost|p2b: Ursaluna|atk|1
|turn|1
|
|t:|1757100060
|move|p1b: Indeedee|Follow Me|p1b: Indeedee
|-singleturn|p1b: Indeedee|move: Follow Me
|move|p2a: Talonflame|Tailwind|p2a: Talonflame
|-sidestart|p2: Praiya|move: Tailwind
|move|p2b: Ursaluna|Blood Moon|p1b: Indeedee
|-damage|p1b: Indeedee|5/100
|-damage|p2b: Ursaluna|91/100|[from] item: Life Orb
|move|p1a: Wyrdeer|Trick Room|p1a: Wyrdeer
|-fieldstart|move: Trick Room|[of] p1a: Wyrdeer
|
|upkeep
|turn|2
|
|t:|1757100080
|switch|p2a: Indeedee|Indeedee, L50, M|100/100
|move|p1a: Wyrdeer|Expanding Force|p2b: Ursaluna|[spread] p2a,p2b
|-resisted|p2a: Indeedee
|-damage|p2a: Indeedee|45/100
|-damage|p2b: Ursaluna|0 fnt
|faint|p2b: Ursaluna
|-damage|p1a: Wyrdeer|90/100|[from] item: Life Orb
|move|p1b: Indeedee|Psychic|p2a: Indeedee
|-resisted|p2a: Indeedee
|-damage|p2a: Indeedee|21/100
|-unboost|p2a: Indeedee|spd|1
|
|upkeep
|
|t:|1757100095
|switch|p2b: Talonflame|Talonflame, L50, F|100/100
|turn|3
|
|t:|1757100102
|move|p2a: Indeedee|Helping Hand|p2b: Talonflame
|-singleturn|p2b: Talonflame|Helping Hand|[of] p2a: Indeedee
|move|p2b: Talonflame|Dual Wingbeat|p1a: Wyrdeer
|-activate|p1a: Wyrdeer|move: Psychic Terrain
|move|p1a: Wyrdeer|Expanding Force|p2a: Indeedee|[spread] p2a,p2b
|-resisted|p2a: Indeedee
|-damage|p2a: Indeedee|0 fnt
|-damage|p2b: Talonflame|0 fnt
|faint|p2a: Indeedee
|faint|p2b: Talonflame
|-damage|p1a: Wyrdeer|80/100|[from] item: Life Orb
|move|p1b: Indeedee|Psychic|p2: Indeedee|[notarget]
|-fail|p1b: Indeedee
|
|upkeep
|-message|Praiya forfeited.
|raw|gray_Gak's rating: 1155 → 1174(+19 for winning)
|raw|Praiya's rating: 1066 → 1051(-15 for losing)
|
|win|gray_Gak
|l|☆Praiya
|player|p2|
|l|☆gray_Gak
|player|p1|
|j|☆gray_Gak
|player|p1|gray_Gak|flannery|
