|j|☆testprofile_elec
|j|☆teyvgc
|html|testprofile_electeyvgc    
|uhtml|bestof|Game 1 of a best-of-3
|t:|1783199688
|gametype|doubles
|player|p1|testprofile_elec|ethan|1146
|player|p2|teyvgc|1|1180
|gen|9
|tier|[Gen 9 Champions] VGC 2026 Reg M-B (Bo3)
|rated|
|rule|Species Clause: Limit one of each Pokémon
|rule|Item Clause: Limit 1 of each item
|clearpoke
|poke|p1|Gholdengo, L50|
|poke|p1|Incineroar, L50, M|
|poke|p1|Basculegion, L50, M|
|poke|p1|Garchomp, L50, F|
|poke|p1|Charizard, L50, F|
|poke|p1|Whimsicott, L50, M|
|poke|p2|Excadrill, L50, M|
|poke|p2|Tyranitar, L50, F|
|poke|p2|Staraptor, L50, M|
|poke|p2|Sinistcha, L50|
|poke|p2|Milotic, L50, F|
|poke|p2|Gholdengo, L50|
|teampreview|4
|showteam|p1|Gholdengo||SpellTag|GoodasGold|MakeItRain,ShadowBall,NastyPlot,Protect|Modest|||||50|]Incineroar||SitrusBerry|Intimidate|PartingShot,FlareBlitz,ThroatChop,FakeOut|Impish||M|||50|]Basculegion||ChoiceScarf|Adaptability|WaveCrash,LastRespects,AquaJet,FlipTurn|Jolly||M|||50|]Garchomp||LifeOrb|RoughSkin|Earthquake,DragonClaw,RockSlide,Protect|Jolly||F|||50|]Charizard||CharizarditeY|Blaze|HeatWave,SolarBeam,WeatherBall,Protect|Modest||F|||50|]Whimsicott||FocusSash|Prankster|Tailwind,Encore,Moonblast,Protect|Timid||M|||50|
|showteam|p2|Excadrill||FocusSash|SandRush|Earthquake,IronHead,RockSlide,Protect|Adamant||M|||50|]Tyranitar||Tyranitarite|SandStream|RockSlide,KnockOff,DragonDance,Protect|Adamant||F|||50|]Staraptor||Staraptite|Intimidate|BraveBird,CloseCombat,Tailwind,Protect|Jolly||M|||50|]Sinistcha||SitrusBerry|Hospitality|MatchaGotcha,RagePowder,LifeDew,TrickRoom|Calm|||||50|]Milotic||Leftovers|Competitive|Scald,IceBeam,Recover,Protect|Modest||F|||50|]Gholdengo||LifeOrb|GoodasGold|MakeItRain,ShadowBall,NastyPlot,Protect|Modest|||||50|
|
|t:|1783199751
|teamsize|p1|4
|teamsize|p2|4
|start
|switch|p1a: Charizard|Charizard, L50, F|100/100
|switch|p1b: Basculegion|Basculegion, L50, M|100/100
|switch|p2a: Excadrill|Excadrill, L50, M|100/100
|switch|p2b: Tyranitar|Tyranitar, L50, F|100/100
|-weather|Sandstorm|[from] ability: Sand Stream|[of] p2b: Tyranitar
|turn|1
|
|t:|1783199780
|detailschange|p1a: Charizard|Charizard-Mega-Y, L50, F
|-mega|p1a: Charizard|Charizard|Charizardite Y
|-weather|SunnyDay|[from] ability: Drought|[of] p1a: Charizard
|move|p1a: Charizard|Protect|p1a: Charizard
|-singleturn|p1a: Charizard|Protect
|move|p1b: Basculegion|Flip Turn|p2b: Tyranitar
|-supereffective|p2b: Tyranitar|1
|-damage|p2b: Tyranitar|72/100
|
|t:|1783199791
|switch|p1b: Incineroar|Incineroar, L50, M|100/100|[from] Flip Turn
|-ability|p1b: Incineroar|Intimidate|boost
|-unboost|p2a: Excadrill|atk|1
|-unboost|p2b: Tyranitar|atk|1
|move|p2a: Excadrill|Rock Slide|p1b: Incineroar|[spread] p1b
|-activate|p1a: Charizard|move: Protect
|-supereffective|p1b: Incineroar|1
|-damage|p1b: Incineroar|75/100
|move|p2b: Tyranitar|Knock Off|p1b: Incineroar
|-resisted|p1b: Incineroar|1
|-damage|p1b: Incineroar|61/100
|-enditem|p1b: Incineroar|Sitrus Berry|[from] move: Knock Off|[of] p2b: Tyranitar
|
|-weather|SunnyDay|[upkeep]
|upkeep
|turn|2
|
|t:|1783199820
|detailschange|p2b: Tyranitar|Tyranitar-Mega, L50, F
|-mega|p2b: Tyranitar|Tyranitar|Tyranitarite
|-weather|Sandstorm|[from] ability: Sand Stream|[of] p2b: Tyranitar
|move|p1b: Incineroar|Fake Out|p2b: Tyranitar
|-resisted|p2b: Tyranitar|1
|-damage|p2b: Tyranitar|68/100
|move|p2a: Excadrill|Rock Slide|p1b: Incineroar|[spread] p1a,p1b
|-supereffective|p1a: Charizard|2
|-supereffective|p1b: Incineroar|1
|-damage|p1a: Charizard|36/100
|-damage|p1b: Incineroar|36/100
|cant|p1a: Charizard|flinch
|cant|p2b: Tyranitar|flinch
|
|-weather|Sandstorm|[upkeep]
|-damage|p1a: Charizard|30/100|[from] Sandstorm
|-damage|p1b: Incineroar|30/100|[from] Sandstorm
|upkeep
|turn|3
|-message|testprofile_elec forfeited.
|raw|testprofile_elec's rating: 1146 → 1123(-23 for losing)
|raw|teyvgc's rating: 1180 → 1203(+23 for winning)
|
|win|teyvgc
