|j|Ōśåclutcheye_.
|j|Ōśåmakeitrain30%
|html|clutcheye_.makeitrain30%    
|uhtml|bestof|Game 2 of a best-of-3
|t:|1783294182
|gametype|doubles
|player|p1|clutcheye_.|lance|
|player|p2|makeitrain30%|palmer|
|gen|9
|tier|[Gen 9 Champions] VGC 2026 Reg M-B (Bo3)
|rule|Species Clause: Limit one of each Pok├®mon
|rule|Item Clause: Limit 1 of each item
|clearpoke
|poke|p1|Charizard, L50, F, shiny|
|poke|p1|Metagross, L50, shiny|
|poke|p1|Kingambit, L50, F, shiny|
|poke|p1|Basculegion, L50, M, shiny|
|poke|p1|Whimsicott, L50, F|
|poke|p1|Garchomp, L50, F, shiny|
|poke|p2|Garchomp, L50, M|
|poke|p2|Staraptor, L50, F|
|poke|p2|Whimsicott, L50, F|
|poke|p2|Milotic, L50, M|
|poke|p2|Charizard, L50, M|
|poke|p2|Gholdengo, L50|
|teampreview|4
|showteam|p1|Charizard||CharizarditeY|Blaze|SolarBeam,HeatWave,WeatherBall,Protect|Modest||F|||50|]Metagross||Metagrossite|ClearBody|IronHead,PsychicFangs,Protect,BodyPress|Jolly|||||50|]Kingambit||ChopleBerry|Defiant|KowtowCleave,SuckerPunch,IronHead,Protect|Adamant||F|||50|]Basculegion||MysticWater|Adaptability|LastRespects,AquaJet,WaveCrash,Protect|Adamant||M|||50|]Whimsicott||FocusSash|Prankster|Tailwind,Moonblast,Protect,Encore|Timid||F|||50|]Garchomp||LifeOrb|RoughSkin|Protect,RockSlide,StompingTantrum,DragonClaw|Serious||F|||50|
|showteam|p2|Garchomp||LifeOrb|RoughSkin|Protect,Earthquake,DragonClaw,RockSlide|Adamant||M|||50|]Staraptor||Staraptite|Intimidate|Protect,BraveBird,CloseCombat,Roost|Adamant||F|||50|]Whimsicott||FocusSash|Prankster|Moonblast,Tailwind,Encore,Charm|Timid||F|||50|]Milotic||Leftovers|Competitive|Protect,Scald,IcyWind,LifeDew|Modest||M|||50|]Charizard||CharizarditeY|Blaze|Protect,HeatWave,SolarBeam,WeatherBall|Modest||M|||50|]Gholdengo||SitrusBerry|GoodasGold|MakeItRain,ShadowBall,Protect,PowerGem|Modest|||||50|
|inactive|Battle timer is ON: inactive players will automatically lose when time's up. (requested by makeitrain30%)
|
|t:|1783294203
|teamsize|p1|4
|teamsize|p2|4
|start
|switch|p1a: Metagross|Metagross, L50, shiny|100/100
|switch|p1b: Whimsicott|Whimsicott, L50, F|100/100
|switch|p2a: Charizard|Charizard, L50, M|100/100
|switch|p2b: Whimsicott|Whimsicott, L50, F|100/100
|turn|1
|c|Ōśåmakeitrain30%|lol
|inactive|clutcheye_. has 30 seconds left.
|
|t:|1783294231
|detailschange|p2a: Charizard|Charizard-Mega-Y, L50, M
|-mega|p2a: Charizard|Charizard|Charizardite Y
|-weather|SunnyDay|[from] ability: Drought|[of] p2a: Charizard
|detailschange|p1a: Metagross|Metagross-Mega, L50, shiny
|-mega|p1a: Metagross|Metagross|Metagrossite
|move|p1a: Metagross|Protect|p1a: Metagross
|-singleturn|p1a: Metagross|Protect
|move|p2b: Whimsicott|Tailwind|p2b: Whimsicott
|-sidestart|p2: makeitrain30%|move: Tailwind
|move|p2a: Charizard|Heat Wave|p1b: Whimsicott|[spread] p1b
|-activate|p1a: Metagross|move: Protect
|-supereffective|p1b: Whimsicott|1
|-enditem|p1b: Whimsicott|Focus Sash
|-damage|p1b: Whimsicott|1/100
|move|p1b: Whimsicott|Moonblast|p2a: Charizard
|-resisted|p2a: Charizard|1
|-damage|p2a: Charizard|85/100
|
|-weather|SunnyDay|[upkeep]
|upkeep
|turn|2
|c|Ōśåclutcheye_.|i thought that would do more
|inactive|clutcheye_. has 30 seconds left.
|
|t:|1783294261
|switch|p1a: Garchomp|Garchomp, L50, F, shiny|100/100
|move|p2b: Whimsicott|Encore|p1b: Whimsicott
|-start|p1b: Whimsicott|Encore
|move|p2a: Charizard|Heat Wave|p1b: Whimsicott|[spread] p1a,p1b
|-resisted|p1a: Garchomp|1
|-supereffective|p1b: Whimsicott|1
|-damage|p1a: Garchomp|63/100
|-damage|p1b: Whimsicott|0 fnt
|faint|p1b: Whimsicott
|
|-weather|SunnyDay|[upkeep]
|upkeep
|c|Ōśåmakeitrain30%|lol bulky zard
|inactive|clutcheye_. has 30 seconds left.
|inactive|clutcheye_. has 20 seconds left.
|inactive|clutcheye_. has 15 seconds left.
|inactive|clutcheye_. has 10 seconds left.
|
|t:|1783294311
|switch|p1b: Basculegion|Basculegion, L50, M, shiny|100/100
|turn|3
|
|t:|1783294324
|move|p2b: Whimsicott|Moonblast|p1a: Garchomp
|-supereffective|p1a: Garchomp|1
|-damage|p1a: Garchomp|0 fnt
|faint|p1a: Garchomp
|move|p2a: Charizard|Solar Beam||[still]
|-prepare|p2a: Charizard|Solar Beam
|-anim|p2a: Charizard|Solar Beam|p1b: Basculegion
|-supereffective|p1b: Basculegion|1
|-damage|p1b: Basculegion|0 fnt
|faint|p1b: Basculegion
|
|-weather|SunnyDay|[upkeep]
|upkeep
|c|Ōśåmakeitrain30%|alr ggz bro
|c|Ōśåclutcheye_.|gg bro
|
|t:|1783294335
|switch|p1b: Metagross|Metagross-Mega, L50, shiny|100/100
|turn|4
|
|t:|1783294341
|move|p1b: Metagross|Protect|p1b: Metagross
|-singleturn|p1b: Metagross|Protect
|move|p2b: Whimsicott|Charm|p1b: Metagross
|-activate|p1b: Metagross|move: Protect
|move|p2a: Charizard|Weather Ball|p1b: Metagross
|-activate|p1b: Metagross|move: Protect
|
|-weather|SunnyDay|[upkeep]
|-sideend|p2: makeitrain30%|move: Tailwind
|upkeep
|turn|5
|
|t:|1783294353
|move|p2b: Whimsicott|Charm|p1b: Metagross
|-unboost|p1b: Metagross|atk|2
|move|p1b: Metagross|Iron Head|p2b: Whimsicott
|-supereffective|p2b: Whimsicott|1
|-damage|p2b: Whimsicott|24/100
|move|p2a: Charizard|Weather Ball|p1b: Metagross
|-supereffective|p1b: Metagross|1
|-damage|p1b: Metagross|0 fnt
|faint|p1b: Metagross
|
|win|makeitrain30%
|c|Ōśåmakeitrain30%|the charm is so clutch sometimes lol
|c|Ōśåclutcheye_.|lol
|c|Ōśåmakeitrain30%|ggz this was fun
|c|Ōśåmakeitrain30%|want to run it back
