|j|☆bananatreeenjoyer
|j|☆spearow's nest
|html|bananatreeenjoyerspearow's nest    
|uhtml|bestof|Game 2 of a best-of-3
|t:|1756950425
|gametype|doubles
|player|p1|bananatreeenjoyer|silver|1160
|player|p2|spearow's nest|lance|1288
|gen|9
|tier|[Gen 9] VGC 2025 Reg H (Bo3)
|rated|
|rule|Species Clause: Limit one of each Pokémon
|rule|Item Clause: Limit 1 of each item
|clearpoke
|poke|p1|Gyarados, L50, M|
|poke|p1|Indeedee, L50, M|
|poke|p1|Sneasler, L50, M|
|poke|p1|Tyranitar, L50, M|
|poke|p1|Ursaluna-Bloodmoon, L50, M|
|poke|p1|Volcarona, L50, F|
|poke|p2|Rillaboom, L50, M|
|poke|p2|Dragonite, L50, M|
|poke|p2|Sneasler, L50, M|
|poke|p2|Ninetales-Alola, L50, F|
|poke|p2|Kingambit, L50, M|
|poke|p2|Volcarona, L50, M|
|teampreview|4
|showteam|p1|Gyarados||SafetyGoggles|Intimidate|Taunt,ThunderWave,Waterfall,Protect|||M|||50|,,,,,Steel]Indeedee||ChoiceScarf|PsychicSurge|ExpandingForce,TeraBlast,Trick,Protect|||M|||50|,,,,,Psychic]Sneasler||PsychicSeed|Unburden|CloseCombat,DireClaw,ThroatChop,Protect|||M|||50|,,,,,Dark]Tyranitar||AssaultVest|SandStream|LowKick,TeraBlast,KnockOff,RockSlide|||M|||50|,,,,,Flying]Ursaluna-Bloodmoon||LifeOrb|MindsEye|HyperVoice,BloodMoon,EarthPower,Protect|||M|||50|,,,,,Normal]Volcarona||SitrusBerry|FlameBody|Overheat,StruggleBug,RagePowder,Tailwind|||F|||50|,,,,,Grass
|showteam|p2|Rillaboom||AssaultVest|GrassySurge|WoodHammer,GrassyGlide,HighHorsepower,FakeOut|||M|||50|,,,,,Fire]Dragonite||LoadedDice|Multiscale|Protect,ScaleShot,LowKick,Haze|||M|||50|,,,,,Fairy]Sneasler||WhiteHerb|Unburden|Protect,DireClaw,CloseCombat,Coaching|||M|||50|,,,,,Ghost]Ninetales-Alola||ChoiceSpecs|SnowWarning|Blizzard,IcyWind,Moonblast,FreezeDry|||F|||50|,,,,,Ghost]Kingambit||SafetyGoggles|Defiant|Protect,KowtowCleave,SuckerPunch,SwordsDance|||M|||50|,,,,,Dark]Volcarona||CovertCloak|FlameBody|StruggleBug,RagePowder,Overheat,WillOWisp|||M|||50|,,,,,Fairy
|
|t:|1756950447
|teamsize|p1|4
|teamsize|p2|4
|start
|switch|p1a: Kalan|Volcarona, L50, F|100/100
|switch|p1b: Althair|Ursaluna-Bloodmoon, L50, M|100/100
|switch|p2a: Dragonite|Dragonite, L50, M|100/100
|switch|p2b: Volcarona|Volcarona, L50, M|100/100
|turn|1
|j| teamthief420
|
|t:|1756950501
|move|p1b: Althair|Protect|p1b: Althair
|-singleturn|p1b: Althair|Protect
|move|p1a: Kalan|Tailwind|p1a: Kalan
|-sidestart|p1: bananatreeenjoyer|move: Tailwind
|move|p2b: Volcarona|Struggle Bug|p1a: Kalan|[spread] p1a
|-activate|p1b: Althair|move: Protect
|-resisted|p1a: Kalan
|-damage|p1a: Kalan|91/100
|-unboost|p1a: Kalan|spa|1
|move|p2a: Dragonite|Scale Shot|p1a: Kalan
|-damage|p1a: Kalan|73/100
|-damage|p1a: Kalan|54/100
|-damage|p1a: Kalan|37/100
|-enditem|p1a: Kalan|Sitrus Berry|[eat]
|-heal|p1a: Kalan|62/100|[from] item: Sitrus Berry
|-damage|p1a: Kalan|44/100
|-damage|p1a: Kalan|27/100
|-hitcount|p1a: Kalan|5
|-unboost|p2a: Dragonite|def|1
|-boost|p2a: Dragonite|spe|1
|
|upkeep
|turn|2
|
|t:|1756950539
|move|p2a: Dragonite|Protect|p2a: Dragonite
|-singleturn|p2a: Dragonite|Protect
|move|p1a: Kalan|Struggle Bug|p2b: Volcarona|[spread] p2b
|-activate|p2a: Dragonite|move: Protect
|-resisted|p2b: Volcarona
|-damage|p2b: Volcarona|95/100
|move|p1b: Althair|Blood Moon|p2b: Volcarona
|-damage|p2b: Volcarona|9/100
|-damage|p1b: Althair|91/100|[from] item: Life Orb
|move|p2b: Volcarona|Struggle Bug|p1a: Kalan|[spread] p1a,p1b
|-resisted|p1a: Kalan
|-damage|p1a: Kalan|19/100
|-damage|p1b: Althair|70/100
|-unboost|p1a: Kalan|spa|1
|-unboost|p1b: Althair|spa|1
|
|upkeep
|turn|3
|
|t:|1756950570
|move|p1a: Kalan|Overheat|p2a: Dragonite
|-resisted|p2a: Dragonite
|-damage|p2a: Dragonite|93/100
|-unboost|p1a: Kalan|spa|2
|move|p2a: Dragonite|Scale Shot|p1a: Kalan
|-damage|p1a: Kalan|0 fnt
|faint|p1a: Kalan
|-hitcount|p1: Kalan|1
|-unboost|p2a: Dragonite|def|1
|-boost|p2a: Dragonite|spe|1
|move|p1b: Althair|Hyper Voice|p2b: Volcarona|[spread] p2a,p2b
|-damage|p2a: Dragonite|59/100
|-damage|p2b: Volcarona|0 fnt
|faint|p2b: Volcarona
|-damage|p1b: Althair|61/100|[from] item: Life Orb
|
|upkeep
|
|t:|1756950591
|switch|p1a: Herod|Sneasler, L50, M|100/100
|switch|p2b: Sneasler|Sneasler, L50, M|100/100
|turn|4
|
|t:|1756950611
|switch|p1b: Layton|Indeedee, L50, M|100/100
|-fieldstart|move: Psychic Terrain|[from] ability: Psychic Surge|[of] p1b: Layton
|-enditem|p1a: Herod|Psychic Seed
|-boost|p1a: Herod|spd|1|[from] item: Psychic Seed
|move|p2a: Dragonite|Protect|p2a: Dragonite
|-singleturn|p2a: Dragonite|Protect
|move|p2b: Sneasler|Protect|p2b: Sneasler
|-singleturn|p2b: Sneasler|Protect
|move|p1a: Herod|Dire Claw|p2a: Dragonite
|-activate|p2a: Dragonite|move: Protect
|
|-sideend|p1: bananatreeenjoyer|move: Tailwind
|upkeep
|turn|5
|
|t:|1756950633
|switch|p2a: Rillaboom|Rillaboom, L50, M|100/100
|-fieldstart|move: Grassy Terrain|[from] ability: Grassy Surge|[of] p2a: Rillaboom
|-terastallize|p2b: Sneasler|Ghost
|move|p1a: Herod|Dire Claw|p2a: Rillaboom
|-supereffective|p2a: Rillaboom
|-damage|p2a: Rillaboom|4/100
|-status|p2a: Rillaboom|psn
|move|p1b: Layton|Expanding Force|p2a: Rillaboom
|-damage|p2a: Rillaboom|0 fnt
|faint|p2a: Rillaboom
|move|p2b: Sneasler|Close Combat|p1b: Layton
|-damage|p1b: Layton|0 fnt
|-unboost|p2b: Sneasler|def|1
|-unboost|p2b: Sneasler|spd|1
|faint|p1b: Layton
|-enditem|p2b: Sneasler|White Herb
|-clearnegativeboost|p2b: Sneasler|[silent]
|
|upkeep
|
|t:|1756950651
|switch|p1b: Althair|Ursaluna-Bloodmoon, L50, M|61/100
|switch|p2a: Dragonite|Dragonite, L50, M|59/100
|turn|6
|
|t:|1756950678
|move|p2a: Dragonite|Protect|p2a: Dragonite
|-singleturn|p2a: Dragonite|Protect
|move|p2b: Sneasler|Close Combat|p1b: Althair
|-supereffective|p1b: Althair
|-damage|p1b: Althair|0 fnt
|-unboost|p2b: Sneasler|def|1
|-unboost|p2b: Sneasler|spd|1
|faint|p1b: Althair
|move|p1a: Herod|Dire Claw|p2a: Dragonite
|-activate|p2a: Dragonite|move: Protect
|
|upkeep
|turn|7
|
|t:|1756950702
|move|p2b: Sneasler|Coaching|p2a: Dragonite
|-boost|p2a: Dragonite|atk|1
|-boost|p2a: Dragonite|def|1
|move|p1a: Herod|Throat Chop|p2b: Sneasler
|-supereffective|p2b: Sneasler
|-damage|p2b: Sneasler|0 fnt
|faint|p2b: Sneasler
|move|p2a: Dragonite|Scale Shot|p1a: Herod
|-damage|p1a: Herod|64/100
|-damage|p1a: Herod|27/100
|-damage|p1a: Herod|0 fnt
|faint|p1a: Herod
|-hitcount|p1: Herod|3
|
|win|spearow's nest
|l|☆bananatreeenjoyer
|player|p1|
||spearow's nest is ready for game 3.
|inactive|bananatreeenjoyer has 30 seconds to confirm battle start!
|j|☆bananatreeenjoyer
|player|p1|bananatreeenjoyer|silver|
||bananatreeenjoyer is ready for game 3.
|uhtml|next|Next: Game 3 of 3
|l| teamthief420
|l|☆bananatreeenjoyer
|player|p1|
