|j|☆Bibas Rozkurwiator
|j|☆Beapboop
|html|Bibas RozkurwiatorBeapboop    
|uhtml|bestof|Game 2 of a best-of-3
|t:|1756299864
|gametype|doubles
|player|p1|Bibas Rozkurwiator|lucas|1056
|player|p2|Beapboop|cyrus|1044
|gen|9
|tier|[Gen 9] VGC 2025 Reg H (Bo3)
|rated|
|rule|Species Clause: Limit one of each Pokémon
|rule|Item Clause: Limit 1 of each item
|clearpoke
|poke|p1|Pelipper, L50, M|
|poke|p1|Archaludon, L50, M|
|poke|p1|Basculegion, L50, M|
|poke|p1|Rillaboom, L50, M|
|poke|p1|Gholdengo, L50|
|poke|p1|Incineroar, L50, F|
|poke|p2|Dragonite, L50, F|
|poke|p2|Gholdengo, L50|
|poke|p2|Talonflame, L50, F|
|poke|p2|Glimmora, L50, M|
|poke|p2|Tatsugiri, L50, F|
|poke|p2|Dondozo, L50, M|
|teampreview|4
|showteam|p1|Pelipper||FocusSash|Drizzle|Hurricane,WeatherBall,Protect,Tailwind|||M|||50|,,,,,Ghost]Archaludon||AssaultVest|Stamina|ElectroShot,FlashCannon,DracoMeteor,BodyPress|||M|||50|,,,,,Dragon]Basculegion||ChoiceBand|SwiftSwim|WaveCrash,LastRespects,AquaJet,FlipTurn|||M|||50|,,,,,Water]Rillaboom||SitrusBerry|GrassySurge|GrassyGlide,FakeOut,Uturn,KnockOff|||M|||50|,,,,,Fire]Gholdengo||LifeOrb|GoodasGold|MakeItRain,ShadowBall,NastyPlot,Protect||||||50|,,,,,Water]Incineroar||SafetyGoggles|Intimidate|FakeOut,KnockOff,PartingShot,BrickBreak|||F|||50|,,,,,Fire
|showteam|p2|Dragonite||ChoiceBand|InnerFocus|ExtremeSpeed,IceSpinner,AerialAce,Outrage|||F|||50|,,,,,Normal]Gholdengo||ChoiceSpecs|GoodasGold|MakeItRain,ShadowBall,Thunderbolt,Trick||||||50|,,,,,Steel]Talonflame||CovertCloak|GaleWings|Tailwind,Taunt,BraveBird,WillOWisp|||F|||50|,,,,,Flying]Glimmora||PowerHerb|ToxicDebris|SludgeBomb,MeteorBeam,EarthPower,SpikyShield|||M|||50|,,,,,Grass]Tatsugiri||ChoiceScarf|Commander|DracoMeteor,MuddyWater,IcyWind,DragonPulse|||F|||50|,,,,,Water]Dondozo||Leftovers|Unaware|OrderUp,WaveCrash,Earthquake,Protect|||M|||50|,,,,,Grass
|inactive|Battle timer is ON: inactive players will automatically lose when time's up. (requested by Bibas Rozkurwiator)
|inactive|Beapboop also wants the timer to be on.
|inactive|Bibas Rozkurwiator has 60 seconds left.
|
|t:|1756299912
|teamsize|p1|4
|teamsize|p2|4
|start
|switch|p1a: Pelipper|Pelipper, L50, M|100/100
|switch|p1b: Gholdengo|Gholdengo, L50|100/100
|switch|p2a: Talonflame|Talonflame, L50, F|100/100
|switch|p2b: Glimmora|Glimmora, L50, M|100/100
|-weather|RainDance|[from] ability: Drizzle|[of] p1a: Pelipper
|turn|1
|inactive|Beapboop has 30 seconds left.
|inactive|Beapboop has 20 seconds left.
|inactive|Beapboop has 15 seconds left.
|
|t:|1756299953
|-terastallize|p1b: Gholdengo|Water
|move|p2a: Talonflame|Tailwind|p2a: Talonflame
|-sidestart|p2: Beapboop|move: Tailwind
|move|p2b: Glimmora|Meteor Beam||[still]
|-prepare|p2b: Glimmora|Meteor Beam
|-boost|p2b: Glimmora|spa|1
|-enditem|p2b: Glimmora|Power Herb
|-anim|p2b: Glimmora|Meteor Beam|p1b: Gholdengo
|-crit|p1b: Gholdengo
|-damage|p1b: Gholdengo|0 fnt
|faint|p1b: Gholdengo
|move|p1a: Pelipper|Tailwind|p1a: Pelipper
|-sidestart|p1: Bibas Rozkurwiator|move: Tailwind
|
|-weather|RainDance|[upkeep]
|upkeep
|
|t:|1756299959
|switch|p1b: Rillaboom|Rillaboom, L50, M|100/100
|-fieldstart|move: Grassy Terrain|[from] ability: Grassy Surge|[of] p1b: Rillaboom
|turn|2
|-message|Bibas Rozkurwiator forfeited.
|
|win|Beapboop
|raw|Bibas Rozkurwiator's rating: 1056 → 1037(-19 for losing)
|raw|Beapboop's rating: 1044 → 1079(+35 for winning)
