|j|☆yunsen
|j|☆asiermii
|html|yunsenasiermii    
|uhtml|bestof|Game 2 of a best-of-3
|t:|1782497580
|gametype|doubles
|player|p1|yunsen|n|1121
|player|p2|asiermii|101|1151
|gen|9
|tier|[Gen 9 Champions] VGC 2026 Reg M-B (Bo3)
|rated|
|rule|Species Clause: Limit one of each Pokémon
|rule|Item Clause: Limit 1 of each item
|clearpoke
|poke|p1|Raichu, L50, M|
|poke|p1|Whimsicott, L50, M|
|poke|p1|Basculegion, L50, M|
|poke|p1|Garchomp, L50, M|
|poke|p1|Floette-Eternal, L50, F|
|poke|p1|Gholdengo, L50|
|poke|p2|Sylveon, L50, M, shiny|
|poke|p2|Aerodactyl, L50, F|
|poke|p2|Metagross, L50, shiny|
|poke|p2|Sinistcha, L50|
|poke|p2|Incineroar, L50, F, shiny|
|poke|p2|Rotom-Wash, L50|
|teampreview|4
|showteam|p1|Raichu||RaichuniteY|LightningRod|Protect,ZapCannon,FocusBlast,FakeOut|Modest||M|||50|]Whimsicott||FocusSash|Prankster|Protect,Moonblast,Tailwind,Encore|Timid||M|||50|]Basculegion||MysticWater|Adaptability|Protect,WaveCrash,LastRespects,AquaJet|Adamant||M|||50|]Garchomp||SitrusBerry|RoughSkin|RockSlide,StompingTantrum,DragonClaw,Protect|Jolly||M|||50|]Floette-Eternal||Floettite|FlowerVeil|Protect,Moonblast,DazzlingGleam,Psychic|Timid||F|||50|]Gholdengo||LifeOrb|GoodasGold|Protect,MakeItRain,NastyPlot,ShadowBall|Timid|||||50|
|showteam|p2|Sylveon||FairyFeather|Pixilate|HyperVoice,HyperBeam,QuickAttack,Detect|Modest||M|||50|]Aerodactyl||Aerodactylite|Unnerve|RockSlide,IceFang,Tailwind,WideGuard|Jolly||F|||50|]Metagross||Metagrossite|ClearBody|PsychicFangs,IronHead,BulletPunch,Protect|Adamant|||||50|]Sinistcha||KasibBerry|Hospitality|MatchaGotcha,RagePowder,StrengthSap,Protect|Bold|||||50|]Incineroar||SitrusBerry|Intimidate|FakeOut,FlareBlitz,PartingShot,ThroatChop|Careful||F|||50|]Rotom-Wash||Leftovers|Levitate|HydroPump,Thunderbolt,WillOWisp,Protect|Bold|||||50|
|inactive|Battle timer is ON: inactive players will automatically lose when time's up. (requested by yunsen)
|inactive|yunsen has 60 seconds left.
|inactive|asiermii has 60 seconds left.
|inactive|asiermii has 30 seconds left.
|inactive|asiermii has 20 seconds left.
|inactive|asiermii has 15 seconds left.
|inactive|asiermii has 10 seconds left.
|inactive|asiermii has 5 seconds left.
|
|t:|1782497671
|teamsize|p1|4
|teamsize|p2|4
|start
|switch|p1a: Gholdengo|Gholdengo, L50|100/100
|switch|p1b: Raichu|Raichu, L50, M|100/100
|switch|p2a: Sylveon|Sylveon, L50, M, shiny|100/100
|switch|p2b: Aerodactyl|Aerodactyl, L50, F|100/100
|-ability|p2b: Aerodactyl|Unnerve
|turn|1
|
|t:|1782497691
|detailschange|p2b: Aerodactyl|Aerodactyl-Mega, L50, F
|-mega|p2b: Aerodactyl|Aerodactyl|Aerodactylite
|detailschange|p1b: Raichu|Raichu-Mega-Y, L50, M
|-mega|p1b: Raichu|Raichu|Raichunite Y
|move|p2a: Sylveon|Detect|p2a: Sylveon
|-singleturn|p2a: Sylveon|Protect
|move|p2b: Aerodactyl|Rock Slide|p1a: Gholdengo|[spread] p1a,p1b
|-resisted|p1a: Gholdengo|1
|-damage|p1a: Gholdengo|86/100
|-damage|p1b: Raichu|43/100
|move|p1b: Raichu|Zap Cannon|p2b: Aerodactyl
|-supereffective|p2b: Aerodactyl|1
|-damage|p2b: Aerodactyl|0 fnt
|faint|p2b: Aerodactyl
|move|p1a: Gholdengo|Make It Rain|p2a: Sylveon
|-activate|p2a: Sylveon|move: Protect
|
|upkeep
|
|t:|1782497709
|switch|p2b: Metagross|Metagross, L50, shiny|100/100
|turn|2
|-message|asiermii forfeited.
|raw|yunsen's rating: 1121 → 1148(+27 for winning)
|raw|asiermii's rating: 1151 → 1124(-27 for losing)
|
|win|yunsen
|l|☆asiermii
|player|p2|
