|j|☆fili53
|j|☆Hadrian1917
|html|fili53Hadrian1917    
|uhtml|bestof|Game 1 of a best-of-3
|t:|1756766010
|gametype|doubles
|player|p1|fili53|cress|1200
|player|p2|Hadrian1917|1|1109
|gen|9
|tier|[Gen 9] VGC 2025 Reg H (Bo3)
|rated|
|rule|Species Clause: Limit one of each Pokémon
|rule|Item Clause: Limit 1 of each item
|clearpoke
|poke|p1|Arcanine-Hisui, L50, M|
|poke|p1|Rillaboom, L50, M|
|poke|p1|Clefable, L50, M|
|poke|p1|Inteleon, L50, F|
|poke|p1|Sneasler, L50, M|
|poke|p1|Dragapult, L50, M|
|poke|p2|Annihilape, L50, M|
|poke|p2|Dragonite, L50, F|
|poke|p2|Ursaluna-Bloodmoon, L50, M|
|poke|p2|Rillaboom, L50, M|
|poke|p2|Gholdengo, L50|
|poke|p2|Pelipper, L50, F|
|teampreview|4
|showteam|p1|Arcanine-Hisui||ClearAmulet|Intimidate|FlareBlitz,RockSlide,ExtremeSpeed,Protect|||M|||50|,,,,,Water]Rillaboom||AssaultVest|GrassySurge|WoodHammer,GrassyGlide,HighHorsepower,FakeOut|||M|||50|,,,,,Fire]Clefable||SafetyGoggles|Unaware|Moonblast,FollowMe,HelpingHand,Protect|||M|||50|,,,,,Steel]Inteleon||RazorClaw|Sniper|SnipeShot,IceBeam,Taunt,Protect|||F|||50|,,,,,Water]Sneasler||FocusSash|Unburden|CloseCombat,DireClaw,FakeOut,Protect|||M|||50|,,,,,Stellar]Dragapult||ChoiceBand|ClearBody|DragonDarts,PhantomForce,Uturn,Outrage|||M|||50|,,,,,Dragon
|showteam|p2|Annihilape||SitrusBerry|Defiant|DrainPunch,RageFist,BulkUp,Protect|||M|||50|,,,,,Fire]Dragonite||LoadedDice|Multiscale|ScaleShot,Haze,Tailwind,Protect|||F|||50|,,,,,Fairy]Ursaluna-Bloodmoon||AssaultVest|MindsEye|HyperVoice,EarthPower,BloodMoon,VacuumWave|||M|||50|,,,,,Dragon]Rillaboom||MiracleSeed|GrassySurge|GrassyGlide,Uturn,WoodHammer,FakeOut|||M|||50|,,,,,Fire]Gholdengo||LifeOrb|GoodasGold|Protect,NastyPlot,ShadowBall,MakeItRain||||||50|,,,,,Water]Pelipper||FocusSash|Drizzle|WeatherBall,Hurricane,WideGuard,Protect|||F|||50|,,,,,Ghost
|inactive|Battle timer is ON: inactive players will automatically lose when time's up. (requested by fili53)
|inactive|fili53 has 60 seconds left.
|inactive|Hadrian1917 has 60 seconds left.
|inactive|Hadrian1917 has 30 seconds left.
|inactive|Hadrian1917 has 20 seconds left.
|inactive|Hadrian1917 has 15 seconds left.
|inactive|Hadrian1917 has 10 seconds left.
|inactive|Hadrian1917 has 5 seconds left.
|
|t:|1756766097
|teamsize|p1|4
|teamsize|p2|4
|start
|switch|p1a: Inteleon|Inteleon, L50, F|100/100
|switch|p1b: Clefable|Clefable, L50, M|100/100
|switch|p2a: Annihilape|Annihilape, L50, M|100/100
|switch|p2b: Dragonite|Dragonite, L50, F|100/100
|turn|1
|inactive|Hadrian1917 has 30 seconds left.
|inactive|Hadrian1917 has 20 seconds left.
|inactive|Hadrian1917 has 15 seconds left.
|inactive|Hadrian1917 has 10 seconds left.
|inactive|Hadrian1917 has 5 seconds left.
|
|t:|1756766151
|switch|p2a: Pelipper|Pelipper, L50, F|100/100
|-weather|RainDance|[from] ability: Drizzle|[of] p2a: Pelipper
|move|p2b: Dragonite|Protect|p2b: Dragonite
|-singleturn|p2b: Dragonite|Protect
|move|p1b: Clefable|Follow Me|p1b: Clefable
|-singleturn|p1b: Clefable|move: Follow Me
|move|p1a: Inteleon|Taunt|p2b: Dragonite
|-activate|p2b: Dragonite|move: Protect
|
|-weather|RainDance|[upkeep]
|upkeep
|turn|2
|inactive|fili53 has 30 seconds left.
|inactive|Hadrian1917 has 30 seconds left.
|inactive|fili53 has 20 seconds left.
|inactive|Hadrian1917 has 20 seconds left.
|inactive|fili53 has 15 seconds left.
|
|t:|1756766193
|move|p1b: Clefable|Follow Me|p1b: Clefable
|-singleturn|p1b: Clefable|move: Follow Me
|move|p1a: Inteleon|Snipe Shot|p2a: Pelipper
|-resisted|p2a: Pelipper
|-crit|p2a: Pelipper
|-enditem|p2a: Pelipper|Focus Sash
|-damage|p2a: Pelipper|1/100
|move|p2b: Dragonite|Scale Shot|p1b: Clefable
|-immune|p1b: Clefable
|move|p2a: Pelipper|Hurricane|p1b: Clefable
|-damage|p1b: Clefable|57/100
|
|-weather|RainDance|[upkeep]
|upkeep
|turn|3
|inactive|Hadrian1917 has 30 seconds left.
|
|t:|1756766221
|move|p2a: Pelipper|Protect|p2a: Pelipper
|-singleturn|p2a: Pelipper|Protect
|move|p1b: Clefable|Follow Me|p1b: Clefable
|-singleturn|p1b: Clefable|move: Follow Me
|move|p1a: Inteleon|Taunt|p2b: Dragonite
|-start|p2b: Dragonite|move: Taunt
|cant|p2b: Dragonite|move: Taunt|Tailwind
|
|-weather|RainDance|[upkeep]
|upkeep
|turn|4
|-message|Hadrian1917 forfeited.
|
|win|fili53
||fili53 is ready for game 2.
||Hadrian1917 is ready for game 2.
|uhtml|next|Next: Game 2 of 3
|l|☆fili53
|player|p1|
