|j|☆furretusedpunch
|j|☆Merisus
|html|furretusedpunchMerisus    
|uhtml|bestof|Game 1 of a best-of-3
|t:|1782433552
|gametype|doubles
|player|p1|furretusedpunch|lacey|1118
|player|p2|Merisus|2|1000
|gen|9
|tier|[Gen 9 Champions] VGC 2026 Reg M-B (Bo3)
|rated|
|rule|Species Clause: Limit one of each Pokémon
|rule|Item Clause: Limit 1 of each item
|clearpoke
|poke|p1|Charizard, L50, F|
|poke|p1|Whimsicott, L50, M|
|poke|p1|Floette-Eternal, L50, F|
|poke|p1|Kingambit, L50, M|
|poke|p1|Garchomp, L50, M|
|poke|p1|Basculegion, L50, M|
|poke|p2|Dragalge, L50, M, shiny|
|poke|p2|Eelektross, L50, M, shiny|
|poke|p2|Gholdengo, L50|
|poke|p2|Torkoal, L50, M, shiny|
|poke|p2|Sableye, L50, M, shiny|
|poke|p2|Mimikyu, L50, M|
|teampreview|4
|showteam|p1|Charizard||CharizarditeY|Blaze|HeatWave,WeatherBall,SolarBeam,Protect|Modest||F|||50|]Whimsicott||FocusSash|Prankster|Moonblast,Tailwind,Encore,Protect|Timid||M|||50|]Floette-Eternal||Floettite|FlowerVeil|Moonblast,DazzlingGleam,LightofRuin,Protect|Timid||F|||50|]Kingambit||BlackGlasses|Defiant|KowtowCleave,SuckerPunch,IronHead,Protect|Adamant||M|||50|]Garchomp||LifeOrb|RoughSkin|Earthquake,DragonClaw,RockSlide,Protect|Jolly||M|||50|]Basculegion||MysticWater|Adaptability|WaveCrash,AquaJet,LastRespects,Protect|Adamant||M|||50|
|showteam|p2|Dragalge||Dragalgite|PoisonPoint|DracoMeteor,SludgeWave,FocusBlast,FlipTurn|Modest||M|||50|]Eelektross||Eelektrossite|Levitate|SupercellSlam,Liquidation,StompingTantrum,PsychicFangs|Adamant||M|||50|]Gholdengo||LifeOrb|GoodasGold|ShadowBall,MakeItRain,FocusBlast,DazzlingGleam|Timid|||||50|]Torkoal||Leftovers|WhiteSmoke|Eruption,EarthPower,WeatherBall,SolarBeam|Quiet||M|||50|]Sableye||LightClay|Prankster|LightScreen,Reflect,Poltergeist,WillOWisp|Adamant||M|||50|]Mimikyu||SitrusBerry|Disguise|PlayRough,ShadowSneak,SwordsDance,TrickRoom|Brave||M|||50|
|j| ShinyRayquaza387
|l| ShinyRayquaza387
|inactive|Battle timer is ON: inactive players will automatically lose when time's up. (requested by Merisus)
|inactive|furretusedpunch has 60 seconds left.
|
|t:|1782433677
|teamsize|p1|4
|teamsize|p2|4
|start
|switch|p1a: Whimsicott|Whimsicott, L50, M|100/100
|switch|p1b: Floette|Floette-Eternal, L50, F|100/100
|switch|p2a: Dragalge|Dragalge, L50, M, shiny|100/100
|switch|p2b: Sableye|Sableye, L50, M, shiny|100/100
|turn|1
|inactive|Merisus has 30 seconds left.
|
|t:|1782433708
|detailschange|p1b: Floette|Floette-Mega, L50, F
|-mega|p1b: Floette|Floette|Floettite
|-ability|p1b: Floette|Fairy Aura
|move|p2b: Sableye|Light Screen|p2b: Sableye
|-sidestart|p2: Merisus|move: Light Screen
|move|p1a: Whimsicott|Moonblast|p2a: Dragalge
|-damage|p2a: Dragalge|70/100
|move|p1b: Floette|Light of Ruin|p2a: Dragalge
|-damage|p2a: Dragalge|10/100
|-damage|p1b: Floette|69/100|[from] Recoil
|move|p2a: Dragalge|Sludge Wave|p1a: Whimsicott|[spread] p2b,p1a,p1b
|-resisted|p2b: Sableye|1
|-supereffective|p1a: Whimsicott|2
|-supereffective|p1b: Floette|1
|-damage|p2b: Sableye|82/100
|-enditem|p1a: Whimsicott|Focus Sash
|-damage|p1a: Whimsicott|1/100
|-damage|p1b: Floette|11/100
|-status|p1a: Whimsicott|psn
|
|-damage|p1a: Whimsicott|0 fnt|[from] psn
|faint|p1a: Whimsicott
|upkeep
|
|t:|1782433728
|switch|p1a: Basculegion|Basculegion, L50, M|100/100
|turn|2
|
|t:|1782433752
|move|p1a: Basculegion|Protect|p1a: Basculegion
|-singleturn|p1a: Basculegion|Protect
|move|p2b: Sableye|Will-O-Wisp|p1a: Basculegion
|-activate|p1a: Basculegion|move: Protect
|move|p1b: Floette|Dazzling Gleam|p2a: Dragalge|[spread] p2a,p2b
|-supereffective|p2b: Sableye|1
|-damage|p2a: Dragalge|0 fnt
|-damage|p2b: Sableye|0 fnt
|faint|p2a: Dragalge
|faint|p2b: Sableye
|
|upkeep
|
|t:|1782433763
|switch|p2b: Eelektross|Eelektross, L50, M, shiny|100/100
|switch|p2a: Torkoal|Torkoal, L50, M, shiny|100/100
|turn|3
|inactive|Merisus has 30 seconds left.
|
|t:|1782433791
|detailschange|p2b: Eelektross|Eelektross-Mega, L50, M, shiny
|-mega|p2b: Eelektross|Eelektross|Eelektrossite
|move|p1b: Floette|Moonblast|p2b: Eelektross
|-damage|p2b: Eelektross|46/100
|move|p1a: Basculegion|Wave Crash|p2a: Torkoal
|-supereffective|p2a: Torkoal|1
|-damage|p2a: Torkoal|0 fnt
|faint|p2a: Torkoal
|-damage|p1a: Basculegion|70/100|[from] Recoil
|move|p2b: Eelektross|Supercell Slam|p1a: Basculegion
|-supereffective|p1a: Basculegion|1
|-damage|p1a: Basculegion|0 fnt
|faint|p1a: Basculegion
|-ability|p2b: Eelektross|Eelevate|boost
|-boost|p2b: Eelektross|atk|1
|
|upkeep
|
|t:|1782433798
|switch|p1a: Garchomp|Garchomp, L50, M|100/100
|turn|4
|
|t:|1782433809
|move|p1a: Garchomp|Dragon Claw|p2b: Eelektross
|-damage|p2b: Eelektross|0 fnt
|faint|p2b: Eelektross
|-damage|p1a: Garchomp|90/100|[from] item: Life Orb
|
|win|furretusedpunch
