|j|☆bjnguyen12
|j|☆MoodyMukVGC
|html|bjnguyen12MoodyMukVGC    
|uhtml|bestof|Game 2 of a best-of-3
|t:|1757802586
|gametype|doubles
|player|p1|bjnguyen12|1|1031
|player|p2|MoodyMukVGC|169|1190
|gen|9
|tier|[Gen 9] VGC 2025 Reg H (Bo3)
|rated|
|rule|Species Clause: Limit one of each Pokémon
|rule|Item Clause: Limit 1 of each item
|clearpoke
|poke|p1|Dragonite, L50, F|
|poke|p1|Gholdengo, L50|
|poke|p1|Rillaboom, L50, M|
|poke|p1|Incineroar, L50, F|
|poke|p1|Annihilape, L50, F|
|poke|p1|Electabuzz, L50, F|
|poke|p2|Ursaluna, L50, M|
|poke|p2|Jumpluff, L50, M|
|poke|p2|Charizard, L50, M|
|poke|p2|Torkoal, L50, M|
|poke|p2|Incineroar, L50, M|
|poke|p2|Porygon2, L50|
|teampreview|4
|showteam|p1|Dragonite||LoadedDice|Multiscale|ScaleShot,ExtremeSpeed,Haze,Protect|||F|||50|,,,,,Fairy]Gholdengo||SitrusBerry|GoodasGold|ShadowBall,Protect,NastyPlot,MakeItRain||||||50|,,,,,Water]Rillaboom||AssaultVest|GrassySurge|FakeOut,HighHorsepower,GrassyGlide,WoodHammer|||M|||50|,,,,,Grass]Incineroar||MirrorHerb|Intimidate|FakeOut,KnockOff,FlareBlitz,PartingShot|||F|||50|,,,,,Grass]Annihilape||FocusSash|InnerFocus|Taunt,Coaching,CloseCombat,RageFist|||F|||50|,,,,,Fighting]Electabuzz||Eviolite|VitalSpirit|FollowMe,Thunderbolt,Electroweb,Protect|||F|||50|,,,,,Dragon
|showteam|p2|Ursaluna||FlameOrb|Guts|HeadlongRush,Facade,Earthquake,Protect|||M|||50|,,,,,Ghost]Jumpluff||CovertCloak|Chlorophyll|SleepPowder,SunnyDay,Tailwind,RagePowder|||M|||50|,,,,,Water]Charizard||ChoiceSpecs|SolarPower|AirSlash,HeatWave,Overheat,WeatherBall|||M|||50|,,,,,Ghost]Torkoal||EjectPack|Drought|ClearSmog,Eruption,Overheat,Protect|||M|||50|,,,,,Fire]Incineroar||SafetyGoggles|Intimidate|FakeOut,FlareBlitz,KnockOff,PartingShot|||M|||50|,,,,,Ghost]Porygon2||Eviolite|Download|TeraBlast,IceBeam,Recover,TrickRoom||||||50|,,,,,Fighting
|inactive|Battle timer is ON: inactive players will automatically lose when time's up. (requested by bjnguyen12)
|
|t:|1757802614
|teamsize|p1|4
|teamsize|p2|4
|start
|switch|p1a: Annihilape|Annihilape, L50, F|100/100
|switch|p1b: Electabuzz|Electabuzz, L50, F|100/100
|switch|p2a: Charizard|Charizard, L50, M, shiny|100/100
|switch|p2b: Torkoal|Torkoal, L50, M, shiny|100/100
|-weather|SunnyDay|[from] ability: Drought|[of] p2b: Torkoal
|turn|1
|inactive|bjnguyen12 has 30 seconds left.
|
|t:|1757802642
|move|p2a: Charizard|Heat Wave|p1a: Annihilape|[spread] p1a,p1b
|-crit|p1b: Electabuzz
|-enditem|p1a: Annihilape|Focus Sash
|-damage|p1a: Annihilape|1/100
|-damage|p1b: Electabuzz|0 fnt
|faint|p1b: Electabuzz
|move|p1a: Annihilape|Close Combat|p2b: Torkoal
|-damage|p2b: Torkoal|61/100
|-unboost|p1a: Annihilape|def|1
|-unboost|p1a: Annihilape|spd|1
|move|p2b: Torkoal|Overheat|p1a: Annihilape
|-damage|p1a: Annihilape|0 fnt
|-unboost|p2b: Torkoal|spa|2
|faint|p1a: Annihilape
|-enditem|p2b: Torkoal|Eject Pack
|
|t:|1757802651
|switch|p2b: Ursaluna|Ursaluna, L50, M, shiny|100/100
|
|-weather|SunnyDay|[upkeep]
|-damage|p2a: Charizard|88/100|[from] ability: Solar Power|[of] p2a: Charizard
|-status|p2b: Ursaluna|brn|[from] item: Flame Orb
|upkeep
|
|t:|1757802657
|switch|p1a: Rillaboom|Rillaboom, L50, M|100/100
|switch|p1b: Incineroar|Incineroar, L50, F|100/100
|-fieldstart|move: Grassy Terrain|[from] ability: Grassy Surge|[of] p1a: Rillaboom
|-ability|p1b: Incineroar|Intimidate|boost
|-unboost|p2a: Charizard|atk|1
|-unboost|p2b: Ursaluna|atk|1
|turn|2
|
|t:|1757802671
|switch|p2b: Porygon2|Porygon2, L50, shiny|100/100
|-ability|p2b: Porygon2|Download|boost
|-boost|p2b: Porygon2|atk|1
|-enditem|p1b: Incineroar|Mirror Herb
|-boost|p1b: Incineroar|atk|1|[from] item: Mirror Herb
|-terastallize|p1a: Rillaboom|Grass
|move|p1b: Incineroar|Fake Out|p2a: Charizard
|-damage|p2a: Charizard|65/100
|move|p1a: Rillaboom|Grassy Glide|p2b: Porygon2
|-damage|p2b: Porygon2|71/100
|cant|p2a: Charizard|flinch
|
|-weather|SunnyDay|[upkeep]
|-damage|p2a: Charizard|52/100|[from] ability: Solar Power|[of] p2a: Charizard
|-heal|p2b: Porygon2|78/100|[from] Grassy Terrain
|upkeep
|turn|3
|
|t:|1757802696
|-terastallize|p2b: Porygon2|Fighting
|move|p2a: Charizard|Heat Wave|p1a: Rillaboom|[spread] p1a,p1b
|-supereffective|p1a: Rillaboom
|-resisted|p1b: Incineroar
|-damage|p1a: Rillaboom|0 fnt
|-damage|p1b: Incineroar|62/100
|faint|p1a: Rillaboom
|move|p2b: Porygon2|Tera Blast|p1b: Incineroar|[anim] Tera Blast Fighting
|-supereffective|p1b: Incineroar
|-damage|p1b: Incineroar|7/100
|move|p1b: Incineroar|Flare Blitz|p2b: Porygon2
|-damage|p2b: Porygon2|10/100
|-damage|p1b: Incineroar|0 fnt|[from] Recoil
|faint|p1b: Incineroar
|
|win|MoodyMukVGC
|raw|bjnguyen12's rating: 1031 → 1023(-8 for losing)
|raw|MoodyMukVGC's rating: 1190 → 1204(+14 for winning)
|l|☆bjnguyen12
|player|p1|
|c|☆MoodyMukVGC|ggs
