|j|☆Luminose.s
|j|☆nikolasnaiz
|html|Luminose.snikolasnaiz    
|uhtml|bestof|Game 3 of a best-of-3
|t:|1756744177
|gametype|doubles
|player|p1|Luminose.s|101|1188
|player|p2|nikolasnaiz|larry|1198
|gen|9
|tier|[Gen 9] VGC 2025 Reg H (Bo3)
|rated|
|rule|Species Clause: Limit one of each Pokémon
|rule|Item Clause: Limit 1 of each item
|clearpoke
|poke|p1|Archaludon, L50, F|
|poke|p1|Basculegion, L50, M|
|poke|p1|Pelipper, L50, F|
|poke|p1|Sinistcha, L50|
|poke|p1|Farigiraf, L50, F|
|poke|p1|Incineroar, L50, M|
|poke|p2|Dragonite, L50, F|
|poke|p2|Ursaluna-Bloodmoon, L50, M|
|poke|p2|Annihilape, L50, F|
|poke|p2|Volcarona, L50, M|
|poke|p2|Rillaboom, L50, F|
|poke|p2|Incineroar, L50, M|
|teampreview|4
|showteam|p1|Archaludon||AssaultVest|Stamina|ElectroShot,DragonPulse,FlashCannon,BodyPress|||F|||50|,,,,,Bug]Basculegion||LifeOrb|SwiftSwim|Protect,LastRespects,WaveCrash,FlipTurn|||M|||50|,,,,,Stellar]Pelipper||FocusSash|Drizzle|Protect,Hurricane,WeatherBall,Tailwind|||F|||50|,,,,,Grass]Sinistcha||RockyHelmet|Hospitality|RagePowder,MatchaGotcha,StrengthSap,Protect||||||50|,,,,,Fire]Farigiraf||ThroatSpray|ArmorTail|DazzlingGleam,TrickRoom,HyperVoice,Protect|||F|||50|,,,,,Fairy]Incineroar||SafetyGoggles|Intimidate|FakeOut,KnockOff,FlareBlitz,PartingShot|||M|||50|,,,,,Water
|showteam|p2|Dragonite||LoadedDice|Multiscale|Protect,ScaleShot,Tailwind,Haze|||F|||50|,,,,,Steel]Ursaluna-Bloodmoon||FocusSash|MindsEye|Protect,BloodMoon,EarthPower,HyperVoice|||M|||50|,,,,,Normal]Annihilape||LumBerry|Defiant|Protect,RageFist,CloseCombat,Taunt|||F|||50|,,,,,Fire]Volcarona||CovertCloak|FlameBody|Protect,QuiverDance,HeatWave,TeraBlast|||M|||50|,,,,,Fairy]Rillaboom||AssaultVest|GrassySurge|FakeOut,WoodHammer,GrassyGlide,HighHorsepower|||F|||50|,,,,,Fire]Incineroar||SafetyGoggles|Intimidate|FakeOut,PartingShot,FlareBlitz,KnockOff|||M|||50|,,,,,Ghost
|inactive|Battle timer is ON: inactive players will automatically lose when time's up. (requested by nikolasnaiz)
|inactive|Luminose.s has 60 seconds left.
|
|t:|1756744219
|teamsize|p1|4
|teamsize|p2|4
|start
|switch|p1a: Pelipper|Pelipper, L50, F|100/100
|switch|p1b: Archaludon|Archaludon, L50, F|100/100
|switch|p2a: Dragonite|Dragonite, L50, F, shiny|100/100
|switch|p2b: Ursaluna|Ursaluna-Bloodmoon, L50, M|100/100
|-weather|RainDance|[from] ability: Drizzle|[of] p1a: Pelipper
|turn|1
|inactive|Luminose.s has 30 seconds left.
|
|t:|1756744245
|switch|p1b: Sinistcha|Sinistcha, L50|100/100
|move|p2a: Dragonite|Scale Shot|p1a: Pelipper
|-damage|p1a: Pelipper|82/100
|-damage|p1a: Pelipper|60/100
|-damage|p1a: Pelipper|39/100
|-crit|p1a: Pelipper
|-damage|p1a: Pelipper|8/100
|-damage|p1a: Pelipper|0 fnt
|faint|p1a: Pelipper
|-hitcount|p1: Pelipper|5
|-unboost|p2a: Dragonite|def|1
|-boost|p2a: Dragonite|spe|1
|move|p2b: Ursaluna|Hyper Voice|p1b: Sinistcha
|-damage|p1b: Sinistcha|60/100
|
|-weather|RainDance|[upkeep]
|upkeep
|
|t:|1756744263
|switch|p1a: Archaludon|Archaludon, L50, F|100/100
|turn|2
|inactive|Luminose.s has 30 seconds left.
|inactive|Luminose.s has 20 seconds left.
|inactive|Luminose.s has 15 seconds left.
|
|t:|1756744304
|-terastallize|p1a: Archaludon|Bug
|move|p2a: Dragonite|Scale Shot|p1b: Sinistcha
|-damage|p1b: Sinistcha|46/100
|-crit|p1b: Sinistcha
|-damage|p1b: Sinistcha|24/100
|-damage|p1b: Sinistcha|11/100
|-damage|p1b: Sinistcha|0 fnt
|faint|p1b: Sinistcha
|-hitcount|p1: Sinistcha|4
|-unboost|p2a: Dragonite|def|1
|-boost|p2a: Dragonite|spe|1
|move|p2b: Ursaluna|Earth Power|p1a: Archaludon
|-resisted|p1a: Archaludon
|-damage|p1a: Archaludon|82/100
|-ability|p1a: Archaludon|Stamina|boost
|-boost|p1a: Archaludon|def|1
|move|p1a: Archaludon|Body Press|p2b: Ursaluna
|-supereffective|p2b: Ursaluna
|-damage|p2b: Ursaluna|41/100
|
|-weather|RainDance|[upkeep]
|upkeep
|
|t:|1756744322
|switch|p1b: Basculegion|Basculegion, L50, M|100/100
|turn|3
|
|t:|1756744340
|move|p2a: Dragonite|Tailwind|p2a: Dragonite
|-sidestart|p2: nikolasnaiz|move: Tailwind
|move|p1b: Basculegion|Last Respects|p2a: Dragonite
|-damage|p2a: Dragonite|0 fnt
|faint|p2a: Dragonite
|-damage|p1b: Basculegion|91/100|[from] item: Life Orb
|move|p2b: Ursaluna|Blood Moon|p1a: Archaludon
|-damage|p1a: Archaludon|27/100
|-ability|p1a: Archaludon|Stamina|boost
|-boost|p1a: Archaludon|def|1
|move|p1a: Archaludon|Electro Shot||[still]
|-prepare|p1a: Archaludon|Electro Shot
|-boost|p1a: Archaludon|spa|1
|-anim|p1a: Archaludon|Electro Shot|p2b: Ursaluna
|-immune|p2b: Ursaluna
|
|-weather|RainDance|[upkeep]
|upkeep
|
|t:|1756744351
|switch|p2a: Rillaboom|Rillaboom, L50, F|100/100
|-fieldstart|move: Grassy Terrain|[from] ability: Grassy Surge|[of] p2a: Rillaboom
|turn|4
|inactive|Luminose.s has 30 seconds left.
|inactive|Luminose.s has 20 seconds left.
|inactive|Luminose.s has 15 seconds left.
|
|t:|1756744396
|move|p2a: Rillaboom|Wood Hammer|p1b: Basculegion
|-supereffective|p1b: Basculegion
|-damage|p1b: Basculegion|0 fnt
|faint|p1b: Basculegion
|-damage|p2a: Rillaboom|70/100|[from] Recoil
|move|p2b: Ursaluna|Hyper Voice|p1a: Archaludon
|-damage|p1a: Archaludon|0 fnt
|faint|p1a: Archaludon
|
|win|nikolasnaiz
|raw|Luminose.s's rating: 1188 → 1164(-24 for losing)
|raw|nikolasnaiz's rating: 1198 → 1222(+24 for winning)
