|j|☆saboyita
|j|☆Slim Shady LPVGC
|html|saboyitaSlim Shady LPVGC    
|uhtml|bestof|Game 1 of a best-of-3
|t:|1756159182
|gametype|doubles
|player|p1|saboyita|grimsley|1136
|player|p2|Slim Shady LPVGC|cynthia|1107
|gen|9
|tier|[Gen 9] VGC 2025 Reg H (Bo3)
|rated|
|rule|Species Clause: Limit one of each Pokémon
|rule|Item Clause: Limit 1 of each item
|clearpoke
|poke|p1|Hydreigon, L50, M|
|poke|p1|Whimsicott, L50, F|
|poke|p1|Ursaluna, L50, M|
|poke|p1|Maushold-Four, L50|
|poke|p1|Annihilape, L50, M|
|poke|p1|Sinistcha, L50|
|poke|p2|Sneasler, L50, M|
|poke|p2|Ursaluna-Bloodmoon, L50, M|
|poke|p2|Gholdengo, L50|
|poke|p2|Amoonguss, L50, M|
|poke|p2|Tyranitar, L50, M|
|poke|p2|Whimsicott, L50, M|
|teampreview|4
|showteam|p1|Hydreigon||ChoiceSpecs|Levitate|HeatWave,DarkPulse,DragonPulse,DracoMeteor|||M|||50|,,,,,Fire]Whimsicott||CovertCloak|Prankster|Moonblast,HelpingHand,Tailwind,Encore|||F|||50|,,,,,Dark]Ursaluna||FlameOrb|Guts|Facade,Earthquake,HeadlongRush,Protect|||M|||50|,,,,,Ghost]Maushold-Four||WideLens|Technician|PopulationBomb,Taunt,FollowMe,Protect||||||50|,,,,,Ghost]Annihilape||Leftovers|Defiant|RageFist,DrainPunch,BulkUp,Protect|||M|||50|,,,,,Fire]Sinistcha||MentalHerb|Hospitality|MatchaGotcha,RagePowder,LifeDew,TrickRoom||||||50|,,,,,Water
|showteam|p2|Sneasler||WhiteHerb|Unburden|Protect,DireClaw,CloseCombat,FakeOut|||M|||50|,,,,,Stellar]Ursaluna-Bloodmoon||LifeOrb|MindsEye|Protect,HyperVoice,EarthPower,BloodMoon|||M|||50|,,,,,Normal]Gholdengo||MetalCoat|GoodasGold|Protect,MakeItRain,ShadowBall,NastyPlot||||||50|,,,,,Steel]Amoonguss||MentalHerb|Regenerator|Protect,RagePowder,PollenPuff,Spore|||M|||50|,,,,,Water]Tyranitar||AssaultVest|SandStream|RockSlide,KnockOff,HighHorsepower,LowKick|||M|||50|,,,,,Ghost]Whimsicott||FocusSash|Prankster|Moonblast,Tailwind,Encore,Endeavor|||M|||50|,,,,,Ghost
|inactive|Battle timer is ON: inactive players will automatically lose when time's up. (requested by Slim Shady LPVGC)
|inactive|saboyita also wants the timer to be on.
|inactive|saboyita has 60 seconds left.
|inactive|Slim Shady LPVGC has 60 seconds left.
|inactive|saboyita has 30 seconds left.
|inactive|Slim Shady LPVGC has 30 seconds left.
|inactive|saboyita has 20 seconds left.
|inactive|Slim Shady LPVGC has 20 seconds left.
|inactive|saboyita has 15 seconds left.
|inactive|Slim Shady LPVGC has 15 seconds left.
|inactive|saboyita has 10 seconds left.
|inactive|Slim Shady LPVGC has 10 seconds left.
|inactive|Slim Shady LPVGC has 5 seconds left.
|
|t:|1756159269
|teamsize|p1|4
|teamsize|p2|4
|start
|switch|p1a: Hydreigon|Hydreigon, L50, M|100/100
|switch|p1b: Whimsicott|Whimsicott, L50, F|100/100
|switch|p2a: Sneasler|Sneasler, L50, M|100/100
|switch|p2b: Ursaluna|Ursaluna-Bloodmoon, L50, M|100/100
|turn|1
|inactive|saboyita has 30 seconds left.
|inactive|Slim Shady LPVGC has 30 seconds left.
|
|t:|1756159297
|switch|p1a: Annihilape|Annihilape, L50, M|100/100
|move|p2a: Sneasler|Fake Out|p1a: Annihilape
|-immune|p1a: Annihilape
|move|p1b: Whimsicott|Encore|p2a: Sneasler
|-start|p2a: Sneasler|Encore
|move|p2b: Ursaluna|Blood Moon|p1a: Annihilape
|-damage|p1a: Annihilape|0 fnt
|faint|p1a: Annihilape
|-damage|p2b: Ursaluna|91/100|[from] item: Life Orb
|
|upkeep
|
|t:|1756159315
|switch|p1a: Maushold|Maushold-Four, L50|100/100
|turn|2
|inactive|saboyita has 30 seconds left.
|inactive|Slim Shady LPVGC has 30 seconds left.
|
|t:|1756159349
|switch|p2a: Tyranitar|Tyranitar, L50, M|100/100
|-weather|Sandstorm|[from] ability: Sand Stream|[of] p2a: Tyranitar
|switch|p1b: Hydreigon|Hydreigon, L50, M|100/100
|move|p1a: Maushold|Population Bomb|p2b: Ursaluna
|-crit|p2b: Ursaluna
|-damage|p2b: Ursaluna|77/100
|-damage|p2b: Ursaluna|68/100
|-damage|p2b: Ursaluna|58/100
|-damage|p2b: Ursaluna|50/100
|-damage|p2b: Ursaluna|40/100
|-damage|p2b: Ursaluna|32/100
|-damage|p2b: Ursaluna|23/100
|-damage|p2b: Ursaluna|14/100
|-damage|p2b: Ursaluna|4/100
|-damage|p2b: Ursaluna|0 fnt
|faint|p2b: Ursaluna
|-hitcount|p2: Ursaluna|10
|
|-weather|Sandstorm|[upkeep]
|-damage|p1a: Maushold|94/100|[from] Sandstorm
|-damage|p1b: Hydreigon|95/100|[from] Sandstorm
|upkeep
|inactive|Slim Shady LPVGC has 30 seconds left.
|inactive|Slim Shady LPVGC has 20 seconds left.
|inactive|Slim Shady LPVGC has 15 seconds left.
|inactive|Slim Shady LPVGC has 10 seconds left.
|inactive|Slim Shady LPVGC has 5 seconds left.
|
|t:|1756159400
|switch|p2b: Sneasler|Sneasler, L50, M|100/100
|turn|3
|inactive|Slim Shady LPVGC has 30 seconds left.
|inactive|saboyita has 30 seconds left.
|inactive|Slim Shady LPVGC has 20 seconds left.
|inactive|saboyita has 20 seconds left.
|
|t:|1756159443
|switch|p1b: Whimsicott|Whimsicott, L50, F|100/100
|-terastallize|p2b: Sneasler|Stellar
|move|p1a: Maushold|Protect|p1a: Maushold
|-singleturn|p1a: Maushold|Protect
|move|p2b: Sneasler|Dire Claw|p1b: Whimsicott
|-supereffective|p1b: Whimsicott
|-damage|p1b: Whimsicott|0 fnt
|faint|p1b: Whimsicott
|move|p2a: Tyranitar|Rock Slide|p1a: Maushold
|-activate|p1a: Maushold|move: Protect
|
|-weather|Sandstorm|[upkeep]
|-damage|p2b: Sneasler|95/100|[from] Sandstorm
|-damage|p1a: Maushold|88/100|[from] Sandstorm
|upkeep
|
|t:|1756159457
|switch|p1b: Hydreigon|Hydreigon, L50, M|95/100
|turn|4
|inactive|Slim Shady LPVGC has 30 seconds left.
|inactive|Slim Shady LPVGC has 20 seconds left.
|inactive|Slim Shady LPVGC has 15 seconds left.
|
|t:|1756159497
|-terastallize|p1a: Maushold|Ghost
|move|p1a: Maushold|Follow Me|p1a: Maushold
|-singleturn|p1a: Maushold|move: Follow Me
|move|p2b: Sneasler|Dire Claw|p1a: Maushold
|-resisted|p1a: Maushold
|-damage|p1a: Maushold|57/100
|move|p1b: Hydreigon|Dragon Pulse|p2a: Tyranitar
|-damage|p2a: Tyranitar|73/100
|move|p2a: Tyranitar|Rock Slide|p1a: Maushold|[spread] p1a,p1b
|-damage|p1a: Maushold|11/100
|-damage|p1b: Hydreigon|62/100
|
|-weather|Sandstorm|[upkeep]
|-damage|p2b: Sneasler|89/100|[from] Sandstorm
|-damage|p1a: Maushold|5/100|[from] Sandstorm
|-damage|p1b: Hydreigon|56/100|[from] Sandstorm
|upkeep
|turn|5
|inactive|Slim Shady LPVGC has 30 seconds left.
|
|t:|1756159524
|move|p2b: Sneasler|Dire Claw|p1b: Hydreigon
|-damage|p1b: Hydreigon|4/100
|move|p1a: Maushold|Population Bomb|p2b: Sneasler
|-damage|p2b: Sneasler|71/100
|-damage|p2b: Sneasler|51/100
|-damage|p2b: Sneasler|33/100
|-damage|p2b: Sneasler|14/100
|-damage|p2b: Sneasler|0 fnt
|faint|p2b: Sneasler
|-hitcount|p2: Sneasler|5
|move|p1b: Hydreigon|Dragon Pulse|p2a: Tyranitar
|-damage|p2a: Tyranitar|45/100
|move|p2a: Tyranitar|Knock Off|p1b: Hydreigon
|-resisted|p1b: Hydreigon
|-damage|p1b: Hydreigon|0 fnt
|-enditem|p1b: Hydreigon|Choice Specs|[from] move: Knock Off|[of] p2a: Tyranitar
|faint|p1b: Hydreigon
|
|-weather|Sandstorm|[upkeep]
|-damage|p1a: Maushold|0 fnt|[from] Sandstorm
|faint|p1a: Maushold
|
|win|Slim Shady LPVGC
||saboyita is ready for game 2.
|inactive|Slim Shady LPVGC has 30 seconds to confirm battle start!
||Slim Shady LPVGC is ready for game 2.
|uhtml|next|Next: Game 2 of 3
