|j|☆jacre22
|j|☆Dametrix
|html|jacre22Dametrix    
|uhtml|bestof|Game 2 of a best-of-3
|t:|1756178430
|gametype|doubles
|player|p1|jacre22|iris-gen5bw2|1269
|player|p2|Dametrix|caitlin|1251
|gen|9
|tier|[Gen 9] VGC 2025 Reg H (Bo3)
|rated|
|rule|Species Clause: Limit one of each Pokémon
|rule|Item Clause: Limit 1 of each item
|clearpoke
|poke|p1|Whimsicott, L50, F|
|poke|p1|Garchomp, L50, M|
|poke|p1|Gholdengo, L50|
|poke|p1|Incineroar, L50, F|
|poke|p1|Sneasler, L50, F|
|poke|p1|Dragonite, L50, F|
|poke|p2|Gardevoir, L50, M|
|poke|p2|Indeedee, L50, M|
|poke|p2|Sneasler, L50, M|
|poke|p2|Tyranitar, L50, M|
|poke|p2|Excadrill, L50, F|
|poke|p2|Salamence, L50, F|
|teampreview|4
|showteam|p1|Whimsicott||FocusSash|Prankster|Moonblast,Tailwind,Encore,Protect|||F|||50|,,,,,Ghost]Garchomp||LifeOrb|RoughSkin|Earthquake,DragonClaw,StompingTantrum,Protect|||M|||50|,,,,,Ground]Gholdengo||ChoiceSpecs|GoodasGold|MakeItRain,ShadowBall,Trick,PowerGem||||||50|,,,,,Steel]Incineroar||AssaultVest|Intimidate|FakeOut,FlareBlitz,KnockOff,Uturn|||F|||50|,,,,,Grass]Sneasler||WhiteHerb|Unburden|FakeOut,DireClaw,CloseCombat,Protect|||F|||50|,,,,,Stellar]Dragonite||ChoiceBand|InnerFocus|ExtremeSpeed,Outrage,IceSpinner,StompingTantrum|||F|||50|,,,,,Normal
|showteam|p2|Gardevoir||ChoiceScarf|Telepathy|ExpandingForce,DazzlingGleam,Moonblast,Trick|||M|||50|,,,,,Psychic]Indeedee||FocusSash|PsychicSurge|ExpandingForce,TeraBlast,TrickRoom,Imprison|||M|||50|,,,,,Fighting]Sneasler||PsychicSeed|Unburden|CloseCombat,DireClaw,ThroatChop,Protect|||M|||50|,,,,,Stellar]Tyranitar||AssaultVest|SandStream|RockSlide,KnockOff,LowKick,TeraBlast|||M|||50|,,,,,Flying]Excadrill||ClearAmulet|SandRush|Earthquake,IronHead,HighHorsepower,Protect|||F|||50|,,,,,Ghost]Salamence||SafetyGoggles|Intimidate|DracoMeteor,AirSlash,HeatWave,Protect|||F|||50|,,,,,Fairy
|
|t:|1756178458
|teamsize|p1|4
|teamsize|p2|4
|start
|switch|p1a: Whimsicott|Whimsicott, L50, F|100/100
|switch|p1b: Garchomp|Garchomp, L50, M|100/100
|switch|p2a: Gardevoir|Gardevoir, L50, M|100/100
|switch|p2b: Indeedee|Indeedee, L50, M|100/100
|-fieldstart|move: Psychic Terrain|[from] ability: Psychic Surge|[of] p2b: Indeedee
|turn|1
|
|t:|1756178498
|-terastallize|p1b: Garchomp|Ground
|move|p2a: Gardevoir|Dazzling Gleam|p1b: Garchomp|[spread] p1a,p1b
|-damage|p1a: Whimsicott|48/100
|-damage|p1b: Garchomp|68/100
|move|p1a: Whimsicott|Moonblast|p2b: Indeedee
|-damage|p2b: Indeedee|53/100
|move|p1b: Garchomp|Earthquake|p2b: Indeedee|[spread] p1a,p2a,p2b
|-resisted|p1a: Whimsicott
|-damage|p1a: Whimsicott|0 fnt
|-damage|p2a: Gardevoir|0 fnt
|-damage|p2b: Indeedee|0 fnt
|faint|p1a: Whimsicott
|faint|p2a: Gardevoir
|faint|p2b: Indeedee
|-damage|p1b: Garchomp|58/100|[from] item: Life Orb
|
|upkeep
|
|t:|1756178518
|switch|p1a: Dragonite|Dragonite, L50, F|100/100
|switch|p2b: Salamence|Salamence, L50, F|100/100
|switch|p2a: Sneasler|Sneasler, L50, M|100/100
|-ability|p2b: Salamence|Intimidate|boost
|-fail|p1a: Dragonite|unboost|Attack|[from] ability: Inner Focus|[of] p1a: Dragonite
|-unboost|p1b: Garchomp|atk|1
|-enditem|p2a: Sneasler|Psychic Seed
|-boost|p2a: Sneasler|spd|1|[from] item: Psychic Seed
|turn|2
|
|t:|1756178572
|switch|p1a: Incineroar|Incineroar, L50, F|100/100
|-ability|p1a: Incineroar|Intimidate|boost
|-unboost|p2a: Sneasler|atk|1
|-unboost|p2b: Salamence|atk|1
|move|p1b: Garchomp|Protect|p1b: Garchomp
|-singleturn|p1b: Garchomp|Protect
|move|p2a: Sneasler|Close Combat|p1b: Garchomp
|-activate|p1b: Garchomp|move: Protect
|move|p2b: Salamence|Draco Meteor|p1a: Incineroar
|-damage|p1a: Incineroar|58/100
|-unboost|p2b: Salamence|spa|2
|
|upkeep
|turn|3
|
|t:|1756178600
|switch|p1a: Dragonite|Dragonite, L50, F|100/100
|-terastallize|p2a: Sneasler|Stellar
|move|p2a: Sneasler|Close Combat|p1b: Garchomp
|-damage|p1b: Garchomp|3/100
|-unboost|p2a: Sneasler|def|1
|-unboost|p2a: Sneasler|spd|1
|-damage|p2a: Sneasler|88/100|[from] ability: Rough Skin|[of] p1b: Garchomp
|move|p1b: Garchomp|Stomping Tantrum|p2a: Sneasler
|-supereffective|p2a: Sneasler
|-damage|p2a: Sneasler|0 fnt
|faint|p2a: Sneasler
|-damage|p1b: Garchomp|0 fnt|[from] item: Life Orb
|faint|p1b: Garchomp
|move|p2b: Salamence|Air Slash|p1a: Dragonite
|-damage|p1a: Dragonite|83/100
|
|upkeep
|-message|Dametrix forfeited.
|
|win|jacre22
|raw|jacre22's rating: 1269 → 1293(+24 for winning)
|raw|Dametrix's rating: 1251 → 1227(-24 for losing)
|l|☆Dametrix
|player|p2|
