|j|☆ViivNZ
|j|☆Malumancer
|html|ViivNZMalumancer    
|uhtml|bestof|Game 1 of a best-of-3
|t:|1756453090
|gametype|doubles
|player|p1|ViivNZ|pokemaniac|
|player|p2|Malumancer|pryce|
|gen|9
|tier|[Gen 9] VGC 2025 Reg H (Bo3)
|rule|Species Clause: Limit one of each Pokémon
|rule|Item Clause: Limit 1 of each item
|clearpoke
|poke|p1|Drifblim, L50, F|
|poke|p1|Indeedee, L50, M|
|poke|p1|Volcarona, L50, F|
|poke|p1|Maushold-Four, L50|
|poke|p1|Sneasler, L50, F|
|poke|p1|Ursaluna-Bloodmoon, L50, M|
|poke|p2|Indeedee-F, L50, F|
|poke|p2|Torkoal, L50, M|
|poke|p2|Armarouge, L50, F|
|poke|p2|Ursaluna, L50, M|
|poke|p2|Gallade, L50, M|
|poke|p2|Hatterene, L50, F|
|teampreview|4
|showteam|p1|Drifblim||PsychicSeed|Unburden|Acrobatics,Tailwind,WillOWisp,StrengthSap|||F|||50|,,,,,Grass]Indeedee||FocusSash|PsychicSurge|ExpandingForce,TeraBlast,TrickRoom,Imprison|||M|||50|,,,,,Ground]Volcarona||Leftovers|FlameBody|HeatWave,TeraBlast,QuiverDance,Protect|||F|||50|,,,,,Fairy]Maushold-Four||WideLens|Technician|PopulationBomb,Taunt,FollowMe,Protect||||||50|,,,,,Normal]Sneasler||WhiteHerb|Unburden|CloseCombat,DireClaw,FakeOut,Protect|||F|||50|,,,,,Stellar]Ursaluna-Bloodmoon||LifeOrb|MindsEye|BloodMoon,HyperVoice,EarthPower,Protect|||M|||50|,,,,,Ground
|showteam|p2|Indeedee-F||SafetyGoggles|PsychicSurge|FollowMe,TrickRoom,DazzlingGleam,HelpingHand|||F|||50|,,,,,Fairy]Torkoal||ChoiceSpecs|Drought|Eruption,WeatherBall,EarthPower,ClearSmog|||M|||50|,,,,,Fire]Armarouge||LifeOrb|FlashFire|ExpandingForce,HeatWave,TrickRoom,EnergyBall|||F|||50|,,,,,Grass]Ursaluna||FlameOrb|Guts|Facade,HeadlongRush,Earthquake,Protect|||M|||50|,,,,,Ghost]Gallade||ClearAmulet|Sharpness|SacredSword,PsychoCut,WideGuard,TrickRoom|||M|||50|,,,,,Fire]Hatterene||CovertCloak|MagicBounce|ExpandingForce,DazzlingGleam,MysticalFire,TrickRoom|||F|||50|,,,,,Fire
|inactive|Battle timer is ON: inactive players will automatically lose when time's up. (requested by Malumancer)
|c|☆Malumancer|glhf
|inactive|Malumancer has 60 seconds left.
|inactive|Malumancer has 30 seconds left.
|
|t:|1756453151
|teamsize|p1|4
|teamsize|p2|4
|start
|switch|p1a: Indeedee|Indeedee, L50, M|100/100
|switch|p1b: Maushold|Maushold-Four, L50|100/100
|switch|p2a: Indeedee|Indeedee-F, L50, F|100/100
|switch|p2b: Hatterene|Hatterene, L50, F|100/100
|-fieldstart|move: Psychic Terrain|[from] ability: Psychic Surge|[of] p1a: Indeedee
|turn|1
|inactive|Malumancer has 30 seconds left.
|inactive|Malumancer has 20 seconds left.
|inactive|Malumancer has 15 seconds left.
|inactive|Malumancer has 10 seconds left.
|
|t:|1756453200
|move|p1b: Maushold|Population Bomb|p2b: Hatterene
|-damage|p2b: Hatterene|89/100
|-damage|p2b: Hatterene|76/100
|-damage|p2b: Hatterene|63/100
|-damage|p2b: Hatterene|50/100
|-damage|p2b: Hatterene|38/100
|-damage|p2b: Hatterene|25/100
|-damage|p2b: Hatterene|12/100
|-damage|p2b: Hatterene|0 fnt
|faint|p2b: Hatterene
|-hitcount|p2: Hatterene|8
|move|p1a: Indeedee|Imprison|p1a: Indeedee
|-start|p1a: Indeedee|move: Imprison
|move|p2a: Indeedee|Dazzling Gleam|p1a: Indeedee|[spread] p1a,p1b
|-damage|p1a: Indeedee|83/100
|-damage|p1b: Maushold|79/100
|
|upkeep
|
|t:|1756453206
|switch|p2b: Gallade|Gallade, L50, M|100/100
|turn|2
|
|t:|1756453222
|move|p2a: Indeedee|Follow Me|p2a: Indeedee
|-singleturn|p2a: Indeedee|move: Follow Me
|move|p1b: Maushold|Population Bomb|p2a: Indeedee
|-damage|p2a: Indeedee|89/100
|-damage|p2a: Indeedee|77/100
|-damage|p2a: Indeedee|66/100
|-damage|p2a: Indeedee|55/100
|-damage|p2a: Indeedee|45/100
|-damage|p2a: Indeedee|34/100
|-damage|p2a: Indeedee|23/100
|-damage|p2a: Indeedee|13/100
|-damage|p2a: Indeedee|3/100
|-damage|p2a: Indeedee|0 fnt
|faint|p2a: Indeedee
|-hitcount|p2: Indeedee|10
|move|p1a: Indeedee|Expanding Force|p2b: Gallade
|-damage|p2b: Gallade|35/100
|move|p2b: Gallade|Sacred Sword|p1b: Maushold
|-supereffective|p1b: Maushold
|-damage|p1b: Maushold|0 fnt
|faint|p1b: Maushold
|
|upkeep
|
|t:|1756453234
|switch|p1b: Drifblim|Drifblim, L50, F|100/100
|switch|p2a: Torkoal|Torkoal, L50, M|100/100
|-weather|SunnyDay|[from] ability: Drought|[of] p2a: Torkoal
|-enditem|p1b: Drifblim|Psychic Seed
|-boost|p1b: Drifblim|spd|1|[from] item: Psychic Seed
|turn|3
|
|t:|1756453244
|-terastallize|p1a: Indeedee|Ground
|-terastallize|p2a: Torkoal|Fire
|move|p2b: Gallade|Wide Guard|p2b: Gallade
|-singleturn|p2b: Gallade|Wide Guard
|move|p1b: Drifblim|Acrobatics|p2b: Gallade
|-supereffective|p2b: Gallade
|-damage|p2b: Gallade|0 fnt
|faint|p2b: Gallade
|move|p1a: Indeedee|Tera Blast|p2a: Torkoal|[anim] Tera Blast Ground
|-supereffective|p2a: Torkoal
|-damage|p2a: Torkoal|2/100
|move|p2a: Torkoal|Eruption|p1a: Indeedee|[spread] p1a,p1b
|-damage|p1a: Indeedee|82/100
|-damage|p1b: Drifblim|99/100
|
|-weather|SunnyDay|[upkeep]
|upkeep
|turn|4
|
|t:|1756453258
|move|p1b: Drifblim|Acrobatics|p2a: Torkoal
|-damage|p2a: Torkoal|0 fnt
|faint|p2a: Torkoal
|
|win|ViivNZ
||ViivNZ is ready for game 2.
||Malumancer is ready for game 2.
|uhtml|next|Next: Game 2 of 3
