|j|☆idontknow25
|j|☆Blitzball Ace
|html|idontknow25Blitzball Ace    
|uhtml|bestof|Game 2 of a best-of-3
|t:|1756140084
|gametype|doubles
|player|p1|idontknow25|benga|1162
|player|p2|Blitzball Ace|kamado-armor|1281
|gen|9
|tier|[Gen 9] VGC 2025 Reg H (Bo3)
|rated|
|rule|Species Clause: Limit one of each Pokémon
|rule|Item Clause: Limit 1 of each item
|clearpoke
|poke|p1|Sneasler, L50, F|
|poke|p1|Indeedee, L50, M|
|poke|p1|Volcarona, L50, F|
|poke|p1|Ursaluna-Bloodmoon, L50, M|
|poke|p1|Annihilape, L50, M|
|poke|p1|Tyranitar, L50, M|
|poke|p2|Garchomp, L50, M|
|poke|p2|Incineroar, L50, M|
|poke|p2|Sneasler, L50, M|
|poke|p2|Dragonite, L50, M|
|poke|p2|Amoonguss, L50, M|
|poke|p2|Pelipper, L50, F|
|teampreview|4
|showteam|p1|Sneasler||PsychicSeed|Unburden|CloseCombat,DireClaw,ThroatChop,Protect|||F|||50|,,,,,Dark]Indeedee||ChoiceScarf|PsychicSurge|ExpandingForce,TeraBlast,Trick,Protect|||M|||50|,,,,,Psychic]Volcarona||SitrusBerry|FlameBody|Overheat,StruggleBug,RagePowder,Tailwind|||F|||50|,,,,,Grass]Ursaluna-Bloodmoon||LifeOrb|MindsEye|BloodMoon,HyperVoice,EarthPower,Protect|||M|||50|,,,,,Normal]Annihilape||SafetyGoggles|Defiant|CloseCombat,RageFist,Taunt,FinalGambit|||M|||50|,,,,,Fairy]Tyranitar||AssaultVest|SandStream|RockSlide,KnockOff,TeraBlast,LowKick|||M|||50|,,,,,Flying
|showteam|p2|Garchomp||LifeOrb|RoughSkin|Earthquake,DragonClaw,StompingTantrum,Protect|||M|||50|,,,,,Ground]Incineroar||SafetyGoggles|Intimidate|FakeOut,FlareBlitz,KnockOff,PartingShot|||M|||50|,,,,,Ghost]Sneasler||FocusSash|Unburden|FakeOut,Coaching,DireClaw,CloseCombat|||M|||50|,,,,,Ghost]Dragonite||LoadedDice|InnerFocus|ScaleShot,Haze,Tailwind,Protect|||M|||50|,,,,,Fairy]Amoonguss||SitrusBerry|Regenerator|Spore,RagePowder,PollenPuff,Protect|||M|||50|,,,,,Water]Pelipper||CovertCloak|Drizzle|WeatherBall,Hurricane,Tailwind,WideGuard|||F|||50|,,,,,Stellar
|inactive|Battle timer is ON: inactive players will automatically lose when time's up. (requested by idontknow25)
|inactive|idontknow25 has 60 seconds left.
|inactive|Blitzball Ace has 60 seconds left.
|inactive|idontknow25 has 30 seconds left.
|
|t:|1756140155
|teamsize|p1|4
|teamsize|p2|4
|start
|switch|p1a: Indeedee|Indeedee, L50, M|100/100
|switch|p1b: Sneasler|Sneasler, L50, F|100/100
|switch|p2a: Kaladin|Garchomp, L50, M, shiny|100/100
|switch|p2b: Sneasler|Sneasler, L50, M|100/100
|-fieldstart|move: Psychic Terrain|[from] ability: Psychic Surge|[of] p1a: Indeedee
|-enditem|p1b: Sneasler|Psychic Seed
|-boost|p1b: Sneasler|spd|1|[from] item: Psychic Seed
|turn|1
|
|t:|1756140169
|-terastallize|p2a: Kaladin|Ground
|move|p1b: Sneasler|Close Combat|p2a: Kaladin
|-damage|p2a: Kaladin|25/100
|-unboost|p1b: Sneasler|def|1
|-unboost|p1b: Sneasler|spd|1
|-damage|p1b: Sneasler|88/100|[from] ability: Rough Skin|[of] p2a: Kaladin
|move|p1a: Indeedee|Expanding Force|p2b: Sneasler|[spread] p2a,p2b
|-supereffective|p2b: Sneasler
|-damage|p2a: Kaladin|0 fnt
|-enditem|p2b: Sneasler|Focus Sash
|-damage|p2b: Sneasler|1/100
|faint|p2a: Kaladin
|move|p2b: Sneasler|Coaching|p2: Kaladin|[notarget]
|-fail|p2b: Sneasler
|
|upkeep
|-message|Blitzball Ace forfeited.
|
|win|idontknow25
|raw|idontknow25's rating: 1162 → 1195(+33 for winning)
|raw|Blitzball Ace's rating: 1281 → 1248(-33 for losing)
