|j|☆garrman3
|j|☆Maybe ALTcom
|html|garrman3Maybe ALTcom    
|uhtml|bestof|Game 1 of a best-of-3
|t:|1757724808
|gametype|doubles
|player|p1|garrman3|fisherman-gen4|1340
|player|p2|Maybe ALTcom|101|1371
|gen|9
|tier|[Gen 9] VGC 2025 Reg H (Bo3)
|rated|
|rule|Species Clause: Limit one of each Pokémon
|rule|Item Clause: Limit 1 of each item
|clearpoke
|poke|p1|Annihilape, L50, M|
|poke|p1|Whimsicott, L50, M|
|poke|p1|Gholdengo, L50|
|poke|p1|Sneasler, L50, F|
|poke|p1|Ursaluna-Bloodmoon, L50, M|
|poke|p1|Dragonite, L50, M|
|poke|p2|Palafin, L50, F|
|poke|p2|Gholdengo, L50|
|poke|p2|Incineroar, L50, M|
|poke|p2|Rillaboom, L50, M|
|poke|p2|Pelipper, L50, F|
|poke|p2|Kingambit, L50, F|
|teampreview|4
|showteam|p1|Annihilape||ChoiceScarf|Defiant|FinalGambit,RageFist,Uturn,CloseCombat|||M|||50|,,,,,Grass]Whimsicott||CovertCloak|Prankster|BeatUp,Moonblast,Tailwind,FakeTears|||M|||50|,,,,,Fire]Gholdengo||ChoiceSpecs|GoodasGold|MakeItRain,ShadowBall,Trick,PowerGem||||||50|,,,,,Steel]Sneasler||FocusSash|PoisonTouch|DireClaw,Protect,CloseCombat,ThroatChop|||F|||50|,,,,,Dark]Ursaluna-Bloodmoon||LifeOrb|MindsEye|Protect,HyperVoice,BloodMoon,EarthPower|||M|||50|,,,,,Normal]Dragonite||LoadedDice|Multiscale|ScaleShot,LowKick,Haze,Protect|||M|||50|,,,,,Steel
|showteam|p2|Palafin||MysticWater|ZerotoHero|Protect,WaveCrash,JetPunch,CloseCombat|||F|||50|,,,,,Fighting]Gholdengo||ChoiceSpecs|GoodasGold|Trick,PowerGem,MakeItRain,ShadowBall||||||50|,,,,,Steel]Incineroar||SafetyGoggles|Intimidate|FakeOut,FlareBlitz,KnockOff,PartingShot|||M|||50|,,,,,Grass]Rillaboom||AssaultVest|GrassySurge|WoodHammer,HighHorsepower,GrassyGlide,FakeOut|||M|||50|,,,,,Fire]Pelipper||FocusSash|Drizzle|Protect,Tailwind,WeatherBall,Hurricane|||F|||50|,,,,,Ghost]Kingambit||BlackGlasses|Defiant|Protect,SwordsDance,KowtowCleave,SuckerPunch|||F|||50|,,,,,Dark
|inactive|Battle timer is ON: inactive players will automatically lose when time's up. (requested by garrman3)
|inactive|garrman3 has 60 seconds left.
|inactive|Maybe ALTcom has 60 seconds left.
|inactive|Maybe ALTcom has 30 seconds left.
|inactive|Maybe ALTcom has 20 seconds left.
|inactive|Maybe ALTcom has 15 seconds left.
|inactive|Maybe ALTcom has 10 seconds left.
|
|t:|1757724893
|teamsize|p1|4
|teamsize|p2|4
|start
|switch|p1a: fg ape|Annihilape, L50, M|100/100
|switch|p1b: Whimsicott|Whimsicott, L50, M|100/100
|switch|p2a: Gholdengo|Gholdengo, L50|100/100
|switch|p2b: Incineroar|Incineroar, L50, M|100/100
|-ability|p2b: Incineroar|Intimidate|boost
|-unboost|p1a: fg ape|atk|1
|-ability|p1a: fg ape|Defiant|boost
|-boost|p1a: fg ape|atk|2
|-unboost|p1b: Whimsicott|atk|1
|turn|1
|inactive|Maybe ALTcom has 30 seconds left.
|inactive|Maybe ALTcom has 20 seconds left.
|inactive|Maybe ALTcom has 15 seconds left.
|inactive|Maybe ALTcom has 10 seconds left.
|
|t:|1757724940
|switch|p2a: Pelipper|Pelipper, L50, F|100/100
|-weather|RainDance|[from] ability: Drizzle|[of] p2a: Pelipper
|move|p1b: Whimsicott|Beat Up|p1a: fg ape
|-damage|p1a: fg ape|99/100
|-damage|p1a: fg ape|98/100
|-damage|p1a: fg ape|96/100
|-damage|p1a: fg ape|94/100
|-hitcount|p1a: fg ape|4
|move|p1a: fg ape|Rage Fist|p2a: Pelipper
|-enditem|p2a: Pelipper|Focus Sash
|-damage|p2a: Pelipper|1/100
|move|p2b: Incineroar|Flare Blitz|p1a: fg ape
|-damage|p1a: fg ape|71/100
|-damage|p2b: Incineroar|93/100|[from] Recoil
|
|-weather|RainDance|[upkeep]
|upkeep
|turn|2
|inactive|Maybe ALTcom has 30 seconds left.
|inactive|Maybe ALTcom has 20 seconds left.
|inactive|Maybe ALTcom has 15 seconds left.
|inactive|Maybe ALTcom has 10 seconds left.
|inactive|Maybe ALTcom has 5 seconds left.
|-message|Maybe ALTcom forfeited.
|
|win|garrman3
|l|☆Maybe ALTcom
|player|p2|
||Maybe ALTcom is ready for game 2.
||garrman3 is ready for game 2.
|uhtml|next|Next: Game 2 of 3
