|j|☆chefo
|j|☆FOXING87
|html|chefoFOXING87    
|uhtml|bestof|Game 2 of a best-of-3
|t:|1784840281
|gametype|doubles
|player|p1|chefo|roxie|1044
|player|p2|FOXING87|steven|1000
|gen|9
|tier|[Gen 9 Champions] VGC 2026 Reg M-B (Bo3)
|rated|
|rule|Species Clause: Limit one of each Pokémon
|rule|Item Clause: Limit 1 of each item
|clearpoke
|poke|p1|Kingambit, L50, F|
|poke|p1|Basculegion, L50, M|
|poke|p1|Garchomp, L50, M|
|poke|p1|Charizard, L50, M|
|poke|p1|Whimsicott, L50, F|
|poke|p1|Floette-Eternal, L50, F|
|poke|p2|Raichu, L50, M, shiny|
|poke|p2|Incineroar, L50, M, shiny|
|poke|p2|Lucario, L50, M, shiny|
|poke|p2|Corviknight, L50, M, shiny|
|poke|p2|Farigiraf, L50, F, shiny|
|poke|p2|Runerigus, L50, F|
|teampreview|4
|showteam|p1|Kingambit||BlackGlasses|Defiant|SuckerPunch,KowtowCleave,Protect,IronHead|Adamant||F|||50|]Basculegion||MysticWater|Adaptability|LastRespects,AquaJet,WaveCrash,Protect|Adamant||M|||50|]Garchomp||LifeOrb|RoughSkin|DragonClaw,Earthquake,Protect,RockSlide|Jolly||M|||50|]Charizard||CharizarditeY|Blaze|Protect,HeatWave,WeatherBall,SolarBeam|Modest||M|||50|]Whimsicott||FocusSash|Prankster|Tailwind,Moonblast,Protect,Encore|Timid||F|||50|]Floette-Eternal||Floettite|FlowerVeil|DazzlingGleam,Moonblast,Protect,CalmMind|Timid||F|||50|
|showteam|p2|Raichu||RaichuniteY|Static|Protect,FakeOut,ZapCannon,DrainPunch|Lax||M|||50|]Incineroar||MuscleBand|Intimidate|Protect,FakeOut,FlareBlitz,DarkestLariat|Sassy||M|||50|]Lucario||Lucarionite|Steadfast|Protect,AuraSphere,FlashCannon,VacuumWave|Timid||M|||50|]Corviknight||Leftovers|Pressure|Roost,Protect,BodyPress,IronDefense|Bold||M|||50|]Farigiraf||SitrusBerry|ArmorTail|Protect,Psychic,HyperVoice,HelpingHand|Quiet||F|||50|]Runerigus||LifeOrb|WanderingSpirit|BodyPress,TrickRoom,Earthquake,ShadowClaw|Brave||F|||50|
|inactive|Battle timer is ON: inactive players will automatically lose when time's up. (requested by FOXING87)
|
|t:|1784840299
|teamsize|p1|4
|teamsize|p2|4
|start
|switch|p1a: Charizard|Charizard, L50, M|100/100
|switch|p1b: Whimsicott|Whimsicott, L50, F|100/100
|switch|p2a: Corviknight|Corviknight, L50, M, shiny|100/100
|switch|p2b: Lucario|Lucario, L50, M, shiny|100/100
|-ability|p2a: Corviknight|Pressure
|turn|1
|inactive|FOXING87 has 30 seconds left.
|inactive|FOXING87 has 20 seconds left.
|
|t:|1784840335
|switch|p2a: Raichu|Raichu, L50, M, shiny|100/100
|detailschange|p1a: Charizard|Charizard-Mega-Y, L50, M
|-mega|p1a: Charizard|Charizard|Charizardite Y
|-weather|SunnyDay|[from] ability: Drought|[of] p1a: Charizard
|move|p2b: Lucario|Protect|p2b: Lucario
|-singleturn|p2b: Lucario|Protect
|move|p1b: Whimsicott|Tailwind|p1b: Whimsicott
|-sidestart|p1: chefo|move: Tailwind
|move|p1a: Charizard|Heat Wave|p2b: Lucario|[spread] p2a
|-activate|p2b: Lucario|move: Protect
|-damage|p2a: Raichu|0 fnt
|faint|p2a: Raichu
|
|-weather|SunnyDay|[upkeep]
|upkeep
|
|t:|1784840348
|switch|p2a: Incineroar|Incineroar, L50, M, shiny|100/100
|-ability|p2a: Incineroar|Intimidate|boost
|-unboost|p1a: Charizard|atk|1
|-unboost|p1b: Whimsicott|atk|1
|turn|2
|inactive|chefo has 30 seconds left.
|
|t:|1784840379
|move|p2a: Incineroar|Fake Out|p1b: Whimsicott
|-damage|p1b: Whimsicott|81/100
|cant|p1b: Whimsicott|flinch
|move|p1a: Charizard|Weather Ball|p2b: Lucario
|-supereffective|p2b: Lucario|1
|-damage|p2b: Lucario|0 fnt
|faint|p2b: Lucario
|
|-weather|SunnyDay|[upkeep]
|upkeep
|-message|FOXING87 forfeited.
|
|win|chefo
|raw|chefo's rating: 1044 → 1073(+29 for winning)
|raw|FOXING87's rating: 1000 → 1000(+0 for losing)
|l|☆FOXING87
|player|p2|
