|j|☆INT Shinji
|j|☆Israelkuro
|html|INT ShinjiIsraelkuro    
|uhtml|bestof|Game 1 of a best-of-3
|t:|1757647988
|gametype|doubles
|player|p1|INT Shinji|hilbert|1307
|player|p2|Israelkuro|102|1209
|gen|9
|tier|[Gen 9] VGC 2025 Reg H (Bo3)
|rated|
|rule|Species Clause: Limit one of each Pokémon
|rule|Item Clause: Limit 1 of each item
|clearpoke
|poke|p1|Archaludon, L50, M|
|poke|p1|Maushold, L50|
|poke|p1|Annihilape, L50, M|
|poke|p1|Gholdengo, L50|
|poke|p1|Pelipper, L50, M|
|poke|p1|Sinistcha-Masterpiece, L50|
|poke|p2|Volcarona, L50, M|
|poke|p2|Rillaboom, L50, F|
|poke|p2|Kingambit, L50, M|
|poke|p2|Sneasler, L50, M|
|poke|p2|Electabuzz, L50, M|
|poke|p2|Primarina, L50, F|
|teampreview|4
|showteam|p1|Archaludon||AssaultVest|Stamina|ElectroShot,DracoMeteor,FlashCannon,BodyPress|||M|||50|,,,,,Bug]Maushold||WideLens|Technician|PopulationBomb,Protect,BeatUp,Taunt||||||50|,,,,,Ghost]Annihilape||SafetyGoggles|Defiant|CloseCombat,Taunt,RageFist,FinalGambit|||M|||50|,,,,,Fire]Gholdengo||ChoiceScarf|GoodasGold|MakeItRain,ShadowBall,Protect,Trick||||||50|,,,,,Water]Pelipper||FocusSash|Drizzle|MuddyWater,Hurricane,Tailwind,Protect|||M|||50|,,,,,Ghost]Sinistcha-Masterpiece||SitrusBerry|Hospitality|MatchaGotcha,LifeDew,RagePowder,TrickRoom||||||50|,,,,,Dark
|showteam|p2|Volcarona||GrassySeed|FlameBody|QuiverDance,HeatWave,GigaDrain,Protect|||M|||50|,,,,,Grass]Rillaboom||AssaultVest|GrassySurge|GrassyGlide,WoodHammer,Uturn,FakeOut|||F|||50|,,,,,Fire]Kingambit||BlackGlasses|Defiant|KowtowCleave,SuckerPunch,SwordsDance,Protect|||M|||50|,,,,,Dark]Sneasler||FocusSash|PoisonTouch|FakeOut,DireClaw,CloseCombat,Protect|||M|||50|,,,,,Stellar]Electabuzz||Eviolite|VitalSpirit|FollowMe,Taunt,Thunderbolt,Protect|||M|||50|,,,,,Ghost]Primarina||SitrusBerry|LiquidVoice|Moonblast,HyperVoice,Haze,Protect|||F|||50|,,,,,Steel
|inactive|Battle timer is ON: inactive players will automatically lose when time's up. (requested by Israelkuro)
|inactive|INT Shinji has 60 seconds left.
|inactive|Israelkuro has 60 seconds left.
|
|t:|1757648030
|teamsize|p1|4
|teamsize|p2|4
|start
|switch|p1a: Maushold|Maushold, L50|100/100
|switch|p1b: Annihilape|Annihilape, L50, M|100/100
|switch|p2a: Majestade|Kingambit, L50, M|100/100
|switch|p2b: Electabuzz|Electabuzz, L50, M, shiny|100/100
|turn|1
|
|t:|1757648057
|move|p2b: Electabuzz|Follow Me|p2b: Electabuzz
|-singleturn|p2b: Electabuzz|move: Follow Me
|move|p1a: Maushold|Taunt|p2b: Electabuzz
|-start|p2b: Electabuzz|move: Taunt
|move|p1b: Annihilape|Taunt||[still]
|-fail|p1b: Annihilape
|move|p2a: Majestade|Swords Dance|p2a: Majestade
|-boost|p2a: Majestade|atk|2
|
|upkeep
|turn|2
|
|t:|1757648076
|switch|p1b: Archaludon|Archaludon, L50, M|100/100
|-terastallize|p2a: Majestade|Dark
|move|p2a: Majestade|Sucker Punch||[still]
|-fail|p2a: Majestade
|move|p1a: Maushold|Beat Up|p1b: Archaludon
|-damage|p1b: Archaludon|97/100
|-ability|p1b: Archaludon|Stamina|boost
|-boost|p1b: Archaludon|def|1
|-crit|p1b: Archaludon
|-damage|p1b: Archaludon|91/100
|-ability|p1b: Archaludon|Stamina|boost
|-boost|p1b: Archaludon|def|1
|-damage|p1b: Archaludon|88/100
|-ability|p1b: Archaludon|Stamina|boost
|-boost|p1b: Archaludon|def|1
|-damage|p1b: Archaludon|86/100
|-ability|p1b: Archaludon|Stamina|boost
|-boost|p1b: Archaludon|def|1
|-hitcount|p1b: Archaludon|4
|move|p2b: Electabuzz|Thunderbolt|p1a: Maushold
|-damage|p1a: Maushold|56/100
|
|upkeep
|turn|3
|
|t:|1757648106
|move|p2a: Majestade|Protect|p2a: Majestade
|-singleturn|p2a: Majestade|Protect
|move|p1a: Maushold|Taunt|p2a: Majestade
|-activate|p2a: Majestade|move: Protect
|move|p1b: Archaludon|Body Press|p2a: Majestade
|-activate|p2a: Majestade|move: Protect
|move|p2b: Electabuzz|Thunderbolt|p1a: Maushold
|-damage|p1a: Maushold|12/100
|
|upkeep
|turn|4
|
|t:|1757648121
|move|p1a: Maushold|Protect|p1a: Maushold
|-singleturn|p1a: Maushold|Protect
|move|p1b: Archaludon|Body Press|p2a: Majestade
|-supereffective|p2a: Majestade
|-damage|p2a: Majestade|0 fnt
|faint|p2a: Majestade
|move|p2b: Electabuzz|Thunderbolt|p1a: Maushold
|-activate|p1a: Maushold|move: Protect
|
|-end|p2b: Electabuzz|move: Taunt
|upkeep
|-message|Israelkuro forfeited.
|
|win|INT Shinji
|l|☆Israelkuro
|player|p2|
||Israelkuro is ready for game 2.
||INT Shinji is ready for game 2.
|uhtml|next|Next: Game 2 of 3
