|j|☆el_frolo
|j|☆DonnyBoy766
|html|el_froloDonnyBoy766    
|uhtml|bestof|Game 2 of a best-of-3
|t:|1756327143
|gametype|doubles
|player|p1|el_frolo|265|1172
|player|p2|DonnyBoy766|fisherman-gen4|1050
|gen|9
|tier|[Gen 9] VGC 2025 Reg H (Bo3)
|rated|
|rule|Species Clause: Limit one of each Pokémon
|rule|Item Clause: Limit 1 of each item
|clearpoke
|poke|p1|Gholdengo, L50|
|poke|p1|Incineroar, L50, F|
|poke|p1|Amoonguss, L50, F|
|poke|p1|Porygon2, L50|
|poke|p1|Ursaluna, L50, M|
|poke|p1|Dragonite, L50, M|
|poke|p2|Tyranitar, L50, M|
|poke|p2|Corviknight, L50, M|
|poke|p2|Ursaluna-Bloodmoon, L50, M|
|poke|p2|Annihilape, L50, M|
|poke|p2|Indeedee, L50, M|
|poke|p2|Sneasler, L50, F|
|teampreview|4
|showteam|p1|Gholdengo||LifeOrb|GoodasGold|MakeItRain,ShadowBall,NastyPlot,Protect||||||50|,,,,,Water]Incineroar||SafetyGoggles|Intimidate|KnockOff,FlareBlitz,FakeOut,PartingShot|||F|||50|,,,,,Ghost]Amoonguss||CovertCloak|Regenerator|RagePowder,PollenPuff,Protect,Spore|||F|||50|,,,,,Dark]Porygon2||Eviolite|Download|TeraBlast,IceBeam,TrickRoom,Recover||||||50|,,,,,Fighting]Ursaluna||FlameOrb|Guts|Facade,Earthquake,HeadlongRush,Protect|||M|||50|,,,,,Ghost]Dragonite||LoadedDice|Multiscale|ScaleShot,Tailwind,Protect,Haze|||M|||50|,,,,,Fairy
|showteam|p2|Tyranitar||AssaultVest|SandStream|KnockOff,TeraBlast,LowKick,RockSlide|||M|||50|,,,,,Flying]Corviknight||CovertCloak|MirrorArmor|BraveBird,BulkUp,Roost,Tailwind|||M|||50|,,,,,Fire]Ursaluna-Bloodmoon||LifeOrb|MindsEye|BloodMoon,HyperVoice,EarthPower,Protect|||M|||50|,,,,,Normal]Annihilape||SafetyGoggles|Defiant|CloseCombat,RageFist,Taunt,Protect|||M|||50|,,,,,Fire]Indeedee||ChoiceScarf|PsychicSurge|ExpandingForce,TeraBlast,Trick,Protect|||M|||50|,,,,,Psychic]Sneasler||PsychicSeed|Unburden|CloseCombat,DireClaw,ThroatChop,Protect|||F|||50|,,,,,Dark
|l|☆el_frolo
|player|p1|
|j|☆el_frolo
|player|p1|el_frolo|265|
|
|t:|1756327184
|teamsize|p1|4
|teamsize|p2|4
|start
|switch|p1a: Dragonite|Dragonite, L50, M|100/100
|switch|p1b: Amoonguss|Amoonguss, L50, F|100/100
|switch|p2a: Tyranitar|Tyranitar, L50, M|100/100
|switch|p2b: Ursaluna|Ursaluna-Bloodmoon, L50, M|100/100
|-weather|Sandstorm|[from] ability: Sand Stream|[of] p2a: Tyranitar
|turn|1
|
|t:|1756327206
|-terastallize|p2b: Ursaluna|Normal
|move|p1b: Amoonguss|Rage Powder|p1b: Amoonguss
|-singleturn|p1b: Amoonguss|move: Rage Powder
|move|p1a: Dragonite|Scale Shot|p2a: Tyranitar|[miss]
|-miss|p1a: Dragonite|p2a: Tyranitar
|move|p2a: Tyranitar|Low Kick|p1b: Amoonguss
|-resisted|p1b: Amoonguss
|-damage|p1b: Amoonguss|95/100
|move|p2b: Ursaluna|Hyper Voice|p1a: Dragonite|[spread] p1a,p1b
|-damage|p1a: Dragonite|67/100
|-damage|p1b: Amoonguss|34/100
|-damage|p2b: Ursaluna|91/100|[from] item: Life Orb
|
|-weather|Sandstorm|[upkeep]
|-damage|p1a: Dragonite|61/100|[from] Sandstorm
|-damage|p2b: Ursaluna|85/100|[from] Sandstorm
|-damage|p1b: Amoonguss|28/100|[from] Sandstorm
|upkeep
|turn|2
|
|t:|1756327228
|switch|p1b: Porygon2|Porygon2, L50|100/100
|-ability|p1b: Porygon2|Download|boost
|-boost|p1b: Porygon2|spa|1
|move|p1a: Dragonite|Scale Shot|p2b: Ursaluna|[miss]
|-miss|p1a: Dragonite|p2b: Ursaluna
|move|p2a: Tyranitar|Low Kick|p1a: Dragonite
|-resisted|p1a: Dragonite
|-damage|p1a: Dragonite|37/100
|move|p2b: Ursaluna|Hyper Voice|p1a: Dragonite|[spread] p1a,p1b
|-crit|p1b: Porygon2
|-damage|p1a: Dragonite|0 fnt
|-damage|p1b: Porygon2|34/100
|faint|p1a: Dragonite
|-damage|p2b: Ursaluna|75/100|[from] item: Life Orb
|
|-weather|Sandstorm|[upkeep]
|-damage|p2b: Ursaluna|69/100|[from] Sandstorm
|-damage|p1b: Porygon2|28/100|[from] Sandstorm
|upkeep
|
|t:|1756327234
|switch|p1a: Amoonguss|Amoonguss, L50, F|61/100
|turn|3
|
|t:|1756327256
|-terastallize|p1b: Porygon2|Fighting
|move|p2a: Tyranitar|Knock Off|p1b: Porygon2
|-resisted|p1b: Porygon2
|-damage|p1b: Porygon2|12/100
|-enditem|p1b: Porygon2|Eviolite|[from] move: Knock Off|[of] p2a: Tyranitar
|move|p2b: Ursaluna|Earth Power|p1a: Amoonguss
|-damage|p1a: Amoonguss|4/100
|-damage|p2b: Ursaluna|60/100|[from] item: Life Orb
|move|p1b: Porygon2|Tera Blast|p2b: Ursaluna|[anim] Tera Blast Fighting
|-supereffective|p2b: Ursaluna
|-damage|p2b: Ursaluna|0 fnt
|faint|p2b: Ursaluna
|move|p1a: Amoonguss|Pollen Puff|p1b: Porygon2
|-heal|p1b: Porygon2|62/100
|
|-weather|Sandstorm|[upkeep]
|-damage|p1b: Porygon2|56/100|[from] Sandstorm
|-damage|p1a: Amoonguss|0 fnt|[from] Sandstorm
|faint|p1a: Amoonguss
|upkeep
|
|t:|1756327275
|switch|p2b: Indeedee|Indeedee, L50, M|100/100
|switch|p1a: Ursaluna|Ursaluna, L50, M|100/100
|-fieldstart|move: Psychic Terrain|[from] ability: Psychic Surge|[of] p2b: Indeedee
|turn|4
|
|t:|1756327291
|switch|p2a: Sneasler|Sneasler, L50, F|100/100
|-enditem|p2a: Sneasler|Psychic Seed
|-boost|p2a: Sneasler|spd|1|[from] item: Psychic Seed
|move|p2b: Indeedee|Expanding Force|p1a: Ursaluna|[spread] p1a,p1b
|-supereffective|p1b: Porygon2
|-damage|p1a: Ursaluna|46/100
|-damage|p1b: Porygon2|0 fnt
|faint|p1b: Porygon2
|move|p1a: Ursaluna|Headlong Rush|p2a: Sneasler
|-supereffective|p2a: Sneasler
|-crit|p2a: Sneasler
|-damage|p2a: Sneasler|0 fnt
|-unboost|p1a: Ursaluna|def|1
|-unboost|p1a: Ursaluna|spd|1
|faint|p2a: Sneasler
|
|-weather|Sandstorm|[upkeep]
|-damage|p2b: Indeedee|95/100|[from] Sandstorm
|-status|p1a: Ursaluna|brn|[from] item: Flame Orb
|upkeep
|-message|el_frolo forfeited.
|
|win|DonnyBoy766
|raw|el_frolo's rating: 1172 → 1139(-33 for losing)
|raw|DonnyBoy766's rating: 1050 → 1093(+43 for winning)
|l|☆el_frolo
|player|p1|
|c|☆DonnyBoy766|ggs
