|j|☆Chochito Pelao
|j|☆magicalarcher57
|html|Chochito Pelaomagicalarcher57    
|uhtml|bestof|Game 1 of a best-of-3
|t:|1784704978
|gametype|doubles
|player|p1|Chochito Pelao|striker|1110
|player|p2|magicalarcher57|clair|1203
|gen|9
|tier|[Gen 9 Champions] VGC 2026 Reg M-B (Bo3)
|rated|
|rule|Species Clause: Limit one of each Pokémon
|rule|Item Clause: Limit 1 of each item
|clearpoke
|poke|p1|Floette-Eternal, L50, F|
|poke|p1|Incineroar, L50, M|
|poke|p1|Sinistcha-Masterpiece, L50, shiny|
|poke|p1|Aerodactyl, L50, F|
|poke|p1|Kingambit, L50, M|
|poke|p1|Garchomp, L50, M|
|poke|p2|Garchomp, L50, M|
|poke|p2|Kingambit, L50, M|
|poke|p2|Vanilluxe, L50, F|
|poke|p2|Aerodactyl, L50, M|
|poke|p2|Sneasler, L50, M|
|poke|p2|Gardevoir, L50, F|
|teampreview|4
|showteam|p1|Floette-Eternal||Floettite|FlowerVeil|Moonblast,DazzlingGleam,CalmMind,Protect|Modest||F|||50|]Incineroar||SitrusBerry|Intimidate|FakeOut,PartingShot,ThroatChop,FlareBlitz|Careful||M|||50|]Sinistcha-Masterpiece||Leftovers|Hospitality|MatchaGotcha,TrickRoom,RagePowder,Protect|Bold|||||50|]Aerodactyl||Aerodactylite|Unnerve|IceFang,RockSlide,Tailwind,DualWingbeat|Jolly||F|||50|]Kingambit||FocusSash|Defiant|IronHead,SuckerPunch,KowtowCleave,LowKick|Adamant||M|||50|]Garchomp||LifeOrb|RoughSkin|Protect,DragonClaw,Earthquake,RockSlide|Jolly||M|||50|
|showteam|p2|Garchomp||LifeOrb|RoughSkin|Earthquake,DragonClaw,StompingTantrum,Protect|Jolly||M|||50|]Kingambit||BlackGlasses|Defiant|KowtowCleave,SuckerPunch,Protect,IronHead|Adamant||M|||50|]Vanilluxe||ChoiceScarf|SnowWarning|Blizzard,FreezeDry,WeatherBall,IcyWind|Modest||F|||50|]Aerodactyl||Aerodactylite|Unnerve|DualWingbeat,RockSlide,Tailwind,Protect|Jolly||M|||50|]Sneasler||FocusSash|Unburden|FakeOut,CloseCombat,DireClaw,Protect|Adamant||M|||50|]Gardevoir||Gardevoirite|Trace|HyperVoice,Psychic,TrickRoom,Protect|Modest||F|||50|
|inactive|Battle timer is ON: inactive players will automatically lose when time's up. (requested by magicalarcher57)
|inactive|Chochito Pelao has 60 seconds left.
|inactive|Chochito Pelao has 30 seconds left.
|inactive|Chochito Pelao has 20 seconds left.
|
|t:|1784705053
|teamsize|p1|4
|teamsize|p2|4
|start
|switch|p1a: Aerodactyl|Aerodactyl, L50, F|100/100
|switch|p1b: Garchomp|Garchomp, L50, M|100/100
|switch|p2a: Sneasler|Sneasler, L50, M|100/100
|switch|p2b: Aerodactyl|Aerodactyl, L50, M|100/100
|-ability|p1a: Aerodactyl|Unnerve
|-ability|p2b: Aerodactyl|Unnerve
|turn|1
|
|t:|1784705070
|move|p2a: Sneasler|Fake Out|p1a: Aerodactyl
|-resisted|p1a: Aerodactyl|1
|-damage|p1a: Aerodactyl|89/100
|move|p2b: Aerodactyl|Tailwind|p2b: Aerodactyl
|-sidestart|p2: magicalarcher57|move: Tailwind
|cant|p1a: Aerodactyl|flinch
|move|p1b: Garchomp|Rock Slide|p2a: Sneasler|[spread] p2a,p2b
|-resisted|p2a: Sneasler|1
|-supereffective|p2b: Aerodactyl|1
|-damage|p2a: Sneasler|80/100
|-damage|p2b: Aerodactyl|17/100
|-damage|p1b: Garchomp|90/100|[from] item: Life Orb
|
|upkeep
|turn|2
|
|t:|1784705085
|move|p2b: Aerodactyl|Rock Slide|p1b: Garchomp|[spread] p1a,p1b
|-supereffective|p1a: Aerodactyl|1
|-resisted|p1b: Garchomp|1
|-damage|p1a: Aerodactyl|24/100
|-damage|p1b: Garchomp|79/100
|move|p2a: Sneasler|Close Combat|p1a: Aerodactyl
|-damage|p1a: Aerodactyl|0 fnt
|-unboost|p2a: Sneasler|def|1
|-unboost|p2a: Sneasler|spd|1
|faint|p1a: Aerodactyl
|move|p1b: Garchomp|Earthquake|p2a: Sneasler|[spread] p2a
|-immune|p2b: Aerodactyl
|-supereffective|p2a: Sneasler|1
|-damage|p2a: Sneasler|0 fnt
|faint|p2a: Sneasler
|-damage|p1b: Garchomp|69/100|[from] item: Life Orb
|
|upkeep
|
|t:|1784705097
|switch|p1a: Floette|Floette-Eternal, L50, F|100/100
|switch|p2a: Gardevoir|Gardevoir, L50, F|100/100
|-ability|p2a: Gardevoir|Rough Skin|Trace|[from] ability: Trace|[of] p1b: Garchomp
|turn|3
|inactive|Chochito Pelao has 30 seconds left.
|l|☆magicalarcher57
|inactive|magicalarcher57 disconnected and has a minute to reconnect!
|player|p2|
|
|t:|1784705129
|detailschange|p2a: Gardevoir|Gardevoir-Mega, L50, F
|-mega|p2a: Gardevoir|Gardevoir|Gardevoirite
|move|p1b: Garchomp|Protect|p1b: Garchomp
|-singleturn|p1b: Garchomp|Protect
|move|p2b: Aerodactyl|Dual Wingbeat|p1a: Floette
|-damage|p1a: Floette|78/100
|-damage|p1a: Floette|58/100
|-hitcount|p1a: Floette|2
|move|p2a: Gardevoir|Hyper Voice|p1a: Floette|[spread] p1a
|-activate|p1b: Garchomp|move: Protect
|-damage|p1a: Floette|12/100
|move|p1a: Floette|Dazzling Gleam|p2a: Gardevoir|[spread] p2a,p2b
|-damage|p2a: Gardevoir|73/100
|-damage|p2b: Aerodactyl|0 fnt
|faint|p2b: Aerodactyl
|
|upkeep
|inactive|magicalarcher57 has 30 seconds left.
|inactive|magicalarcher57 has 20 seconds left.
|inactive|magicalarcher57 has 15 seconds left.
|inactive|magicalarcher57 has 10 seconds left.
|inactive|magicalarcher57 has 5 seconds left.
|-message|magicalarcher57 lost due to inactivity.
|
|win|Chochito Pelao
||Chochito Pelao is ready for game 2.
|j|☆magicalarcher57
|player|p2|magicalarcher57|clair|
|inactive|magicalarcher57 has 30 seconds to confirm battle start!
||magicalarcher57 is ready for game 2.
|uhtml|next|Next: Game 2 of 3
|l|☆magicalarcher57
|player|p2|
