|j|☆syshj
|html|syshjGogo's Crazy Bones    
|uhtml|bestof|Game 2 of a best-of-3
|t:|1783957732
|gametype|doubles
|player|p1|syshj|dawn|1167
|player|p2|Gogo's Crazy Bones|galacticgruntf|1183
|gen|9
|tier|[Gen 9 Champions] VGC 2026 Reg M-B (Bo3)
|rated|
|rule|Species Clause: Limit one of each Pokémon
|rule|Item Clause: Limit 1 of each item
|clearpoke
|poke|p1|Blastoise, L50, F|
|poke|p1|Delphox, L50, F|
|poke|p1|Incineroar, L50, F|
|poke|p1|Sinistcha, L50|
|poke|p1|Kingambit, L50, F|
|poke|p1|Sneasler, L50, F|
|poke|p2|Sneasler, L50, M|
|poke|p2|Blastoise, L50, M|
|poke|p2|Kingambit, L50, M|
|poke|p2|Incineroar, L50, M|
|poke|p2|Delphox, L50, F|
|poke|p2|Sinistcha, L50|
|teampreview|4
|showteam|p1|Blastoise||Blastoisinite|RainDish|WaterSpout,DarkPulse,ShellSmash,Protect|Modest||F|||50|]Delphox||Delphoxite|Blaze|HeatWave,Psychic,NastyPlot,Protect|Modest||F|||50|]Incineroar||SitrusBerry|Intimidate|FlareBlitz,HelpingHand,PartingShot,FakeOut|Careful||F|||50|]Sinistcha||ColburBerry|Hospitality|MatchaGotcha,RagePowder,TrickRoom,Protect|Calm|||||50|]Kingambit||LifeOrb|Defiant|KowtowCleave,SuckerPunch,SwordsDance,Protect|Adamant||F|||50|]Sneasler||FocusSash|PoisonTouch|CloseCombat,DireClaw,FakeOut,RockTomb|Jolly||F|||50|
|showteam|p2|Sneasler||FocusSash|PoisonTouch|PoisonJab,CloseCombat,FakeOut,QuickGuard|Jolly||M|||50|]Blastoise||Blastoisinite|RainDish|DarkPulse,WaterSpout,ShellSmash,Protect|Modest||M|||50|]Kingambit||BlackGlasses|Defiant|KowtowCleave,SuckerPunch,SwordsDance,Protect|Adamant||M|||50|]Incineroar||SitrusBerry|Intimidate|FlareBlitz,HelpingHand,PartingShot,FakeOut|Careful||M|||50|]Delphox||Delphoxite|Blaze|HeatWave,NastyPlot,Psyshock,Protect|Modest||F|||50|]Sinistcha||KasibBerry|Hospitality|MatchaGotcha,RagePowder,TrickRoom,Protect|Bold|||||50|
|inactive|Battle timer is ON: inactive players will automatically lose when time's up. (requested by syshj)
|inactive|Gogo's Crazy Bones disconnected and has a minute to reconnect!
|j|☆Gogo's Crazy Bones
|inactive|Gogo's Crazy Bones reconnected and has 90 seconds left.
|player|p2|Gogo's Crazy Bones|galacticgruntf|
|inactive|Gogo's Crazy Bones has 60 seconds left.
|
|t:|1783957792
|teamsize|p1|4
|teamsize|p2|4
|start
|switch|p1a: Blastoise|Blastoise, L50, F|100/100
|switch|p1b: Sneasler|Sneasler, L50, F|100/100
|switch|p2a: Sneasler|Sneasler, L50, M|100/100
|switch|p2b: Delphox|Delphox, L50, F|100/100
|turn|1
|inactive|syshj has 30 seconds left.
|inactive|syshj has 20 seconds left.
|inactive|syshj has 15 seconds left.
|inactive|syshj has 10 seconds left.
|
|t:|1783957847
|detailschange|p2b: Delphox|Delphox-Mega, L50, F
|-mega|p2b: Delphox|Delphox|Delphoxite
|detailschange|p1a: Blastoise|Blastoise-Mega, L50, F
|-mega|p1a: Blastoise|Blastoise|Blastoisinite
|move|p2a: Sneasler|Fake Out|p1a: Blastoise
|-damage|p1a: Blastoise|85/100
|move|p1b: Sneasler|Rock Tomb|p2b: Delphox
|-supereffective|p2b: Delphox|1
|-damage|p2b: Delphox|45/100
|-unboost|p2b: Delphox|spe|1
|cant|p1a: Blastoise|flinch
|move|p2b: Delphox|Nasty Plot|p2b: Delphox
|-boost|p2b: Delphox|spa|2
|
|upkeep
|turn|2
|inactive|syshj has 30 seconds left.
|inactive|Gogo's Crazy Bones has 30 seconds left.
|inactive|syshj has 20 seconds left.
|inactive|syshj has 15 seconds left.
|
|t:|1783957887
|switch|p2a: Sinistcha|Sinistcha, L50|100/100
|-heal|p2b: Delphox|70/100|[from] ability: Hospitality|[of] p2a: Sinistcha
|move|p2b: Delphox|Protect|p2b: Delphox
|-singleturn|p2b: Delphox|Protect
|move|p1b: Sneasler|Close Combat|p2b: Delphox
|-activate|p2b: Delphox|move: Protect
|move|p1a: Blastoise|Water Spout|p2b: Delphox|[spread] p2a
|-activate|p2b: Delphox|move: Protect
|-resisted|p2a: Sinistcha|1
|-damage|p2a: Sinistcha|76/100
|
|upkeep
|turn|3
|
|t:|1783957912
|move|p2a: Sinistcha|Rage Powder|p2a: Sinistcha
|-singleturn|p2a: Sinistcha|move: Rage Powder
|move|p1b: Sneasler|Dire Claw|p2a: Sinistcha
|-damage|p2a: Sinistcha|42/100
|move|p1a: Blastoise|Shell Smash|p1a: Blastoise
|-unboost|p1a: Blastoise|def|1
|-unboost|p1a: Blastoise|spd|1
|-boost|p1a: Blastoise|atk|2
|-boost|p1a: Blastoise|spa|2
|-boost|p1a: Blastoise|spe|2
|move|p2b: Delphox|Psyshock|p1a: Blastoise
|-damage|p1a: Blastoise|0 fnt
|faint|p1a: Blastoise
|
|upkeep
|
|t:|1783957914
|switch|p1a: Kingambit|Kingambit, L50, F|100/100
|turn|4
|-message|syshj forfeited.
|
|win|Gogo's Crazy Bones
||Gogo's Crazy Bones is ready for game 3.
