|j|☆breloomb01
|j|☆scafato92
|html|breloomb01scafato92    
|uhtml|bestof|Game 1 of a best-of-3
|t:|1784737273
|gametype|doubles
|player|p1|breloomb01|roughneck|1215
|player|p2|scafato92|170|1259
|gen|9
|tier|[Gen 9 Champions] VGC 2026 Reg M-B (Bo3)
|rated|
|rule|Species Clause: Limit one of each Pokémon
|rule|Item Clause: Limit 1 of each item
|clearpoke
|poke|p1|Swampert, L50, M, shiny|
|poke|p1|Archaludon, L50, F, shiny|
|poke|p1|Venusaur, L50, F|
|poke|p1|Pelipper, L50, F|
|poke|p1|Grimmsnarl, L50, M|
|poke|p1|Vivillon, L50, M|
|poke|p2|Garchomp, L50, M|
|poke|p2|Venusaur, L50, M|
|poke|p2|Incineroar, L50, M|
|poke|p2|Charizard, L50, M|
|poke|p2|Toxapex, L50, F|
|poke|p2|Annihilape, L50, M|
|teampreview|4
|showteam|p1|Swampert||Swampertite|Torrent|WaveCrash,Earthquake,IcePunch,Protect|Adamant||M|||50|]Archaludon||Leftovers|Stamina|DragonPulse,FlashCannon,ElectroShot,Protect|Bold||F|||50|]Venusaur||Venusaurite|Chlorophyll|SludgeBomb,GigaDrain,EarthPower,Protect|Modest||F|||50|]Pelipper||SitrusBerry|Drizzle|WeatherBall,WideGuard,Tailwind,Hurricane|Modest||F|||50|]Grimmsnarl||LightClay|Prankster|FoulPlay,PartingShot,Reflect,LightScreen|Calm||M|||50|]Vivillon||FocusSash|CompoundEyes|Hurricane,SleepPowder,RagePowder,Protect|Timid||M|||50|
|showteam|p2|Garchomp||ChoiceScarf|RoughSkin|Earthquake,DragonClaw,StompingTantrum,RockSlide|Adamant||M|||50|]Venusaur||LifeOrb|Chlorophyll|SolarBeam,SludgeBomb,EarthPower,Protect|Modest||M|||50|]Incineroar||SitrusBerry|Intimidate|FlareBlitz,ThroatChop,FakeOut,PartingShot|Impish||M|||50|]Charizard||CharizarditeY|Blaze|HeatWave,WeatherBall,HelpingHand,Protect|Modest||M|||50|]Toxapex||Leftovers|Regenerator|Infestation,Toxic,WideGuard,BanefulBunker|Bold||F|||50|]Annihilape||FocusSash|Defiant|CloseCombat,PhantomForce,RockTomb,Protect|Jolly||M|||50|
|inactive|Battle timer is ON: inactive players will automatically lose when time's up. (requested by scafato92)
|
|t:|1784737298
|teamsize|p1|4
|teamsize|p2|4
|start
|switch|p1a: Swampert|Swampert, L50, M, shiny|100/100
|switch|p1b: Grimmsnarl|Grimmsnarl, L50, M|100/100
|switch|p2a: Charizard|Charizard, L50, M|100/100
|switch|p2b: Venusaur|Venusaur, L50, M|100/100
|turn|1
|
|t:|1784737310
|detailschange|p1a: Swampert|Swampert-Mega, L50, M, shiny
|-mega|p1a: Swampert|Swampert|Swampertite
|move|p2a: Charizard|Protect|p2a: Charizard
|-singleturn|p2a: Charizard|Protect
|move|p1a: Swampert|Protect|p1a: Swampert
|-singleturn|p1a: Swampert|Protect
|move|p1b: Grimmsnarl|Light Screen|p1b: Grimmsnarl
|-sidestart|p1: breloomb01|move: Light Screen
|move|p2b: Venusaur|Sludge Bomb|p1b: Grimmsnarl
|-supereffective|p1b: Grimmsnarl|1
|-damage|p1b: Grimmsnarl|35/100
|-status|p1b: Grimmsnarl|psn
|-damage|p2b: Venusaur|90/100|[from] item: Life Orb
|
|-damage|p1b: Grimmsnarl|22/100 psn|[from] psn
|upkeep
|turn|2
|
|t:|1784737334
|switch|p2a: Incineroar|Incineroar, L50, M|100/100
|-ability|p2a: Incineroar|Intimidate|boost
|-unboost|p1a: Swampert|atk|1
|-unboost|p1b: Grimmsnarl|atk|1
|move|p1b: Grimmsnarl|Parting Shot|p2b: Venusaur
|-unboost|p2b: Venusaur|atk|1
|-unboost|p2b: Venusaur|spa|1
|
|t:|1784737338
|switch|p1b: Pelipper|Pelipper, L50, F|100/100|[from] Parting Shot
|-weather|RainDance|[from] ability: Drizzle|[of] p1b: Pelipper
|move|p1a: Swampert|Wave Crash|p2a: Incineroar
|-supereffective|p2a: Incineroar|1
|-crit|p2a: Incineroar
|-damage|p2a: Incineroar|0 fnt
|faint|p2a: Incineroar
|-damage|p1a: Swampert|63/100|[from] Recoil
|move|p2b: Venusaur|Sludge Bomb|p1b: Pelipper
|-damage|p1b: Pelipper|65/100
|-damage|p2b: Venusaur|81/100|[from] item: Life Orb
|
|-weather|RainDance|[upkeep]
|upkeep
|
|t:|1784737357
|switch|p2a: Charizard|Charizard, L50, M|100/100
|turn|3
|
|t:|1784737370
|switch|p1b: Grimmsnarl|Grimmsnarl, L50, M|22/100 psn
|detailschange|p2a: Charizard|Charizard-Mega-Y, L50, M
|-mega|p2a: Charizard|Charizard|Charizardite Y
|-weather|SunnyDay|[from] ability: Drought|[of] p2a: Charizard
|move|p1a: Swampert|Protect|p1a: Swampert
|-singleturn|p1a: Swampert|Protect
|move|p2b: Venusaur|Solar Beam||[still]
|-prepare|p2b: Venusaur|Solar Beam
|-anim|p2b: Venusaur|Solar Beam|p1a: Swampert
|-activate|p1a: Swampert|move: Protect
|move|p2a: Charizard|Heat Wave|p1a: Swampert|[spread] p1b
|-activate|p1a: Swampert|move: Protect
|-damage|p1b: Grimmsnarl|0 fnt
|faint|p1b: Grimmsnarl
|
|-weather|SunnyDay|[upkeep]
|upkeep
|
|t:|1784737377
|switch|p1b: Vivillon|Vivillon, L50, M|100/100
|turn|4
|inactive|scafato92 has 30 seconds left.
|
|t:|1784737405
|switch|p1a: Pelipper|Pelipper, L50, F|65/100
|-weather|RainDance|[from] ability: Drizzle|[of] p1a: Pelipper
|move|p2a: Charizard|Protect|p2a: Charizard
|-singleturn|p2a: Charizard|Protect
|move|p1b: Vivillon|Hurricane|p2b: Venusaur
|-supereffective|p2b: Venusaur|1
|-damage|p2b: Venusaur|0 fnt
|faint|p2b: Venusaur
|
|-weather|RainDance|[upkeep]
|upkeep
|l|☆scafato92
|inactive|scafato92 disconnected and has a minute to reconnect!
|player|p2|
|inactive|scafato92 has 30 seconds left.
|inactive|scafato92 has 20 seconds left.
|inactive|scafato92 has 15 seconds left.
|inactive|scafato92 has 10 seconds left.
|inactive|scafato92 has 5 seconds left.
|-message|scafato92 lost due to inactivity.
|
|win|breloomb01
||breloomb01 is ready for game 2.
|inactive|scafato92 has 0 seconds to reconnect!
|raw|breloomb01's rating: 1215 → 1243(+28 for winning)
|raw|scafato92's rating: 1259 → 1231(-28 for losing)
