|j|☆NemoAK
|j|☆merr123
|html|NemoAKmerr123    
|uhtml|bestof|Game 1 of a best-of-3
|t:|1756880217
|gametype|doubles
|player|p1|NemoAK|2|1108
|player|p2|merr123|sisandbro|1175
|gen|9
|tier|[Gen 9] VGC 2025 Reg H (Bo3)
|rated|
|rule|Species Clause: Limit one of each Pokémon
|rule|Item Clause: Limit 1 of each item
|clearpoke
|poke|p1|Kingambit, L50, M|
|poke|p1|Garchomp, L50, M|
|poke|p1|Indeedee-F, L50, F|
|poke|p1|Murkrow, L50, M|
|poke|p1|Kingdra, L50, M|
|poke|p1|Armarouge, L50, M|
|poke|p2|Sneasler, L50, M|
|poke|p2|Gholdengo, L50|
|poke|p2|Amoonguss, L50, F|
|poke|p2|Incineroar, L50, M|
|poke|p2|Ursaluna-Bloodmoon, L50, M|
|poke|p2|Farigiraf, L50, F|
|teampreview|4
|showteam|p1|Kingambit||SafetyGoggles|Defiant|SwordsDance,KowtowCleave,SuckerPunch,Protect|||M|||50|,,,,,Dark]Garchomp||LifeOrb|RoughSkin|BreakingSwipe,Protect,StompingTantrum,Earthquake|||M|||50|,,,,,Fairy]Indeedee-F||PsychicSeed|PsychicSurge|Psychic,TrickRoom,HelpingHand,FollowMe|||F|||50|,,,,,Psychic]Murkrow||Eviolite|Prankster|FoulPlay,RainDance,Haze,Tailwind|||M|||50|,,,,,Ghost]Kingdra||MysticWater|SwiftSwim|WeatherBall,DracoMeteor,MuddyWater,Protect|||M|||50|,,,,,Water]Armarouge||PowerHerb|FlashFire|ArmorCannon,MeteorBeam,ExpandingForce,TrickRoom|||M|||50|,,,,,Fairy
|showteam|p2|Sneasler||ClearAmulet|PoisonTouch|FakeOut,CloseCombat,DireClaw,Protect|||M|||50|,,,,,Water]Gholdengo||MetalCoat|GoodasGold|NastyPlot,MakeItRain,ShadowBall,Protect||||||50|,,,,,Water]Amoonguss||MentalHerb|Regenerator|Spore,RagePowder,PollenPuff,Protect|||F|||50|,,,,,Water]Incineroar||SafetyGoggles|Intimidate|FakeOut,FlareBlitz,KnockOff,PartingShot|||M|||50|,,,,,Ghost]Ursaluna-Bloodmoon||LifeOrb|MindsEye|CalmMind,EarthPower,BloodMoon,Protect|||M|||50|,,,,,Poison]Farigiraf||ThroatSpray|ArmorTail|HyperVoice,Psychic,TrickRoom,Protect|||F|||50|,,,,,Dragon
|inactive|Battle timer is ON: inactive players will automatically lose when time's up. (requested by merr123)
|inactive|NemoAK has 60 seconds left.
|inactive|merr123 has 60 seconds left.
|inactive|merr123 has 30 seconds left.
|inactive|merr123 has 20 seconds left.
|inactive|merr123 has 15 seconds left.
|inactive|merr123 has 10 seconds left.
|
|t:|1756880301
|teamsize|p1|4
|teamsize|p2|4
|start
|switch|p1a: Armarouge|Armarouge, L50, M|100/100
|switch|p1b: Indeedee|Indeedee-F, L50, F|100/100
|switch|p2a: Incineroar|Incineroar, L50, M|100/100
|switch|p2b: Farigiraf|Farigiraf, L50, F|100/100
|-fieldstart|move: Psychic Terrain|[from] ability: Psychic Surge|[of] p1b: Indeedee
|-enditem|p1b: Indeedee|Psychic Seed
|-boost|p1b: Indeedee|spd|1|[from] item: Psychic Seed
|-ability|p2a: Incineroar|Intimidate|boost
|-unboost|p1a: Armarouge|atk|1
|-unboost|p1b: Indeedee|atk|1
|turn|1
|inactive|merr123 has 30 seconds left.
|inactive|merr123 has 20 seconds left.
|inactive|merr123 has 15 seconds left.
|
|t:|1756880341
|move|p1b: Indeedee|Follow Me|p1b: Indeedee
|-singleturn|p1b: Indeedee|move: Follow Me
|move|p2a: Incineroar|Knock Off|p1b: Indeedee
|-supereffective|p1b: Indeedee
|-damage|p1b: Indeedee|36/100
|move|p1a: Armarouge|Meteor Beam||[still]
|-prepare|p1a: Armarouge|Meteor Beam
|-boost|p1a: Armarouge|spa|1
|-enditem|p1a: Armarouge|Power Herb
|-anim|p1a: Armarouge|Meteor Beam|p2a: Incineroar
|-supereffective|p2a: Incineroar
|-damage|p2a: Incineroar|0 fnt
|faint|p2a: Incineroar
|move|p2b: Farigiraf|Hyper Voice|p1a: Armarouge|[spread] p1a,p1b
|-damage|p1a: Armarouge|69/100
|-damage|p1b: Indeedee|16/100
|-enditem|p2b: Farigiraf|Throat Spray
|-boost|p2b: Farigiraf|spa|1|[from] item: Throat Spray
|
|upkeep
|inactive|merr123 has 30 seconds left.
|inactive|merr123 has 20 seconds left.
|
|t:|1756880379
|switch|p2a: Ursaluna|Ursaluna-Bloodmoon, L50, M|100/100
|turn|2
|
|t:|1756880399
|move|p1b: Indeedee|Follow Me|p1b: Indeedee
|-singleturn|p1b: Indeedee|move: Follow Me
|move|p2a: Ursaluna|Calm Mind|p2a: Ursaluna
|-boost|p2a: Ursaluna|spa|1
|-boost|p2a: Ursaluna|spd|1
|move|p1a: Armarouge|Expanding Force|p2a: Ursaluna|[spread] p2a,p2b
|-resisted|p2b: Farigiraf
|-damage|p2a: Ursaluna|37/100
|-damage|p2b: Farigiraf|53/100
|move|p2b: Farigiraf|Hyper Voice|p1a: Armarouge|[spread] p1a,p1b
|-damage|p1a: Armarouge|17/100
|-damage|p1b: Indeedee|0 fnt
|faint|p1b: Indeedee
|
|upkeep
|
|t:|1756880413
|switch|p1b: Murkrow|Murkrow, L50, M|100/100
|turn|3
|
|t:|1756880420
|move|p2a: Ursaluna|Protect|p2a: Ursaluna
|-singleturn|p2a: Ursaluna|Protect
|move|p1b: Murkrow|Tailwind|p1b: Murkrow
|-sidestart|p1: NemoAK|move: Tailwind
|move|p1a: Armarouge|Expanding Force|p2b: Farigiraf|[spread] p2b
|-activate|p2a: Ursaluna|move: Protect
|-resisted|p2b: Farigiraf
|-damage|p2b: Farigiraf|8/100
|move|p2b: Farigiraf|Trick Room|p2b: Farigiraf
|-fieldstart|move: Trick Room|[of] p2b: Farigiraf
|
|upkeep
|turn|4
|
|t:|1756880435
|move|p1b: Murkrow|Haze|p1b: Murkrow
|-clearallboost
|move|p2b: Farigiraf|Hyper Voice|p1a: Armarouge|[spread] p1a,p1b
|-damage|p1a: Armarouge|0 fnt
|-damage|p1b: Murkrow|69/100
|faint|p1a: Armarouge
|move|p2a: Ursaluna|Blood Moon|p1b: Murkrow
|-damage|p1b: Murkrow|0 fnt
|faint|p1b: Murkrow
|-damage|p2a: Ursaluna|28/100|[from] item: Life Orb
|
|upkeep
|-message|NemoAK forfeited.
|
|win|merr123
