|j|☆FosaNando
|j|☆PokeLucho
|html|FosaNandoPokeLucho    
|uhtml|bestof|Game 3 of a best-of-3
|t:|1756702431
|gametype|doubles
|player|p1|FosaNando|pokefan|
|player|p2|PokeLucho|170|
|gen|9
|tier|[Gen 9] VGC 2025 Reg H (Bo3)
|rule|Species Clause: Limit one of each Pokémon
|rule|Item Clause: Limit 1 of each item
|clearpoke
|poke|p1|Indeedee, L50, M|
|poke|p1|Sneasler, L50, F|
|poke|p1|Excadrill, L50, M|
|poke|p1|Magmar, L50, M|
|poke|p1|Corviknight, L50, M|
|poke|p1|Tyranitar, L50, M|
|poke|p2|Electabuzz, L50, F|
|poke|p2|Kingambit, L50, F|
|poke|p2|Rillaboom, L50, M|
|poke|p2|Sneasler, L50, F|
|poke|p2|Volcarona, L50, M|
|poke|p2|Dragonite, L50, M|
|teampreview|4
|showteam|p1|Indeedee||ChoiceScarf|PsychicSurge|ExpandingForce,TeraBlast,Trick,Protect|||M|||50|,,,,,Psychic]Sneasler||WhiteHerb|Unburden|FakeOut,CloseCombat,DireClaw,Coaching|||F|||50|,,,,,Flying]Excadrill||FocusSash|SandRush|Earthquake,IronHead,SwordsDance,Protect|||M|||50|,,,,,Ground]Magmar||Eviolite|VitalSpirit|HeatWave,FollowMe,WillOWisp,Protect|||M|||50|,,,,,Flying]Corviknight||PsychicSeed|MirrorArmor|BraveBird,PowerTrip,BulkUp,Roost|||M|||50|,,,,,Water]Tyranitar||AssaultVest|SandStream|RockSlide,KnockOff,LowKick,TeraBlast|||M|||50|,,,,,Flying
|showteam|p2|Electabuzz||Eviolite|VitalSpirit|Thunderbolt,Taunt,FollowMe,Protect|||F|||50|,,,,,Ghost]Kingambit||BlackGlasses|Defiant|KowtowCleave,SuckerPunch,SwordsDance,Protect|||F|||50|,,,,,Dark]Rillaboom||AssaultVest|GrassySurge|FakeOut,HighHorsepower,WoodHammer,GrassyGlide|||M|||50|,,,,,Fire]Sneasler||FocusSash|PoisonTouch|DireClaw,CloseCombat,FakeOut,Coaching|||F|||50|,,,,,Stellar]Volcarona||Leftovers|FlameBody|HeatWave,TeraBlast,QuiverDance,Protect|||M|||50|,,,,,Fairy]Dragonite||LoadedDice|Multiscale|ExtremeSpeed,ScaleShot,Protect,Haze|||M|||50|,,,,,Steel
|inactive|Battle timer is ON: inactive players will automatically lose when time's up. (requested by FosaNando)
|inactive|PokeLucho has 60 seconds left.
|
|t:|1756702481
|teamsize|p1|4
|teamsize|p2|4
|start
|switch|p1a: Indeedee|Indeedee, L50, M|100/100
|switch|p1b: Sneasler|Sneasler, L50, F|100/100
|switch|p2a: Volcarona|Volcarona, L50, M|100/100
|switch|p2b: Sneasler|Sneasler, L50, F|100/100
|-fieldstart|move: Psychic Terrain|[from] ability: Psychic Surge|[of] p1a: Indeedee
|turn|1
|inactive|FosaNando has 30 seconds left.
|
|t:|1756702513
|switch|p2b: Rillaboom|Rillaboom, L50, M|100/100
|-fieldstart|move: Grassy Terrain|[from] ability: Grassy Surge|[of] p2b: Rillaboom
|move|p1a: Indeedee|Expanding Force|p2b: Rillaboom
|-damage|p2b: Rillaboom|71/100
|move|p1b: Sneasler|Dire Claw|p2a: Volcarona
|-damage|p2a: Volcarona|47/100
|-status|p2a: Volcarona|par
|cant|p2a: Volcarona|par
|
|-heal|p2b: Rillaboom|77/100|[from] Grassy Terrain
|-heal|p2a: Volcarona|53/100 par|[from] Grassy Terrain
|-heal|p2a: Volcarona|59/100 par|[from] item: Leftovers
|upkeep
|turn|2
|inactive|PokeLucho has 30 seconds left.
|inactive|FosaNando has 30 seconds left.
|
|t:|1756702550
|switch|p1a: Tyranitar|Tyranitar, L50, M|100/100
|-weather|Sandstorm|[from] ability: Sand Stream|[of] p1a: Tyranitar
|move|p1b: Sneasler|Dire Claw|p2b: Rillaboom
|-supereffective|p2b: Rillaboom
|-damage|p2b: Rillaboom|0 fnt
|faint|p2b: Rillaboom
|move|p2a: Volcarona|Heat Wave|p1a: Tyranitar|[spread] p1a,p1b
|-resisted|p1a: Tyranitar
|-damage|p1a: Tyranitar|93/100
|-damage|p1b: Sneasler|54/100
|
|-weather|Sandstorm|[upkeep]
|-damage|p1b: Sneasler|48/100|[from] Sandstorm
|-damage|p2a: Volcarona|53/100 par|[from] Sandstorm
|-heal|p1b: Sneasler|54/100|[from] Grassy Terrain
|-heal|p1a: Tyranitar|99/100|[from] Grassy Terrain
|-heal|p2a: Volcarona|59/100 par|[from] Grassy Terrain
|-heal|p2a: Volcarona|66/100 par|[from] item: Leftovers
|upkeep
|
|t:|1756702560
|switch|p2b: Dragonite|Dragonite, L50, M|100/100
|turn|3
|inactive|PokeLucho has 30 seconds left.
|
|t:|1756702587
|-terastallize|p2a: Volcarona|Fairy
|move|p1b: Sneasler|Coaching|p1a: Tyranitar
|-boost|p1a: Tyranitar|atk|1
|-boost|p1a: Tyranitar|def|1
|move|p2b: Dragonite|Scale Shot|p1b: Sneasler
|-damage|p1b: Sneasler|27/100
|-damage|p1b: Sneasler|1/100
|-damage|p1b: Sneasler|0 fnt
|faint|p1b: Sneasler
|-hitcount|p1: Sneasler|3
|-unboost|p2b: Dragonite|def|1
|-boost|p2b: Dragonite|spe|1
|move|p1a: Tyranitar|Rock Slide|p2a: Volcarona|[spread] p2a,p2b
|-supereffective|p2b: Dragonite
|-crit|p2b: Dragonite
|-damage|p2a: Volcarona|5/100 par
|-damage|p2b: Dragonite|0 fnt
|faint|p2b: Dragonite
|move|p2a: Volcarona|Tera Blast|p1a: Tyranitar|[anim] Tera Blast Fairy
|-supereffective|p1a: Tyranitar
|-damage|p1a: Tyranitar|66/100
|
|-weather|Sandstorm|[upkeep]
|-damage|p2a: Volcarona|0 fnt|[from] Sandstorm
|faint|p2a: Volcarona
|-heal|p1a: Tyranitar|72/100|[from] Grassy Terrain
|upkeep
|-message|PokeLucho forfeited.
|
|win|FosaNando
