|j|☆ELMenudo
|j|☆JuiceBurger
|html|ELMenudoJuiceBurger    
|uhtml|bestof|Game 3 of a best-of-3
|t:|1756150303
|gametype|doubles
|player|p1|ELMenudo|102|1047
|player|p2|JuiceBurger|hilbert|1137
|gen|9
|tier|[Gen 9] VGC 2025 Reg H (Bo3)
|rated|
|rule|Species Clause: Limit one of each Pokémon
|rule|Item Clause: Limit 1 of each item
|clearpoke
|poke|p1|Zoroark-Hisui, L50, M|
|poke|p1|Garchomp, L50, M|
|poke|p1|Decidueye-Hisui, L50, F|
|poke|p1|Corviknight, L50, F|
|poke|p1|Electabuzz, L50, M|
|poke|p1|Gyarados, L50, F|
|poke|p2|Toedscruel, L50, M|
|poke|p2|Slaking, L50, F|
|poke|p2|Weezing-Galar, L50, M|
|poke|p2|Garchomp, L50, F|
|poke|p2|Gholdengo, L50|
|poke|p2|Talonflame, L50, M|
|teampreview|4
|showteam|p1|Zoroark-Hisui||FocusSash|Illusion|BitterMalice,HyperVoice,Protect,NastyPlot|||M|||50|,,,,,Normal]Garchomp||LifeOrb|RoughSkin|Earthquake,DragonClaw,RockSlide,Protect|||M|||50|,,,,,Ground]Decidueye-Hisui||SitrusBerry|Scrappy|LeafBlade,TripleArrows,Coaching,Haze|||F|||50|,,,,,Grass]Corviknight||CovertCloak|MirrorArmor|Tailwind,BraveBird,IronDefense,BodyPress|||F|||50|,,,,,Fighting]Electabuzz||Eviolite|VitalSpirit|FollowMe,Thunderbolt,Taunt,ThunderWave|||M|||50|,,,,,Electric]Gyarados||Leftovers|Intimidate|DragonDance,Waterfall,Crunch,Protect|||F|||50|,,,,,Water
|showteam|p2|Toedscruel||MentalHerb|MyceliumMight|EarthPower,AcidSpray,Spore,Protect|||M|||50|,,,,,Ghost]Slaking||ChoiceBand|Truant|DoubleEdge,GigaImpact,KnockOff,HighHorsepower|||F|||50|,,,,,Ghost]Weezing-Galar||FocusSash|NeutralizingGas|SludgeBomb,StrangeSteam,Taunt,Protect|||M|||50|,,,,,Flying]Garchomp||LifeOrb|RoughSkin|DragonClaw,Earthquake,StompingTantrum,Protect|||F|||50|,,,,,Ground]Gholdengo||ChoiceSpecs|GoodasGold|MakeItRain,ShadowBall,DazzlingGleam,PowerGem||||||50|,,,,,Fairy]Talonflame||CovertCloak|GaleWings|DualWingbeat,FlareBlitz,Tailwind,WillOWisp|||M|||50|,,,,,Stellar
|inactive|Battle timer is ON: inactive players will automatically lose when time's up. (requested by ELMenudo)
|inactive|JuiceBurger also wants the timer to be on.
|inactive|ELMenudo has 60 seconds left.
|
|t:|1756150345
|teamsize|p1|4
|teamsize|p2|4
|start
|switch|p1a: Gyarados|Gyarados, L50, F|100/100
|switch|p1b: Corviknight|Corviknight, L50, F|100/100
|switch|p2a: Gholdengo|Gholdengo, L50|100/100
|switch|p2b: Talonflame|Talonflame, L50, M|100/100
|-ability|p1a: Gyarados|Intimidate|boost
|-unboost|p2a: Gholdengo|atk|1
|-unboost|p2b: Talonflame|atk|1
|turn|1
|inactive|JuiceBurger has 30 seconds left.
|inactive|JuiceBurger has 20 seconds left.
|inactive|JuiceBurger has 15 seconds left.
|inactive|JuiceBurger has 10 seconds left.
|inactive|JuiceBurger has 5 seconds left.
|
|t:|1756150397
|-terastallize|p2a: Gholdengo|Fairy
|move|p2b: Talonflame|Tailwind|p2b: Talonflame
|-sidestart|p2: JuiceBurger|move: Tailwind
|move|p2a: Gholdengo|Shadow Ball|p1a: Gyarados
|-damage|p1a: Gyarados|30/100
|move|p1a: Gyarados|Dragon Dance|p1a: Gyarados
|-boost|p1a: Gyarados|atk|1
|-boost|p1a: Gyarados|spe|1
|move|p1b: Corviknight|Tailwind|p1b: Corviknight
|-sidestart|p1: ELMenudo|move: Tailwind
|
|-heal|p1a: Gyarados|36/100|[from] item: Leftovers
|upkeep
|turn|2
|inactive|JuiceBurger has 30 seconds left.
|inactive|JuiceBurger has 20 seconds left.
|inactive|JuiceBurger has 15 seconds left.
|inactive|JuiceBurger has 10 seconds left.
|inactive|JuiceBurger has 5 seconds left.
|
|t:|1756150450
|switch|p2b: Weezing|Weezing-Galar, L50, M, shiny|100/100
|-ability|p2b: Weezing|Neutralizing Gas
|move|p1a: Gyarados|Protect|p1a: Gyarados
|-singleturn|p1a: Gyarados|Protect
|move|p2a: Gholdengo|Shadow Ball|p1a: Gyarados
|-activate|p1a: Gyarados|move: Protect
|move|p1b: Corviknight|Brave Bird|p2a: Gholdengo
|-damage|p2a: Gholdengo|64/100
|-damage|p1b: Corviknight|88/100|[from] Recoil
|
|-heal|p1a: Gyarados|42/100|[from] item: Leftovers
|upkeep
|turn|3
|inactive|JuiceBurger has 30 seconds left.
|
|t:|1756150485
|move|p1a: Gyarados|Waterfall|p2a: Gholdengo
|-damage|p2a: Gholdengo|0 fnt
|faint|p2a: Gholdengo
|move|p2b: Weezing|Taunt|p1b: Corviknight
|-start|p1b: Corviknight|move: Taunt
|move|p1b: Corviknight|Brave Bird|p2b: Weezing
|-damage|p2b: Weezing|56/100
|-damage|p1b: Corviknight|76/100|[from] Recoil
|
|-heal|p1a: Gyarados|48/100|[from] item: Leftovers
|upkeep
|
|t:|1756150501
|switch|p2a: Talonflame|Talonflame, L50, M|100/100
|turn|4
|inactive|JuiceBurger has 30 seconds left.
|inactive|JuiceBurger has 20 seconds left.
|
|t:|1756150538
|move|p2b: Weezing|Protect|p2b: Weezing
|-singleturn|p2b: Weezing|Protect
|move|p1a: Gyarados|Waterfall|p2a: Talonflame
|-supereffective|p2a: Talonflame
|-damage|p2a: Talonflame|0 fnt
|faint|p2a: Talonflame
|move|p1b: Corviknight|Brave Bird|p2b: Weezing
|-activate|p2b: Weezing|move: Protect
|
|-heal|p1a: Gyarados|53/100|[from] item: Leftovers
|-sideend|p1: ELMenudo|move: Tailwind
|-sideend|p2: JuiceBurger|move: Tailwind
|upkeep
|-message|JuiceBurger forfeited.
|
|win|ELMenudo
|raw|ELMenudo's rating: 1047 → 1088(+41 for winning)
|raw|JuiceBurger's rating: 1137 → 1106(-31 for losing)
