|j|☆mixxserenade
|j|☆Arahelis
|html|mixxserenadeArahelis    
|uhtml|bestof|Game 1 of a best-of-3
|t:|1782664622
|gametype|doubles
|player|p1|mixxserenade|170|1017
|player|p2|Arahelis|sailor|1067
|gen|9
|tier|[Gen 9 Champions] VGC 2026 Reg M-B (Bo3)
|rated|
|rule|Species Clause: Limit one of each Pokémon
|rule|Item Clause: Limit 1 of each item
|clearpoke
|poke|p1|Archaludon, L50, M|
|poke|p1|Kingambit, L50, F|
|poke|p1|Incineroar, L50, M|
|poke|p1|Blastoise, L50, F|
|poke|p1|Farigiraf, L50, F|
|poke|p1|Pelipper, L50, F|
|poke|p2|Eelektross, L50, M|
|poke|p2|Zoroark-Hisui, L50, F|
|poke|p2|Ninetales-Alola, L50, F|
|poke|p2|Whimsicott, L50, F|
|poke|p2|Scrafty, L50, M|
|poke|p2|Garchomp, L50, F|
|teampreview|4
|showteam|p1|Archaludon||Leftovers|Stamina|ElectroShot,Protect,FlashCannon,DracoMeteor|Quiet||M|||50|]Kingambit||ChopleBerry|Defiant|KowtowCleave,IronHead,SuckerPunch,Protect|Brave||F|||50|]Incineroar||WhiteHerb|Intimidate|CloseCombat,FlareBlitz,FakeOut,DarkestLariat|Brave||M|||50|]Blastoise||Blastoisinite|RainDish|DarkPulse,AuraSphere,FakeOut,WaterSpout|Quiet||F|||50|]Farigiraf||SitrusBerry|ArmorTail|TrickRoom,HyperVoice,HelpingHand,Psychic|Sassy||F|||50|]Pelipper||FocusSash|Drizzle|WideGuard,WeatherBall,MuddyWater,Hurricane|Quiet||F|||50|
|showteam|p2|Eelektross||Eelektrossite|Levitate|GigaDrain,Thunderbolt,Flamethrower,Protect|Modest||M|||50|]Zoroark-Hisui||FocusSash|Illusion|IcyWind,BitterMalice,Snarl,Protect|Timid||F|||50|]Ninetales-Alola||LightClay|SnowWarning|AuroraVeil,Blizzard,DazzlingGleam,Protect|Timid||F|||50|]Whimsicott||MentalHerb|Prankster|Encore,FakeTears,Tailwind,LeechSeed|Calm||F|||50|]Scrafty||SitrusBerry|Intimidate|FakeOut,QuickGuard,KnockOff,Protect|Careful||M|||50|]Garchomp||LifeOrb|RoughSkin|Earthquake,RockSlide,BreakingSwipe,Protect|Jolly||F|||50|
|c|☆Arahelis|glhf
|
|t:|1782664701
|teamsize|p1|4
|teamsize|p2|4
|start
|switch|p1a: Kingambit|Kingambit, L50, F|100/100
|switch|p1b: Incineroar|Incineroar, L50, M|100/100
|switch|p2a: Cephadrome|Garchomp, L50, F|100/100
|switch|p2b: Khezu|Eelektross, L50, M|100/100
|-ability|p1b: Incineroar|Intimidate|boost
|-unboost|p2a: Cephadrome|atk|1
|-unboost|p2b: Khezu|atk|1
|turn|1
|
|t:|1782664766
|switch|p1a: Blastoise|Blastoise, L50, F|100/100
|detailschange|p2b: Khezu|Eelektross-Mega, L50, M
|-mega|p2b: Khezu|Eelektross|Eelektrossite
|move|p1b: Incineroar|Fake Out|p2a: Cephadrome
|-damage|p2a: Cephadrome|87/100
|-damage|p1b: Incineroar|87/100|[from] ability: Rough Skin|[of] p2a: Cephadrome
|cant|p2a: Cephadrome|flinch
|move|p2b: Khezu|Flamethrower|p1a: Blastoise
|-resisted|p1a: Blastoise|1
|-damage|p1a: Blastoise|79/100
|
|upkeep
|turn|2
|
|t:|1782664805
|move|p1a: Blastoise|Fake Out|p2a: Cephadrome
|-damage|p2a: Cephadrome|79/100
|-damage|p1a: Blastoise|67/100|[from] ability: Rough Skin|[of] p2a: Cephadrome
|cant|p2a: Cephadrome|flinch
|move|p2b: Khezu|Thunderbolt|p1a: Blastoise
|-supereffective|p1a: Blastoise|1
|-damage|p1a: Blastoise|0 fnt
|faint|p1a: Blastoise
|-ability|p2b: Khezu|Eelevate|boost
|-boost|p2b: Khezu|spa|1
|move|p1b: Incineroar|Flare Blitz|p2a: Cephadrome
|-resisted|p2a: Cephadrome|1
|-damage|p2a: Cephadrome|55/100
|-damage|p1b: Incineroar|75/100|[from] ability: Rough Skin|[of] p2a: Cephadrome
|-damage|p1b: Incineroar|66/100|[from] Recoil
|
|upkeep
|
|t:|1782664822
|switch|p1a: Archaludon|Archaludon, L50, M|100/100
|turn|3
|
|t:|1782664848
|move|p2a: Cephadrome|Earthquake|p1a: Archaludon|[spread] p1a,p1b
|-immune|p2b: Khezu|[from] ability: Levitate
|-supereffective|p1a: Archaludon|1
|-supereffective|p1b: Incineroar|1
|-damage|p1a: Archaludon|36/100
|-damage|p1b: Incineroar|0 fnt
|-ability|p1a: Archaludon|Stamina|boost
|-boost|p1a: Archaludon|def|1
|faint|p1b: Incineroar
|-damage|p2a: Cephadrome|45/100|[from] item: Life Orb
|move|p2b: Khezu|Thunderbolt|p1a: Archaludon
|-resisted|p1a: Archaludon|1
|-damage|p1a: Archaludon|0 fnt
|faint|p1a: Archaludon
|-ability|p2b: Khezu|Eelevate|boost
|-boost|p2b: Khezu|spa|1
|
|upkeep
|
|t:|1782664863
|switch|p1b: Kingambit|Kingambit, L50, F|100/100
|turn|4
|
|t:|1782664871
|move|p2a: Cephadrome|Earthquake|p1b: Kingambit|[spread] p1b
|-immune|p2b: Khezu|[from] ability: Levitate
|-supereffective|p1b: Kingambit|1
|-damage|p1b: Kingambit|42/100
|-damage|p2a: Cephadrome|35/100|[from] item: Life Orb
|move|p2b: Khezu|Flamethrower|p1b: Kingambit
|-supereffective|p1b: Kingambit|1
|-damage|p1b: Kingambit|0 fnt
|faint|p1b: Kingambit
|
|win|Arahelis
||mixxserenade is ready for game 2.
