|j|☆GymGlofer
|j|☆darthmorton
|html|GymGloferdarthmorton    
|uhtml|bestof|Game 2 of a best-of-3
|t:|1784051923
|gametype|doubles
|player|p1|GymGlofer|blackbelt|1074
|player|p2|darthmorton|dragontamer|1205
|gen|9
|tier|[Gen 9 Champions] VGC 2026 Reg M-B (Bo3)
|rated|
|rule|Species Clause: Limit one of each Pokémon
|rule|Item Clause: Limit 1 of each item
|clearpoke
|poke|p1|Emboar, L50, M|
|poke|p1|Houndoom, L50, M|
|poke|p1|Delphox, L50, M|
|poke|p1|Arcanine-Hisui, L50, M|
|poke|p1|Talonflame, L50, F|
|poke|p1|Ninetales, L50, F|
|poke|p2|Sneasler, L50, M|
|poke|p2|Sinistcha, L50|
|poke|p2|Incineroar, L50, M|
|poke|p2|Charizard, L50, F|
|poke|p2|Floette-Eternal, L50, F|
|poke|p2|Kingambit, L50, F|
|teampreview|4
|showteam|p1|Emboar||Emboarite|Reckless|FlareBlitz,CloseCombat,SuckerPunch,Protect|Brave||M|||50|]Houndoom||Houndoominite|Unnerve|HeatWave,DarkPulse,NastyPlot,Protect|Timid||M|||50|]Delphox||ChoiceScarf|Magician|MysticalFire,Psyshock,DazzlingGleam,Switcheroo|Modest||M|||50|]Arcanine-Hisui||LifeOrb|Intimidate|RagingFury,HeadSmash,ExtremeSpeed,Protect|Adamant||M|||50|]Talonflame||FocusSash|GaleWings|TemperFlare,BraveBird,Tailwind,Protect|Jolly||F|||50|]Ninetales||WideLens|Drought|Overheat,SolarBeam,Encore,Disable|Timid||F|||50|
|showteam|p2|Sneasler||FocusSash|PoisonTouch|FakeOut,GunkShot,CloseCombat,Coaching|Jolly||M|||50|]Sinistcha||SitrusBerry|Hospitality|MatchaGotcha,RagePowder,TrickRoom,Protect|Bold|||||50|]Incineroar||ChopleBerry|Intimidate|FlareBlitz,HelpingHand,PartingShot,FakeOut|Impish||M|||50|]Charizard||CharizarditeX|Blaze|FlareBlitz,DragonClaw,DragonDance,Protect|Adamant||F|||50|]Floette-Eternal||Floettite|FlowerVeil|Moonblast,CalmMind,DazzlingGleam,Protect|Modest||F|||50|]Kingambit||BlackGlasses|Defiant|KowtowCleave,SuckerPunch,SwordsDance,Protect|Adamant||F|||50|
|inactive|Battle timer is ON: inactive players will automatically lose when time's up. (requested by darthmorton)
|inactive|darthmorton has 60 seconds left.
|
|t:|1784051962
|teamsize|p1|4
|teamsize|p2|4
|start
|switch|p1a: Talonflame|Talonflame, L50, F|100/100
|switch|p1b: Arcanine|Arcanine-Hisui, L50, M|100/100
|switch|p2a: Sneasler|Sneasler, L50, M|100/100
|switch|p2b: Charizard|Charizard, L50, F|100/100
|-ability|p1b: Arcanine|Intimidate|boost
|-unboost|p2a: Sneasler|atk|1
|-unboost|p2b: Charizard|atk|1
|turn|1
|inactive|darthmorton has 30 seconds left.
|inactive|darthmorton has 20 seconds left.
|inactive|darthmorton has 15 seconds left.
|inactive|darthmorton has 10 seconds left.
|
|t:|1784052011
|detailschange|p2b: Charizard|Charizard-Mega-X, L50, F
|-mega|p2b: Charizard|Charizard|Charizardite X
|move|p1a: Talonflame|Protect|p1a: Talonflame
|-singleturn|p1a: Talonflame|Protect
|move|p1b: Arcanine|Protect|p1b: Arcanine
|-singleturn|p1b: Arcanine|Protect
|move|p2a: Sneasler|Fake Out|p1b: Arcanine
|-activate|p1b: Arcanine|move: Protect
|move|p2b: Charizard|Dragon Claw|p1a: Talonflame
|-activate|p1a: Talonflame|move: Protect
|
|upkeep
|turn|2
|
|t:|1784052035
|switch|p2a: Incineroar|Incineroar, L50, M|100/100
|-ability|p2a: Incineroar|Intimidate|boost
|-unboost|p1a: Talonflame|atk|1
|-unboost|p1b: Arcanine|atk|1
|move|p2b: Charizard|Protect|p2b: Charizard
|-singleturn|p2b: Charizard|Protect
|move|p1b: Arcanine|Extreme Speed|p2a: Incineroar
|-damage|p2a: Incineroar|80/100
|-damage|p1b: Arcanine|90/100|[from] item: Life Orb
|move|p1a: Talonflame|Brave Bird|p2a: Incineroar
|-damage|p2a: Incineroar|57/100
|-damage|p1a: Talonflame|90/100|[from] Recoil
|
|upkeep
|turn|3
|
|t:|1784052053
|move|p2a: Incineroar|Fake Out|p1b: Arcanine
|-resisted|p1b: Arcanine|1
|-damage|p1b: Arcanine|85/100
|move|p1a: Talonflame|Tailwind|p1a: Talonflame
|-sidestart|p1: GymGlofer|move: Tailwind
|cant|p1b: Arcanine|flinch
|move|p2b: Charizard|Dragon Dance|p2b: Charizard
|-boost|p2b: Charizard|atk|1
|-boost|p2b: Charizard|spe|1
|
|upkeep
|turn|4
|
|t:|1784052076
|switch|p2a: Sinistcha|Sinistcha, L50|100/100
|move|p2b: Charizard|Protect|p2b: Charizard
|-singleturn|p2b: Charizard|Protect
|move|p1a: Talonflame|Brave Bird|p2a: Sinistcha
|-supereffective|p2a: Sinistcha|1
|-damage|p2a: Sinistcha|59/100
|-damage|p1a: Talonflame|74/100|[from] Recoil
|move|p1b: Arcanine|Head Smash|p2a: Sinistcha
|-damage|p2a: Sinistcha|10/100
|-enditem|p2a: Sinistcha|Sitrus Berry|[eat]
|-heal|p2a: Sinistcha|35/100|[from] item: Sitrus Berry
|-damage|p1b: Arcanine|63/100|[from] Recoil
|-damage|p1b: Arcanine|53/100|[from] item: Life Orb
|
|upkeep
|turn|5
|inactive|darthmorton has 30 seconds left.
|inactive|darthmorton has 20 seconds left.
|inactive|GymGlofer has 30 seconds left.
|inactive|darthmorton has 15 seconds left.
|inactive|darthmorton has 10 seconds left.
|inactive|darthmorton has 5 seconds left.
|inactive|GymGlofer has 20 seconds left.
|
|t:|1784052134
|switch|p1a: Emboar|Emboar, L50, M|100/100
|move|p2a: Sinistcha|Protect|p2a: Sinistcha
|-singleturn|p2a: Sinistcha|Protect
|move|p2b: Charizard|Dragon Claw|p1b: Arcanine
|-damage|p1b: Arcanine|0 fnt
|faint|p1b: Arcanine
|
|upkeep
|inactive|GymGlofer has 30 seconds left.
|
|t:|1784052167
|switch|p1b: Delphox|Delphox, L50, M|100/100
|turn|6
|inactive|GymGlofer has 30 seconds left.
|inactive|GymGlofer has 20 seconds left.
|inactive|GymGlofer has 15 seconds left.
|inactive|GymGlofer has 10 seconds left.
|l|☆GymGlofer
|inactive|GymGlofer disconnected and has a minute to reconnect!
|player|p1|
|inactive|GymGlofer has 5 seconds left.
|-message|GymGlofer lost due to inactivity.
|
|win|darthmorton
|raw|GymGlofer's rating: 1074 → 1060(-14 for losing)
|raw|darthmorton's rating: 1205 → 1221(+16 for winning)
