|j|☆zanquettao
|j|☆abadanriyi92
|html|zanquettaoabadanriyi92    
|uhtml|bestof|Game 3 of a best-of-3
|t:|1784510658
|gametype|doubles
|player|p1|zanquettao|hilda-wonderlauncher|1148
|player|p2|abadanriyi92|scientist|1274
|gen|9
|tier|[Gen 9 Champions] VGC 2026 Reg M-B (Bo3)
|rated|
|rule|Species Clause: Limit one of each Pokémon
|rule|Item Clause: Limit 1 of each item
|clearpoke
|poke|p1|Farigiraf, L50, M, shiny|
|poke|p1|Incineroar, L50, F, shiny|
|poke|p1|Torkoal, L50, M|
|poke|p1|Sinistcha-Masterpiece, L50|
|poke|p1|Primarina, L50, M|
|poke|p1|Mawile, L50, F|
|poke|p2|Venusaur, L50, F|
|poke|p2|Grimmsnarl, L50, M|
|poke|p2|Politoed, L50, F|
|poke|p2|Archaludon, L50, F|
|poke|p2|Kingambit, L50, F|
|poke|p2|Aerodactyl, L50, F|
|teampreview|4
|showteam|p1|Farigiraf||ColburBerry|ArmorTail|TrickRoom,ConfuseRay,HelpingHand,Protect|Relaxed||M|||50|]Incineroar||ExpertBelt|Intimidate|CloseCombat,FlareBlitz,FakeOut,DarkestLariat|Brave||F|||50|]Torkoal||Charcoal|Drought|Eruption,EarthPower,SolarBeam,Protect|Quiet||M|||50|]Sinistcha-Masterpiece||FocusSash|Hospitality|TrickRoom,MatchaGotcha,ShadowBall,Protect|Quiet|||||50|]Primarina||LifeOrb|LiquidVoice|HyperVoice,DazzlingGleam,IceBeam,EnergyBall|Quiet||M|||50|]Mawile||Mawilite|HyperCutter|SuckerPunch,PlayRough,IronHead,ThunderPunch|Brave||F|||50|
|showteam|p2|Venusaur||Venusaurite|Chlorophyll|GigaDrain,SludgeBomb,EarthPower,Protect|Modest||F|||50|]Grimmsnarl||LightClay|Prankster|PartingShot,Reflect,LightScreen,FoulPlay|Relaxed||M|||50|]Politoed||SitrusBerry|Drizzle|WeatherBall,PerishSong,Encore,Protect|Sassy||F|||50|]Archaludon||Leftovers|Stamina|ElectroShot,FlashCannon,DracoMeteor,Protect|Modest||F|||50|]Kingambit||BlackGlasses|Defiant|KowtowCleave,SuckerPunch,SwordsDance,Protect|Brave||F|||50|]Aerodactyl||Aerodactylite|Unnerve|RockSlide,DualWingbeat,Tailwind,Protect|Jolly||F|||50|
|inactive|Battle timer is ON: inactive players will automatically lose when time's up. (requested by zanquettao)
|
|t:|1784510672
|teamsize|p1|4
|teamsize|p2|4
|start
|switch|p1a: Sinistcha|Sinistcha-Masterpiece, L50|100/100
|switch|p1b: Incineroar|Incineroar, L50, F, shiny|100/100
|switch|p2a: Kingambit|Kingambit, L50, F|100/100
|switch|p2b: Grimmsnarl|Grimmsnarl, L50, M|100/100
|-ability|p1b: Incineroar|Intimidate|boost
|-unboost|p2a: Kingambit|atk|1
|-ability|p2a: Kingambit|Defiant|boost
|-boost|p2a: Kingambit|atk|2
|-unboost|p2b: Grimmsnarl|atk|1
|turn|1
|inactive|abadanriyi92 has 30 seconds left.
|
|t:|1784510702
|switch|p2a: Venusaur|Venusaur, L50, F|100/100
|move|p2b: Grimmsnarl|Reflect|p2b: Grimmsnarl
|-sidestart|p2: abadanriyi92|Reflect
|move|p1b: Incineroar|Flare Blitz|p2a: Venusaur
|-supereffective|p2a: Venusaur|1
|-damage|p2a: Venusaur|0 fnt
|faint|p2a: Venusaur
|-damage|p1b: Incineroar|69/100|[from] Recoil
|move|p1a: Sinistcha|Trick Room|p1a: Sinistcha
|-fieldstart|move: Trick Room|[of] p1a: Sinistcha
|
|upkeep
|
|t:|1784510715
|switch|p2a: Kingambit|Kingambit, L50, F|100/100
|turn|2
|
|t:|1784510736
|switch|p2a: Politoed|Politoed, L50, F|100/100
|-weather|RainDance|[from] ability: Drizzle|[of] p2a: Politoed
|move|p2b: Grimmsnarl|Foul Play|p1a: Sinistcha
|-supereffective|p1a: Sinistcha|1
|-damage|p1a: Sinistcha|55/100
|move|p1b: Incineroar|Close Combat|p2a: Politoed
|-damage|p2a: Politoed|75/100
|-unboost|p1b: Incineroar|def|1
|-unboost|p1b: Incineroar|spd|1
|move|p1a: Sinistcha|Matcha Gotcha|p2a: Politoed|[spread] p2a,p2b
|-supereffective|p2a: Politoed|1
|-damage|p2a: Politoed|23/100
|-heal|p1a: Sinistcha|83/100|[from] drain|[of] p2a: Politoed
|-damage|p2b: Grimmsnarl|66/100
|-heal|p1a: Sinistcha|100/100|[from] drain|[of] p2b: Grimmsnarl
|-enditem|p2a: Politoed|Sitrus Berry|[eat]
|-heal|p2a: Politoed|48/100|[from] item: Sitrus Berry
|
|-weather|RainDance|[upkeep]
|upkeep
|turn|3
|inactive|zanquettao has 30 seconds left.
|inactive|abadanriyi92 has 30 seconds left.
|
|t:|1784510769
|move|p2b: Grimmsnarl|Parting Shot|p1a: Sinistcha
|-unboost|p1a: Sinistcha|atk|1
|-unboost|p1a: Sinistcha|spa|1
|
|t:|1784510773
|switch|p2b: Kingambit|Kingambit, L50, F|100/100|[from] Parting Shot
|move|p1b: Incineroar|Close Combat|p2a: Politoed
|-damage|p2a: Politoed|22/100
|-unboost|p1b: Incineroar|def|1
|-unboost|p1b: Incineroar|spd|1
|move|p1a: Sinistcha|Matcha Gotcha|p2a: Politoed|[spread] p2a,p2b
|-supereffective|p2a: Politoed|1
|-resisted|p2b: Kingambit|1
|-damage|p2a: Politoed|0 fnt
|-damage|p2b: Kingambit|88/100
|faint|p2a: Politoed
|
|-weather|RainDance|[upkeep]
|upkeep
|-message|abadanriyi92 forfeited.
|
|win|zanquettao
|raw|zanquettao's rating: 1148 → 1182(+34 for winning)
|raw|abadanriyi92's rating: 1274 → 1240(-34 for losing)
