|j|☆abofplastic
|j|☆TMJS01
|html|abofplasticTMJS01    
|uhtml|bestof|Game 2 of a best-of-3
|t:|1782187554
|gametype|doubles
|player|p1|abofplastic|170|1088
|player|p2|TMJS01|unknown|1347
|gen|9
|tier|[Gen 9 Champions] VGC 2026 Reg M-B (Bo3)
|rated|
|rule|Species Clause: Limit one of each Pokémon
|rule|Item Clause: Limit 1 of each item
|clearpoke
|poke|p1|Corviknight, L50, M|
|poke|p1|Grimmsnarl, L50, M|
|poke|p1|Farigiraf, L50, M|
|poke|p1|Blastoise, L50, M|
|poke|p1|Serperior, L50, M|
|poke|p1|Arcanine-Hisui, L50, F|
|poke|p2|Sinistcha, L50|
|poke|p2|Incineroar, L50, F|
|poke|p2|Garchomp, L50, F|
|poke|p2|Floette-Eternal, L50, F|
|poke|p2|Delphox, L50, M|
|poke|p2|Kingambit, L50, F|
|teampreview|4
|showteam|p1|Corviknight||OccaBerry|MirrorArmor|Protect,IronHead,DrillPeck,Tailwind|Adamant||M|||50|]Grimmsnarl||LightClay|Prankster|LightScreen,Reflect,ScaryFace,PlayRough|Careful||M|||50|]Farigiraf||ColburBerry|ArmorTail|TrickRoom,PsychicTerrain,Protect,ExpandingForce|Sassy||M|||50|]Blastoise||Blastoisinite|Torrent|WaterSpout,DarkPulse,IceBeam,Protect|Modest||M|||50|]Serperior||MiracleSeed|Contrary|Glare,LeafStorm,DragonPulse,Protect|Timid||M|||50|]Arcanine-Hisui||ChoiceScarf|Intimidate|RockSlide,RagingFury,HeadSmash,ExtremeSpeed|Adamant||F|||50|
|showteam|p2|Sinistcha||KasibBerry|Hospitality|MatchaGotcha,RagePowder,TrickRoom,LifeDew|Relaxed|||||50|]Incineroar||ChopleBerry|Intimidate|ThroatChop,FlareBlitz,PartingShot,FakeOut|Impish||F|||50|]Garchomp||LifeOrb|RoughSkin|ScaleShot,StompingTantrum,Protect,RockTomb|Jolly||F|||50|]Floette-Eternal||Floettite|FlowerVeil|Protect,CalmMind,Moonblast,DazzlingGleam|Modest||F|||50|]Delphox||Delphoxite|Blaze|NastyPlot,HeatWave,Psyshock,Protect|Timid||M|||50|]Kingambit||BlackGlasses|Defiant|Protect,IronHead,KowtowCleave,SuckerPunch|Adamant||F|||50|
|inactive|Battle timer is ON: inactive players will automatically lose when time's up. (requested by abofplastic)
|inactive|TMJS01 also wants the timer to be on.
|inactive|abofplastic has 60 seconds left.
|
|t:|1782187609
|teamsize|p1|4
|teamsize|p2|4
|start
|switch|p1a: Corviknight|Corviknight, L50, M|100/100
|switch|p1b: Serperior|Serperior, L50, M|100/100
|switch|p2a: Delphox|Delphox, L50, M|100/100
|switch|p2b: Sinistcha|Sinistcha, L50|100/100
|turn|1
|
|t:|1782187635
|detailschange|p2a: Delphox|Delphox-Mega, L50, M
|-mega|p2a: Delphox|Delphox|Delphoxite
|move|p2a: Delphox|Nasty Plot|p2a: Delphox
|-boost|p2a: Delphox|spa|2
|move|p1b: Serperior|Glare|p2a: Delphox
|-status|p2a: Delphox|par
|move|p1a: Corviknight|Drill Peck|p2b: Sinistcha
|-supereffective|p2b: Sinistcha|1
|-damage|p2b: Sinistcha|51/100
|move|p2b: Sinistcha|Trick Room|p2b: Sinistcha
|-fieldstart|move: Trick Room|[of] p2b: Sinistcha
|
|upkeep
|turn|2
|
|t:|1782187655
|switch|p2b: Kingambit|Kingambit, L50, F|100/100
|move|p1a: Corviknight|Drill Peck|p2a: Delphox
|-damage|p2a: Delphox|52/100 par
|move|p2a: Delphox|Heat Wave|p1b: Serperior|[spread] p1a,p1b
|-supereffective|p1a: Corviknight|1
|-enditem|p1a: Corviknight|Occa Berry|[eat]
|-enditem|p1a: Corviknight|Occa Berry|[weaken]
|-supereffective|p1b: Serperior|1
|-damage|p1a: Corviknight|29/100
|-damage|p1b: Serperior|0 fnt
|faint|p1b: Serperior
|
|upkeep
|
|t:|1782187669
|switch|p1b: Blastoise|Blastoise, L50, M|100/100
|turn|3
|
|t:|1782187676
|detailschange|p1b: Blastoise|Blastoise-Mega, L50, M
|-mega|p1b: Blastoise|Blastoise|Blastoisinite
|move|p2a: Delphox|Protect|p2a: Delphox
|-singleturn|p2a: Delphox|Protect
|move|p2b: Kingambit|Kowtow Cleave|p1b: Blastoise
|-crit|p1b: Blastoise
|-damage|p1b: Blastoise|17/100
|move|p1a: Corviknight|Drill Peck|p2a: Delphox
|-activate|p2a: Delphox|move: Protect
|move|p1b: Blastoise|Water Spout|p2b: Kingambit|[spread] p2b
|-activate|p2a: Delphox|move: Protect
|-damage|p2b: Kingambit|89/100
|
|upkeep
|turn|4
|-message|abofplastic forfeited.
|
|win|TMJS01
|raw|abofplastic's rating: 1088 → 1079(-9 for losing)
|raw|TMJS01's rating: 1347 → 1354(+7 for winning)
|l|☆abofplastic
|player|p1|
