|j|☆TeyVgc
|j|☆WarlogFV
|html|TeyVgcWarlogFV    
|uhtml|bestof|Game 2 of a best-of-3
|t:|1783183143
|gametype|doubles
|player|p1|TeyVgc|rood|1228
|player|p2|WarlogFV|erika|1282
|gen|9
|tier|[Gen 9 Champions] VGC 2026 Reg M-B (Bo3)
|rated|
|rule|Species Clause: Limit one of each Pokémon
|rule|Item Clause: Limit 1 of each item
|clearpoke
|poke|p1|Excadrill, L50, M|
|poke|p1|Tyranitar, L50, F|
|poke|p1|Staraptor, L50, M|
|poke|p1|Sinistcha, L50|
|poke|p1|Milotic, L50, F|
|poke|p1|Gholdengo, L50|
|poke|p2|Swampert, L50, M|
|poke|p2|Pelipper, L50, M|
|poke|p2|Archaludon, L50, M|
|poke|p2|Grimmsnarl, L50, M|
|poke|p2|Metagross, L50|
|poke|p2|Sneasler, L50, F|
|teampreview|4
|showteam|p1|Excadrill||FocusSash|SandRush|Earthquake,IronHead,RockSlide,Protect|Adamant||M|||50|]Tyranitar||Tyranitarite|SandStream|RockSlide,KnockOff,DragonDance,Protect|Adamant||F|||50|]Staraptor||Staraptite|Intimidate|BraveBird,CloseCombat,Tailwind,Protect|Jolly||M|||50|]Sinistcha||SitrusBerry|Hospitality|MatchaGotcha,RagePowder,LifeDew,TrickRoom|Calm|||||50|]Milotic||Leftovers|Competitive|Scald,IceBeam,Recover,Protect|Modest||F|||50|]Gholdengo||LifeOrb|GoodasGold|MakeItRain,ShadowBall,NastyPlot,Protect|Modest|||||50|
|showteam|p2|Swampert||Swampertite|Torrent|WaveCrash,Earthquake,IcePunch,Protect|Adamant||M|||50|]Pelipper||SitrusBerry|Drizzle|WeatherBall,Hurricane,Tailwind,WideGuard|Bold||M|||50|]Archaludon||Leftovers|Stamina|ElectroShot,DragonPulse,FlashCannon,Protect|Modest||M|||50|]Grimmsnarl||LightClay|Prankster|LightScreen,Reflect,FoulPlay,PartingShot|Careful||M|||50|]Metagross||Metagrossite|ClearBody|MeteorMash,PsychicFangs,StompingTantrum,Protect|Adamant|||||50|]Sneasler||FocusSash|Unburden|FakeOut,CloseCombat,Coaching,DireClaw|Naive||F|||50|
|inactive|Battle timer is ON: inactive players will automatically lose when time's up. (requested by WarlogFV)
|c|☆WarlogFV|glhf
|
|t:|1783183171
|teamsize|p1|4
|teamsize|p2|4
|start
|switch|p1a: Tyranitar|Tyranitar, L50, F|100/100
|switch|p1b: Sinistcha|Sinistcha, L50|100/100
|switch|p2a: Dark Horse|Metagross, L50|100/100
|switch|p2b: Teenage Dream|Sneasler, L50, F|100/100
|-weather|Sandstorm|[from] ability: Sand Stream|[of] p1a: Tyranitar
|turn|1
|
|t:|1783183195
|detailschange|p2a: Dark Horse|Metagross-Mega, L50
|-mega|p2a: Dark Horse|Metagross|Metagrossite
|detailschange|p1a: Tyranitar|Tyranitar-Mega, L50, F
|-mega|p1a: Tyranitar|Tyranitar|Tyranitarite
|move|p2b: Teenage Dream|Fake Out|p1a: Tyranitar
|-resisted|p1a: Tyranitar|1
|-damage|p1a: Tyranitar|95/100
|move|p1b: Sinistcha|Rage Powder|p1b: Sinistcha
|-singleturn|p1b: Sinistcha|move: Rage Powder
|move|p2a: Dark Horse|Meteor Mash|p1b: Sinistcha|[miss]
|-miss|p2a: Dark Horse|p1b: Sinistcha
|cant|p1a: Tyranitar|flinch
|
|-weather|Sandstorm|[upkeep]
|-damage|p2b: Teenage Dream|94/100|[from] Sandstorm
|-damage|p1b: Sinistcha|93/100|[from] Sandstorm
|upkeep
|turn|2
|inactive|TeyVgc has 30 seconds left.
|inactive|WarlogFV has 30 seconds left.
|inactive|TeyVgc has 20 seconds left.
|inactive|WarlogFV has 20 seconds left.
|inactive|TeyVgc has 15 seconds left.
|
|t:|1783183237
|move|p1b: Sinistcha|Rage Powder|p1b: Sinistcha
|-singleturn|p1b: Sinistcha|move: Rage Powder
|move|p2b: Teenage Dream|Coaching|p2a: Dark Horse
|-boost|p2a: Dark Horse|atk|1
|-boost|p2a: Dark Horse|def|1
|move|p2a: Dark Horse|Meteor Mash|p1b: Sinistcha
|-damage|p1b: Sinistcha|6/100
|-enditem|p1b: Sinistcha|Sitrus Berry|[eat]
|-heal|p1b: Sinistcha|30/100|[from] item: Sitrus Berry
|move|p1a: Tyranitar|Dragon Dance|p1a: Tyranitar
|-boost|p1a: Tyranitar|atk|1
|-boost|p1a: Tyranitar|spe|1
|
|-weather|Sandstorm|[upkeep]
|-damage|p2b: Teenage Dream|88/100|[from] Sandstorm
|-damage|p1b: Sinistcha|24/100|[from] Sandstorm
|upkeep
|turn|3
|
|t:|1783183255
|move|p1b: Sinistcha|Rage Powder|p1b: Sinistcha
|-singleturn|p1b: Sinistcha|move: Rage Powder
|move|p2b: Teenage Dream|Dire Claw|p1b: Sinistcha
|-damage|p1b: Sinistcha|0 fnt
|faint|p1b: Sinistcha
|move|p2a: Dark Horse|Meteor Mash|p1a: Tyranitar
|-supereffective|p1a: Tyranitar|1
|-damage|p1a: Tyranitar|0 fnt
|faint|p1a: Tyranitar
|
|-weather|Sandstorm|[upkeep]
|-damage|p2b: Teenage Dream|82/100|[from] Sandstorm
|upkeep
|-message|TeyVgc forfeited.
|
|win|WarlogFV
|raw|TeyVgc's rating: 1228 → 1207(-21 for losing)
|raw|WarlogFV's rating: 1282 → 1303(+21 for winning)
