|j|☆eutherians
|j|☆Sakky09
|html|eutheriansSakky09    
|uhtml|bestof|Game 2 of a best-of-3
|t:|1757154723
|gametype|doubles
|player|p1|eutherians|169|1272
|player|p2|Sakky09|sailor|1314
|gen|9
|tier|[Gen 9] VGC 2025 Reg H (Bo3)
|rated|
|rule|Species Clause: Limit one of each Pokémon
|rule|Item Clause: Limit 1 of each item
|clearpoke
|poke|p1|Dragonite, L50, M|
|poke|p1|Sneasler, L50, M|
|poke|p1|Indeedee-F, L50, F|
|poke|p1|Basculegion, L50, M|
|poke|p1|Annihilape, L50, M|
|poke|p1|Volcarona, L50, M|
|poke|p2|Pelipper, L50, M|
|poke|p2|Archaludon, L50, F|
|poke|p2|Dragonite, L50, M|
|poke|p2|Gholdengo, L50|
|poke|p2|Ursaluna, L50, F|
|poke|p2|Sinistcha, L50|
|teampreview|4
|showteam|p1|Dragonite||LoadedDice|Multiscale|ScaleShot,IronHead,Haze,Protect|||M|||50|,,,,,Steel]Sneasler||PsychicSeed|Unburden|DireClaw,CloseCombat,ThroatChop,Protect|||M|||50|,,,,,Dark]Indeedee-F||LumBerry|PsychicSurge|Psychic,HelpingHand,FollowMe,Protect|||F|||50|,,,,,Fairy]Basculegion||ChoiceScarf|Adaptability|WaveCrash,LastRespects,TeraBlast,FlipTurn|||M|||50|,,,,,Fighting]Annihilape||SafetyGoggles|Defiant|RageFist,CloseCombat,FinalGambit,Taunt|||M|||50|,,,,,Fire]Volcarona||LifeOrb|FlameBody|TeraBlast,HeatWave,QuiverDance,Protect|||M|||50|,,,,,Fairy
|showteam|p2|Pelipper||FocusSash|Drizzle|MuddyWater,Hurricane,Tailwind,Protect|||M|||50|,,,,,Steel]Archaludon||AssaultVest|Stamina|FlashCannon,BodyPress,ElectroShot,Snarl|||F|||50|,,,,,Fighting]Dragonite||LoadedDice|Multiscale|ScaleShot,Tailwind,Haze,Protect|||M|||50|,,,,,Fairy]Gholdengo||ChoiceScarf|GoodasGold|MakeItRain,ShadowBall,Trick,Protect||||||50|,,,,,Flying]Ursaluna||FlameOrb|Guts|Facade,HeadlongRush,Earthquake,Protect|||F|||50|,,,,,Ghost]Sinistcha||SitrusBerry|Hospitality|MatchaGotcha,LifeDew,RagePowder,TrickRoom||||||50|,,,,,Dark
|inactive|Battle timer is ON: inactive players will automatically lose when time's up. (requested by Sakky09)
|inactive|Sakky09 has 60 seconds left.
|
|t:|1757154783
|teamsize|p1|4
|teamsize|p2|4
|start
|switch|p1a: Annihilape|Annihilape, L50, M|100/100
|switch|p1b: Dragonite|Dragonite, L50, M|100/100
|switch|p2a: Dragonite|Dragonite, L50, M|100/100
|switch|p2b: Gholdengo|Gholdengo, L50|100/100
|turn|1
|inactive|eutherians has 30 seconds left.
|inactive|Sakky09 has 30 seconds left.
|inactive|Sakky09 has 20 seconds left.
|
|t:|1757154820
|-terastallize|p1b: Dragonite|Steel
|move|p2a: Dragonite|Protect|p2a: Dragonite
|-singleturn|p2a: Dragonite|Protect
|move|p2b: Gholdengo|Shadow Ball|p1a: Annihilape
|-supereffective|p1a: Annihilape
|-damage|p1a: Annihilape|8/100
|move|p1a: Annihilape|Final Gambit|p2a: Dragonite
|-activate|p2a: Dragonite|move: Protect
|move|p1b: Dragonite|Scale Shot|p2b: Gholdengo
|-resisted|p2b: Gholdengo
|-damage|p2b: Gholdengo|93/100
|-resisted|p2b: Gholdengo
|-crit|p2b: Gholdengo
|-damage|p2b: Gholdengo|80/100
|-resisted|p2b: Gholdengo
|-crit|p2b: Gholdengo
|-damage|p2b: Gholdengo|69/100
|-resisted|p2b: Gholdengo
|-damage|p2b: Gholdengo|61/100
|-resisted|p2b: Gholdengo
|-damage|p2b: Gholdengo|53/100
|-hitcount|p2b: Gholdengo|5
|-unboost|p1b: Dragonite|def|1
|-boost|p1b: Dragonite|spe|1
|
|upkeep
|turn|2
|inactive|eutherians has 30 seconds left.
|inactive|Sakky09 has 30 seconds left.
|inactive|Sakky09 has 20 seconds left.
|inactive|Sakky09 has 15 seconds left.
|inactive|Sakky09 has 10 seconds left.
|
|t:|1757154867
|-terastallize|p2a: Dragonite|Fairy
|move|p1b: Dragonite|Protect|p1b: Dragonite
|-singleturn|p1b: Dragonite|Protect
|move|p2b: Gholdengo|Shadow Ball|p1a: Annihilape
|-supereffective|p1a: Annihilape
|-damage|p1a: Annihilape|0 fnt
|faint|p1a: Annihilape
|move|p2a: Dragonite|Tailwind|p2a: Dragonite
|-sidestart|p2: Sakky09|move: Tailwind
|
|upkeep
|
|t:|1757154878
|switch|p1a: Sneasler|Sneasler, L50, M|100/100
|turn|3
|
|t:|1757154896
|move|p2b: Gholdengo|Shadow Ball|p1b: Dragonite
|-damage|p1b: Dragonite|75/100
|move|p2a: Dragonite|Scale Shot|p1a: Sneasler
|-damage|p1a: Sneasler|77/100
|-crit|p1a: Sneasler
|-damage|p1a: Sneasler|38/100
|-damage|p1a: Sneasler|11/100
|-damage|p1a: Sneasler|0 fnt
|faint|p1a: Sneasler
|-hitcount|p1: Sneasler|4
|-unboost|p2a: Dragonite|def|1
|-boost|p2a: Dragonite|spe|1
|move|p1b: Dragonite|Iron Head|p2a: Dragonite
|-supereffective|p2a: Dragonite
|-damage|p2a: Dragonite|19/100
|
|upkeep
|
|t:|1757154904
|switch|p1a: Basculegion|Basculegion, L50, M|100/100
|turn|4
|
|t:|1757154924
|move|p2b: Gholdengo|Shadow Ball|p1a: Basculegion
|-supereffective|p1a: Basculegion
|-damage|p1a: Basculegion|0 fnt
|faint|p1a: Basculegion
|move|p2a: Dragonite|Scale Shot|p1b: Dragonite
|-resisted|p1b: Dragonite
|-damage|p1b: Dragonite|62/100
|-resisted|p1b: Dragonite
|-damage|p1b: Dragonite|48/100
|-resisted|p1b: Dragonite
|-damage|p1b: Dragonite|36/100
|-resisted|p1b: Dragonite
|-damage|p1b: Dragonite|24/100
|-resisted|p1b: Dragonite
|-damage|p1b: Dragonite|11/100
|-hitcount|p1b: Dragonite|5
|-unboost|p2a: Dragonite|def|1
|-boost|p2a: Dragonite|spe|1
|move|p1b: Dragonite|Iron Head|p2a: Dragonite
|-supereffective|p2a: Dragonite
|-damage|p2a: Dragonite|0 fnt
|faint|p2a: Dragonite
|
|upkeep
|-message|eutherians forfeited.
|
|win|Sakky09
