|j|☆Cines Yelmo
|j|☆Sazandoramx
|html|Cines YelmoSazandoramx    
|uhtml|bestof|Game 2 of a best-of-3
|t:|1756137873
|gametype|doubles
|player|p1|Cines Yelmo|cameraman|1218
|player|p2|Sazandoramx|266|1289
|gen|9
|tier|[Gen 9] VGC 2025 Reg H (Bo3)
|rated|
|rule|Species Clause: Limit one of each Pokémon
|rule|Item Clause: Limit 1 of each item
|clearpoke
|poke|p1|Amoonguss, L50, F|
|poke|p1|Garchomp, L50, F|
|poke|p1|Gholdengo, L50|
|poke|p1|Incineroar, L50, M|
|poke|p1|Murkrow, L50, M|
|poke|p1|Tyranitar, L50, F|
|poke|p2|Armarouge, L50, M|
|poke|p2|Kingambit, L50, M|
|poke|p2|Indeedee-F, L50, F|
|poke|p2|Annihilape, L50, F|
|poke|p2|Hatterene, L50, F|
|poke|p2|Torkoal, L50, F|
|teampreview|4
|showteam|p1|Amoonguss||CovertCloak|Regenerator|Protect,SludgeBomb,RagePowder,Spore|||F|||50|,,,,,Water]Garchomp||LifeOrb|SandVeil|Protect,Earthquake,DragonClaw,RockSlide|||F|||50|,,,,,Fairy]Gholdengo||ChoiceSpecs|GoodasGold|MakeItRain,ShadowBall,Thunderbolt,Trick||||||50|,,,,,Steel]Incineroar||SafetyGoggles|Intimidate|FakeOut,FlareBlitz,KnockOff,PartingShot|||M|||50|,,,,,Bug]Murkrow||Eviolite|Prankster|FoulPlay,Tailwind,Quash,Haze|||M|||50|,,,,,Ghost]Tyranitar||AssaultVest|SandStream|RockSlide,KnockOff,LowKick,TeraBlast|||F|||50|,,,,,Flying
|showteam|p2|Armarouge||PowerHerb|FlashFire|ArmorCannon,ExpandingForce,MeteorBeam,TrickRoom|||M|||50|,,,,,Grass]Kingambit||SafetyGoggles|Defiant|KowtowCleave,LowKick,SuckerPunch,SwordsDance|||M|||50|,,,,,Dark]Indeedee-F||RockyHelmet|PsychicSurge|Psychic,FollowMe,TrickRoom,HelpingHand|||F|||50|,,,,,Steel]Annihilape||ChoiceScarf|Defiant|CloseCombat,ShadowClaw,FinalGambit,Uturn|||F|||50|,,,,,Stellar]Hatterene||LifeOrb|MagicBounce|ExpandingForce,DazzlingGleam,TrickRoom,Protect|||F|||50|,,,,,Water]Torkoal||ChoiceSpecs|Drought|Eruption,EarthPower,WeatherBall,HeatWave|||F|||50|,,,,,Fire
|l|☆Cines Yelmo
|player|p1|
|inactive|Battle timer is ON: inactive players will automatically lose when time's up. (requested by Sazandoramx)
|j|☆Cines Yelmo
|inactive|Cines Yelmo reconnected and has 90 seconds left.
|player|p1|Cines Yelmo|cameraman|
|
|t:|1756137917
|teamsize|p1|4
|teamsize|p2|4
|start
|switch|p1a: Garchomp|Garchomp, L50, F|100/100
|switch|p1b: Tyranitar|Tyranitar, L50, F|100/100
|switch|p2a: Hatterene|Hatterene, L50, F|100/100
|switch|p2b: Indeedee|Indeedee-F, L50, F|100/100
|-weather|Sandstorm|[from] ability: Sand Stream|[of] p1b: Tyranitar
|-fieldstart|move: Psychic Terrain|[from] ability: Psychic Surge|[of] p2b: Indeedee
|turn|1
|inactive|Sazandoramx has 30 seconds left.
|inactive|Sazandoramx has 20 seconds left.
|inactive|Sazandoramx has 15 seconds left.
|inactive|Sazandoramx has 10 seconds left.
|
|t:|1756137966
|-terastallize|p1b: Tyranitar|Flying
|move|p2b: Indeedee|Follow Me|p2b: Indeedee
|-singleturn|p2b: Indeedee|move: Follow Me
|move|p1a: Garchomp|Earthquake|p2b: Indeedee|[spread] p2a,p2b
|-immune|p1b: Tyranitar
|-damage|p2a: Hatterene|36/100
|-damage|p2b: Indeedee|52/100
|-damage|p1a: Garchomp|91/100|[from] item: Life Orb
|move|p1b: Tyranitar|Rock Slide|p2b: Indeedee|[spread] p2a,p2b
|-damage|p2a: Hatterene|0 fnt
|-damage|p2b: Indeedee|21/100
|faint|p2a: Hatterene
|
|-weather|Sandstorm|[upkeep]
|-damage|p1b: Tyranitar|94/100|[from] Sandstorm
|-damage|p2b: Indeedee|15/100|[from] Sandstorm
|upkeep
|inactive|Sazandoramx has 30 seconds left.
|
|t:|1756137994
|switch|p2a: Annihilape|Annihilape, L50, F|100/100
|turn|2
|
|t:|1756138016
|move|p2a: Annihilape|Close Combat|p1b: Tyranitar
|-resisted|p1b: Tyranitar
|-damage|p1b: Tyranitar|66/100
|-unboost|p2a: Annihilape|def|1
|-unboost|p2a: Annihilape|spd|1
|move|p1a: Garchomp|Earthquake|p2b: Indeedee|[spread] p2a,p2b
|-immune|p1b: Tyranitar
|-crit|p2b: Indeedee
|-damage|p2a: Annihilape|10/100
|-damage|p2b: Indeedee|0 fnt
|faint|p2b: Indeedee
|-damage|p1a: Garchomp|81/100|[from] item: Life Orb
|move|p1b: Tyranitar|Knock Off|p2a: Annihilape
|-damage|p2a: Annihilape|0 fnt
|-enditem|p2a: Annihilape|Choice Scarf|[from] move: Knock Off|[of] p1b: Tyranitar
|faint|p2a: Annihilape
|
|-weather|Sandstorm|[upkeep]
|-damage|p1b: Tyranitar|60/100|[from] Sandstorm
|upkeep
|-message|Sazandoramx forfeited.
|raw|Cines Yelmo's rating: 1218 → 1248(+30 for winning)
|raw|Sazandoramx's rating: 1289 → 1259(-30 for losing)
|
|win|Cines Yelmo
