|j|☆chamoy-pt2
|j|☆ivanthesaxophonist
|html|chamoy-pt2ivanthesaxophonist    
|uhtml|bestof|Game 1 of a best-of-3
|t:|1756444458
|gametype|doubles
|player|p1|chamoy-pt2|riley|1149
|player|p2|ivanthesaxophonist|acetrainer-gen4dp|1108
|gen|9
|tier|[Gen 9] VGC 2025 Reg H (Bo3)
|rated|
|rule|Species Clause: Limit one of each Pokémon
|rule|Item Clause: Limit 1 of each item
|clearpoke
|poke|p1|Incineroar, L50, F|
|poke|p1|Dragapult, L50, F|
|poke|p1|Whimsicott, L50, F|
|poke|p1|Typhlosion-Hisui, L50, M|
|poke|p1|Annihilape, L50, F|
|poke|p1|Maushold-Four, L50|
|poke|p2|Zoroark-Hisui, L50, M|
|poke|p2|Annihilape, L50, M|
|poke|p2|Archaludon, L50, F|
|poke|p2|Maushold-Four, L50|
|poke|p2|Sinistcha-Masterpiece, L50|
|poke|p2|Milotic, L50, F|
|teampreview|4
|showteam|p1|Incineroar||SafetyGoggles|Intimidate|FakeOut,PartingShot,KnockOff,FlareBlitz|||F|||50|,,,,,Water]Dragapult||ChoiceBand|ClearBody|DragonDarts,PhantomForce,SuckerPunch,Uturn|||F|||50|,,,,,Dragon]Whimsicott||CovertCloak|Prankster|Tailwind,Moonblast,SunnyDay,BeatUp|||F|||50|,,,,,Water]Typhlosion-Hisui||ChoiceSpecs|Blaze|Eruption,HeatWave,ShadowBall,Overheat|||M|||50|,,,,,Fire]Annihilape||SitrusBerry|Defiant|RageFist,DrainPunch,BulkUp,Protect|||F|||50|,,,,,Fire]Maushold-Four||WideLens|Technician|PopulationBomb,Taunt,FollowMe,Protect||||||50|,,,,,Normal
|showteam|p2|Zoroark-Hisui||ChoiceSpecs|Illusion|HyperVoice,ShadowBall,TeraBlast,IcyWind|||M|||50|,,,,,Fairy]Annihilape||LifeOrb|Defiant|RageFist,CloseCombat,BulkUp,Protect|||M|||50|,,,,,Fire]Archaludon||AssaultVest|Stamina|BodyPress,DragonPulse,FlashCannon,ElectroShot|||F|||50|,,,,,Grass]Maushold-Four||SafetyGoggles|FriendGuard|BeatUp,FollowMe,Taunt,Protect||||||50|,,,,,Ghost]Sinistcha-Masterpiece||SitrusBerry|Hospitality|MatchaGotcha,RagePowder,LifeDew,ShadowBall||||||50|,,,,,Water]Milotic||Leftovers|Competitive|Scald,IcyWind,AlluringVoice,Protect|||F|||50|,,,,,Grass
|inactive|Battle timer is ON: inactive players will automatically lose when time's up. (requested by chamoy-pt2)
|inactive|ivanthesaxophonist has 60 seconds left.
|
|t:|1756444579
|teamsize|p1|4
|teamsize|p2|4
|start
|switch|p1a: Whimsicott|Whimsicott, L50, F|100/100
|switch|p1b: Typhlosion|Typhlosion-Hisui, L50, M|100/100
|switch|p2a: Milotic|Milotic, L50, F|100/100
|switch|p2b: Archaludon|Archaludon, L50, F|100/100
|turn|1
|inactive|chamoy-pt2 has 30 seconds left.
|
|t:|1756444610
|move|p1a: Whimsicott|Sunny Day|p1a: Whimsicott
|-weather|SunnyDay
|move|p2b: Archaludon|Shadow Ball|p1b: Typhlosion
|-supereffective|p1b: Typhlosion
|-damage|p1b: Typhlosion|0 fnt
|faint|p1b: Typhlosion
|move|p2a: Milotic|Icy Wind|p1a: Whimsicott
|-supereffective|p1a: Whimsicott
|-damage|p1a: Whimsicott|69/100
|
|-weather|SunnyDay|[upkeep]
|upkeep
|
|t:|1756444617
|switch|p1b: Annihilape|Annihilape, L50, F|100/100
|turn|2
|-message|chamoy-pt2 forfeited.
|
|win|ivanthesaxophonist
|l|☆chamoy-pt2
|player|p1|
||chamoy-pt2 is ready for game 2.
