|j|☆testasdada
|j|☆LeDGeNDaRY95
|html|testasdadaLeDGeNDaRY95    
|uhtml|bestof|Game 2 of a best-of-3
|t:|1757042621
|gametype|doubles
|player|p1|testasdada|dawn-gen4pt|1028
|player|p2|LeDGeNDaRY95|lucas|1104
|gen|9
|tier|[Gen 9] VGC 2025 Reg H (Bo3)
|rated|
|rule|Species Clause: Limit one of each Pokémon
|rule|Item Clause: Limit 1 of each item
|clearpoke
|poke|p1|Tyranitar, L50, M|
|poke|p1|Excadrill, L50, F|
|poke|p1|Gholdengo, L50|
|poke|p1|Amoonguss, L50, M|
|poke|p1|Electabuzz, L50, M|
|poke|p1|Volcarona, L50, F|
|poke|p2|Mamoswine, L50, M|
|poke|p2|Talonflame, L50, M|
|poke|p2|Archaludon, L50, F|
|poke|p2|Conkeldurr, L50, M|
|poke|p2|Dragapult, L50, M|
|poke|p2|Sinistcha, L50|
|teampreview|4
|showteam|p1|Tyranitar||AssaultVest|SandStream|RockSlide,KnockOff,LowKick,TeraBlast|||M|||50|,,,,,Flying]Excadrill||FocusSash|SandRush|Protect,IronHead,HighHorsepower,Earthquake|||F|||50|,,,,,Ground]Gholdengo||MetalCoat|GoodasGold|MakeItRain,ShadowBall,Protect,NastyPlot||||||50|,,,,,Water]Amoonguss||MentalHerb|Regenerator|Spore,RagePowder,PollenPuff,Protect|||M|||50|,,,,,Water]Electabuzz||Eviolite|VitalSpirit|FollowMe,Protect,Taunt,Electroweb|||M|||50|,,,,,Ghost]Volcarona||RockyHelmet|FlameBody|RagePowder,FieryDance,StruggleBug,Protect|||F|||50|,,,,,Grass
|showteam|p2|Mamoswine||LoadedDice|ThickFat|Protect,HighHorsepower,IcicleSpear,Haze|||M|||50|,,,,,Bug]Talonflame||CovertCloak|GaleWings|Protect,Tailwind,BraveBird,FlareBlitz|||M|||50|,,,,,Fire]Archaludon||AssaultVest|Stamina|DragonPulse,Thunderbolt,FlashCannon,BodyPress|||F|||50|,,,,,Grass]Conkeldurr||FlameOrb|Guts|Protect,CloseCombat,MachPunch,ThunderPunch|||M|||50|,,,,,Dark]Dragapult||ChoiceBand|ClearBody|DragonDarts,SuckerPunch,TeraBlast,Uturn|||M|||50|,,,,,Ghost]Sinistcha||SitrusBerry|Hospitality|TrickRoom,MatchaGotcha,LifeDew,RagePowder||||||50|,,,,,Fire
|inactive|Battle timer is ON: inactive players will automatically lose when time's up. (requested by LeDGeNDaRY95)
|inactive|testasdada also wants the timer to be on.
|inactive|LeDGeNDaRY95 has 60 seconds left.
|
|t:|1757042677
|teamsize|p1|4
|teamsize|p2|4
|start
|switch|p1a: Tyranitar|Tyranitar, L50, M|100/100
|switch|p1b: Excadrill|Excadrill, L50, F|100/100
|switch|p2a: Talonflame|Talonflame, L50, M, shiny|100/100
|switch|p2b: Conkeldurr|Conkeldurr, L50, M|100/100
|-weather|Sandstorm|[from] ability: Sand Stream|[of] p1a: Tyranitar
|turn|1
|inactive|testasdada has 30 seconds left.
|
|t:|1757042706
|switch|p1b: Gholdengo|Gholdengo, L50|100/100
|-terastallize|p1a: Tyranitar|Flying
|move|p2b: Conkeldurr|Protect|p2b: Conkeldurr
|-singleturn|p2b: Conkeldurr|Protect
|move|p2a: Talonflame|Tailwind|p2a: Talonflame
|-sidestart|p2: LeDGeNDaRY95|move: Tailwind
|move|p1a: Tyranitar|Rock Slide|p2a: Talonflame|[spread] p2a
|-activate|p2b: Conkeldurr|move: Protect
|-supereffective|p2a: Talonflame
|-damage|p2a: Talonflame|0 fnt
|faint|p2a: Talonflame
|
|-weather|Sandstorm|[upkeep]
|-damage|p2b: Conkeldurr|94/100|[from] Sandstorm
|-damage|p1a: Tyranitar|95/100|[from] Sandstorm
|-status|p2b: Conkeldurr|brn|[from] item: Flame Orb
|upkeep
|
|t:|1757042725
|switch|p2a: Mamoswine|Mamoswine, L50, M|100/100
|turn|2
|inactive|LeDGeNDaRY95 has 30 seconds left.
|inactive|LeDGeNDaRY95 has 20 seconds left.
|inactive|LeDGeNDaRY95 has 15 seconds left.
|inactive|LeDGeNDaRY95 has 10 seconds left.
|
|t:|1757042774
|-terastallize|p2a: Mamoswine|Bug
|move|p2b: Conkeldurr|Mach Punch|p1a: Tyranitar
|-resisted|p1a: Tyranitar
|-damage|p1a: Tyranitar|79/100
|move|p2a: Mamoswine|Icicle Spear|p1a: Tyranitar
|-supereffective|p1a: Tyranitar
|-damage|p1a: Tyranitar|59/100
|-supereffective|p1a: Tyranitar
|-damage|p1a: Tyranitar|39/100
|-supereffective|p1a: Tyranitar
|-damage|p1a: Tyranitar|16/100
|-supereffective|p1a: Tyranitar
|-damage|p1a: Tyranitar|0 fnt
|faint|p1a: Tyranitar
|-hitcount|p1: Tyranitar|4
|move|p1b: Gholdengo|Make It Rain|p2b: Conkeldurr|[spread] p2a,p2b
|-damage|p2a: Mamoswine|33/100
|-damage|p2b: Conkeldurr|33/100 brn
|-unboost|p1b: Gholdengo|spa|1
|
|-weather|Sandstorm|[upkeep]
|-damage|p2a: Mamoswine|27/100|[from] Sandstorm
|-damage|p2b: Conkeldurr|27/100 brn|[from] Sandstorm
|-damage|p2b: Conkeldurr|21/100 brn|[from] brn
|upkeep
|
|t:|1757042784
|switch|p1a: Excadrill|Excadrill, L50, F|100/100
|turn|3
|
|t:|1757042798
|move|p2b: Conkeldurr|Mach Punch|p1a: Excadrill
|-supereffective|p1a: Excadrill
|-enditem|p1a: Excadrill|Focus Sash
|-damage|p1a: Excadrill|1/100
|move|p1a: Excadrill|Iron Head|p2a: Mamoswine
|-damage|p2a: Mamoswine|0 fnt
|faint|p2a: Mamoswine
|move|p1b: Gholdengo|Shadow Ball|p2b: Conkeldurr
|-damage|p2b: Conkeldurr|0 fnt
|faint|p2b: Conkeldurr
|
|-weather|Sandstorm|[upkeep]
|upkeep
|
|t:|1757042808
|switch|p2b: Archaludon|Archaludon, L50, F, shiny|100/100
|turn|4
|
|t:|1757042818
|move|p1a: Excadrill|High Horsepower|p2b: Archaludon
|-supereffective|p2b: Archaludon
|-damage|p2b: Archaludon|20/100
|-ability|p2b: Archaludon|Stamina|boost
|-boost|p2b: Archaludon|def|1
|move|p2b: Archaludon|Dragon Pulse|p1a: Excadrill
|-resisted|p1a: Excadrill
|-damage|p1a: Excadrill|0 fnt
|faint|p1a: Excadrill
|move|p1b: Gholdengo|Shadow Ball|p2b: Archaludon
|-damage|p2b: Archaludon|0 fnt
|faint|p2b: Archaludon
|
|win|testasdada
|raw|testasdada's rating: 1028 → 1072(+44 for winning)
|raw|LeDGeNDaRY95's rating: 1104 → 1074(-30 for losing)
|c|☆LeDGeNDaRY95|gg
|c|☆testasdada|gg
