|j|☆ToastedArt
|j|☆bearlover997
|html|ToastedArtbearlover997    
|uhtml|bestof|Game 2 of a best-of-3
|t:|1784535676
|gametype|doubles
|player|p1|ToastedArt|iris|1103
|player|p2|bearlover997|sage|1169
|gen|9
|tier|[Gen 9 Champions] VGC 2026 Reg M-B (Bo3)
|rated|
|rule|Species Clause: Limit one of each Pokémon
|rule|Item Clause: Limit 1 of each item
|clearpoke
|poke|p1|Falinks, L50, shiny|
|poke|p1|Incineroar, L50, M|
|poke|p1|Basculegion, L50, M|
|poke|p1|Sneasler, L50, F|
|poke|p1|Vanilluxe, L50, M, shiny|
|poke|p1|Dragonite, L50, M|
|poke|p2|Mamoswine, L50, M, shiny|
|poke|p2|Ninetales-Alola, L50, M|
|poke|p2|Eelektross, L50, M, shiny|
|poke|p2|Oranguru, L50, M|
|poke|p2|Whimsicott, L50, M|
|poke|p2|Incineroar, L50, M|
|teampreview|4
|showteam|p1|Falinks||Falinksite|Defiant|NoRetreat,CloseCombat,RockSlide,Protect|Adamant|||||50|]Incineroar||PasshoBerry|Intimidate|FlareBlitz,ThroatChop,FakeOut,PartingShot|Adamant||M|||50|]Basculegion||SitrusBerry|Adaptability|WaveCrash,LastRespects,AquaJet,Protect|Adamant||M|||50|]Sneasler||FocusSash|PoisonTouch|PoisonJab,CloseCombat,FakeOut,Coaching|Jolly||F|||50|]Vanilluxe||ChoiceScarf|SnowWarning|Blizzard,FreezeDry,IcyWind,SheerCold|Modest||M|||50|]Dragonite||LifeOrb|InnerFocus|DragonClaw,ExtremeSpeed,ThunderPunch,Tailwind|Adamant||M|||50|
|showteam|p2|Mamoswine||LifeOrb|Oblivious|IceShard,Earthquake,Protect,RockSlide|Adamant||M|||50|]Ninetales-Alola||FocusSash|SnowWarning|Encore,Disable,Blizzard,Protect|Timid||M|||50|]Eelektross||Eelektrossite|Levitate|Discharge,Protect,Flamethrower,GigaDrain|Modest||M|||50|]Oranguru||MentalHerb|Telepathy|TrickRoom,Instruct,Protect,PsychicNoise|Sassy||M|||50|]Whimsicott||Leftovers|Prankster|Encore,Tailwind,FakeTears,Moonblast|Bold||M|||50|]Incineroar||PasshoBerry|Intimidate|FakeOut,PartingShot,FlareBlitz,CloseCombat|Adamant||M|||50|
|inactive|Battle timer is ON: inactive players will automatically lose when time's up. (requested by ToastedArt)
|inactive|bearlover997 also wants the timer to be on.
|inactive|ToastedArt has 60 seconds left.
|
|t:|1784535716
|teamsize|p1|4
|teamsize|p2|4
|start
|switch|p1a: Sneasler|Sneasler, L50, F|100/100
|switch|p1b: Incineroar|Incineroar, L50, M|100/100
|switch|p2a: Whimsicott|Whimsicott, L50, M|100/100
|switch|p2b: Ninetales|Ninetales-Alola, L50, M|100/100
|-weather|Snowscape|[from] ability: Snow Warning|[of] p2b: Ninetales
|-ability|p1b: Incineroar|Intimidate|boost
|-unboost|p2a: Whimsicott|atk|1
|-unboost|p2b: Ninetales|atk|1
|turn|1
|inactive|ToastedArt has 30 seconds left.
|
|t:|1784535743
|move|p2b: Ninetales|Protect|p2b: Ninetales
|-singleturn|p2b: Ninetales|Protect
|move|p1b: Incineroar|Fake Out|p2b: Ninetales
|-activate|p2b: Ninetales|move: Protect
|move|p2a: Whimsicott|Tailwind|p2a: Whimsicott
|-sidestart|p2: bearlover997|move: Tailwind
|move|p1a: Sneasler|Poison Jab|p2a: Whimsicott
|-supereffective|p2a: Whimsicott|2
|-damage|p2a: Whimsicott|0 fnt
|faint|p2a: Whimsicott
|
|-weather|Snowscape|[upkeep]
|upkeep
|
|t:|1784535752
|switch|p2a: Mamoswine|Mamoswine, L50, M, shiny|100/100
|turn|2
|inactive|ToastedArt has 30 seconds left.
|
|t:|1784535780
|move|p2b: Ninetales|Blizzard|p1a: Sneasler|[spread] p1a,p1b
|-resisted|p1b: Incineroar|1
|-damage|p1a: Sneasler|65/100
|-damage|p1b: Incineroar|87/100
|move|p2a: Mamoswine|Earthquake|p1b: Incineroar|[spread] p2b,p1a,p1b
|-supereffective|p1a: Sneasler|1
|-supereffective|p1b: Incineroar|1
|-damage|p2b: Ninetales|56/100
|-damage|p1a: Sneasler|0 fnt
|-damage|p1b: Incineroar|0 fnt
|faint|p1a: Sneasler
|faint|p1b: Incineroar
|-damage|p2a: Mamoswine|90/100|[from] item: Life Orb
|
|-weather|Snowscape|[upkeep]
|upkeep
|
|t:|1784535790
|switch|p1a: Basculegion|Basculegion, L50, M|100/100
|switch|p1b: Falinks|Falinks, L50, shiny|100/100
|turn|3
|
|t:|1784535807
|detailschange|p1b: Falinks|Falinks-Mega, L50, shiny
|-mega|p1b: Falinks|Falinks|Falinksite
|move|p2b: Ninetales|Blizzard|p1b: Falinks|[spread] p1a,p1b
|-resisted|p1a: Basculegion|1
|-damage|p1a: Basculegion|86/100
|-damage|p1b: Falinks|64/100
|move|p2a: Mamoswine|Earthquake|p1a: Basculegion|[spread] p2b,p1a,p1b
|-damage|p2b: Ninetales|12/100
|-damage|p1a: Basculegion|19/100
|-damage|p1b: Falinks|12/100
|-enditem|p1a: Basculegion|Sitrus Berry|[eat]
|-heal|p1a: Basculegion|44/100|[from] item: Sitrus Berry
|-damage|p2a: Mamoswine|80/100|[from] item: Life Orb
|move|p1b: Falinks|Rock Slide|p2b: Ninetales|[spread] p2a,p2b
|-supereffective|p2b: Ninetales|1
|-damage|p2a: Mamoswine|69/100
|-damage|p2b: Ninetales|0 fnt
|faint|p2b: Ninetales
|move|p1a: Basculegion|Wave Crash|p2a: Mamoswine
|-supereffective|p2a: Mamoswine|1
|-damage|p2a: Mamoswine|0 fnt
|faint|p2a: Mamoswine
|-damage|p1a: Basculegion|23/100|[from] Recoil
|
|-weather|Snowscape|[upkeep]
|upkeep
|
|t:|1784535828
|switch|p2b: Eelektross|Eelektross, L50, M, shiny|100/100
|turn|4
|
|t:|1784535846
|detailschange|p2b: Eelektross|Eelektross-Mega, L50, M, shiny
|-mega|p2b: Eelektross|Eelektross|Eelektrossite
|move|p2b: Eelektross|Discharge|p1a: Basculegion|[spread] p1a,p1b
|-supereffective|p1a: Basculegion|1
|-damage|p1a: Basculegion|0 fnt
|-damage|p1b: Falinks|0 fnt
|faint|p1a: Basculegion
|faint|p1b: Falinks
|
|win|bearlover997
