|j|☆magic 561
|j|☆i miss wicked..
|html|magic 561i miss wicked..    
|uhtml|bestof|Game 1 of a best-of-3
|t:|1755591945
|gametype|doubles
|player|p1|magic 561|266|1356
|player|p2|i miss wicked..|clemont|1339
|gen|9
|tier|[Gen 9] VGC 2025 Reg H (Bo3)
|rated|
|rule|Species Clause: Limit one of each Pokémon
|rule|Item Clause: Limit 1 of each item
|clearpoke
|poke|p1|Hydreigon, L50, F|
|poke|p1|Metagross, L50|
|poke|p1|Ninetales-Alola, L50, F|
|poke|p1|Basculegion, L50, M|
|poke|p1|Kilowattrel, L50, M|
|poke|p1|Incineroar, L50, F|
|poke|p2|Gholdengo, L50|
|poke|p2|Sneasler, L50, M|
|poke|p2|Rillaboom, L50, M|
|poke|p2|Dragonite, L50, F|
|poke|p2|Ninetales-Alola, L50, F|
|poke|p2|Arcanine-Hisui, L50, M|
|teampreview|4
|showteam|p1|Hydreigon||LifeOrb|Levitate|DarkPulse,DracoMeteor,EarthPower,Protect|||F|||50|,,,,,Poison]Metagross||AssaultVest|ClearBody|BulletPunch,HeavySlam,PsychicFangs,HammerArm||||||50|,,,,,Water]Ninetales-Alola||NeverMeltIce|SnowWarning|Moonblast,IcyWind,Blizzard,Protect|||F|||50|,,,,,Ice]Basculegion||ChoiceScarf|Adaptability|WaveCrash,LastRespects,AquaJet,FlipTurn|||M|||50|,,,,,Grass]Kilowattrel||FocusSash|Competitive|Thunderbolt,AirSlash,Tailwind,Protect|||M|||50|,,,,,Ghost]Incineroar||SitrusBerry|Intimidate|KnockOff,FlareBlitz,PartingShot,FakeOut|||F|||50|,,,,,Ghost
|showteam|p2|Gholdengo||GrassySeed|GoodasGold|NastyPlot,MakeItRain,ShadowBall,Protect||||||50|,,,,,Water]Sneasler||WhiteHerb|Unburden|CloseCombat,DireClaw,Coaching,Protect|||M|||50|,,,,,Ghost]Rillaboom||AssaultVest|GrassySurge|FakeOut,GrassyGlide,DrumBeating,HighHorsepower|||M|||50|,,,,,Fire]Dragonite||LoadedDice|Multiscale|ScaleShot,Haze,StompingTantrum,Protect|||F|||50|,,,,,Ground]Ninetales-Alola||FocusSash|SnowWarning|Blizzard,IcyWind,Encore,AuroraVeil|||F|||50|,,,,,Ghost]Arcanine-Hisui||ClearAmulet|Intimidate|RockSlide,FlareBlitz,ExtremeSpeed,Protect|||M|||50|,,,,,Water
|inactive|Battle timer is ON: inactive players will automatically lose when time's up. (requested by i miss wicked..)
|inactive|magic 561 also wants the timer to be on.
|inactive|magic 561 has 60 seconds left.
|
|t:|1755591978
|teamsize|p1|4
|teamsize|p2|4
|start
|switch|p1a: Kilowattrel|Kilowattrel, L50, M|100/100
|switch|p1b: Basculegion|Basculegion, L50, M|100/100
|switch|p2a: Sneasler|Sneasler, L50, M|100/100
|switch|p2b: Dragonite|Dragonite, L50, F|100/100
|turn|1
|inactive|magic 561 has 30 seconds left.
|
|t:|1755592012
|-terastallize|p2b: Dragonite|Ground
|move|p2a: Sneasler|Protect|p2a: Sneasler
|-singleturn|p2a: Sneasler|Protect
|move|p1b: Basculegion|Wave Crash|p2a: Sneasler
|-activate|p2a: Sneasler|move: Protect
|move|p1a: Kilowattrel|Tailwind|p1a: Kilowattrel
|-sidestart|p1: magic 561|move: Tailwind
|move|p2b: Dragonite|Scale Shot|p1a: Kilowattrel
|-damage|p1a: Kilowattrel|72/100
|-damage|p1a: Kilowattrel|42/100
|-damage|p1a: Kilowattrel|14/100
|-damage|p1a: Kilowattrel|0 fnt
|faint|p1a: Kilowattrel
|-hitcount|p1: Kilowattrel|4
|-unboost|p2b: Dragonite|def|1
|-boost|p2b: Dragonite|spe|1
|
|upkeep
|
|t:|1755592019
|switch|p1a: Metagross|Metagross, L50|100/100
|turn|2
|
|t:|1755592034
|move|p1b: Basculegion|Wave Crash|p2b: Dragonite
|-supereffective|p2b: Dragonite
|-damage|p2b: Dragonite|0 fnt
|faint|p2b: Dragonite
|-damage|p1b: Basculegion|72/100|[from] Recoil
|move|p1a: Metagross|Psychic Fangs|p2a: Sneasler
|-supereffective|p2a: Sneasler
|-damage|p2a: Sneasler|0 fnt
|faint|p2a: Sneasler
|
|upkeep
|l|☆i miss wicked..
|inactive|i miss wicked.. disconnected and has a minute to reconnect!
|player|p2|
|inactive|i miss wicked.. has 30 seconds left.
|inactive|i miss wicked.. has 20 seconds left.
|inactive|i miss wicked.. has 15 seconds left.
|inactive|i miss wicked.. has 10 seconds left.
|inactive|i miss wicked.. has 5 seconds left.
|-message|i miss wicked.. lost due to inactivity.
|
|win|magic 561
||magic 561 is ready for game 2.
|inactive|i miss wicked.. has 0 seconds to reconnect!
|raw|magic 561's rating: 1356 → 1375(+19 for winning)
|raw|i miss wicked..'s rating: 1339 → 1320(-19 for losing)
||Ladder isn't responding, score probably updated but might not have ().
