|j|☆parmesanlugubre206
|j|☆prlt1 jurrasicz
|html|parmesanlugubre206prlt1 jurrasicz    
|uhtml|bestof|Game 1 of a best-of-3
|t:|1783562087
|gametype|doubles
|player|p1|parmesanlugubre206|ethan|1246
|player|p2|prlt1 jurrasicz|pokemaniac|1331
|gen|9
|tier|[Gen 9 Champions] VGC 2026 Reg M-B (Bo3)
|rated|
|rule|Species Clause: Limit one of each Pokémon
|rule|Item Clause: Limit 1 of each item
|clearpoke
|poke|p1|Camerupt, L50, M|
|poke|p1|Audino, L50, M|
|poke|p1|Torkoal, L50, F|
|poke|p1|Incineroar, L50, M|
|poke|p1|Mawile, L50, M|
|poke|p1|Farigiraf, L50, M, shiny|
|poke|p2|Charizard, L50, M|
|poke|p2|Whimsicott, L50, F|
|poke|p2|Floette-Eternal, L50, F|
|poke|p2|Basculegion, L50, M|
|poke|p2|Garchomp, L50, F|
|poke|p2|Kingambit, L50, M, shiny|
|teampreview|4
|showteam|p1|Camerupt||Cameruptite|SolidRock|Eruption,EarthPower,AncientPower,Protect|Serious||M|||50|]Audino||ChopleBerry|Regenerator|TrickRoom,Encore,HealingWish,HelpingHand|Sassy||M|||50|]Torkoal||Charcoal|Drought|Eruption,WeatherBall,SolarBeam,Protect|Quiet||F|||50|]Incineroar||LifeOrb|Intimidate|FlareBlitz,CloseCombat,DarkestLariat,FakeOut|Brave||M|||50|]Mawile||Mawilite|Intimidate|PlayRough,SuckerPunch,IronHead,Protect|Brave||M|||50|]Farigiraf||ColburBerry|ArmorTail|Psychic,Thunderbolt,TrickRoom,Protect|Relaxed||M|||50|
|showteam|p2|Charizard||CharizarditeY|Blaze|HeatWave,SolarBeam,WeatherBall,Protect|Modest||M|||50|]Whimsicott||FocusSash|Prankster|Moonblast,Encore,Tailwind,Protect|Timid||F|||50|]Floette-Eternal||Floettite|FlowerVeil|Moonblast,DazzlingGleam,LightofRuin,Protect|Timid||F|||50|]Basculegion||MysticWater|Adaptability|WaveCrash,AquaJet,LastRespects,Protect|Adamant||M|||50|]Garchomp||LifeOrb|RoughSkin|DragonClaw,Earthquake,RockSlide,Protect|Jolly||F|||50|]Kingambit||OccaBerry|Defiant|KowtowCleave,SuckerPunch,IronHead,Protect|Adamant||M|||50|
|inactive|Battle timer is ON: inactive players will automatically lose when time's up. (requested by parmesanlugubre206)
|inactive|parmesanlugubre206 has 60 seconds left.
|inactive|prlt1 jurrasicz has 60 seconds left.
|
|t:|1783562142
|teamsize|p1|4
|teamsize|p2|4
|start
|switch|p1a: Audino|Audino, L50, M|100/100
|switch|p1b: Incineroar|Incineroar, L50, M|100/100
|switch|p2a: Charizard|Charizard, L50, M|100/100
|switch|p2b: Kingambit|Kingambit, L50, M, shiny|100/100
|-ability|p1b: Incineroar|Intimidate|boost
|-unboost|p2a: Charizard|atk|1
|-unboost|p2b: Kingambit|atk|1
|-ability|p2b: Kingambit|Defiant|boost
|-boost|p2b: Kingambit|atk|2
|turn|1
|
|t:|1783562159
|detailschange|p2a: Charizard|Charizard-Mega-Y, L50, M
|-mega|p2a: Charizard|Charizard|Charizardite Y
|-weather|SunnyDay|[from] ability: Drought|[of] p2a: Charizard
|move|p1b: Incineroar|Fake Out|p2b: Kingambit
|-resisted|p2b: Kingambit|1
|-damage|p2b: Kingambit|92/100
|-damage|p1b: Incineroar|90/100|[from] item: Life Orb
|move|p2a: Charizard|Weather Ball|p1a: Audino
|-damage|p1a: Audino|44/100
|cant|p2b: Kingambit|flinch
|move|p1a: Audino|Trick Room|p1a: Audino
|-fieldstart|move: Trick Room|[of] p1a: Audino
|
|-weather|SunnyDay|[upkeep]
|upkeep
|turn|2
|inactive|prlt1 jurrasicz has 30 seconds left.
|inactive|prlt1 jurrasicz has 20 seconds left.
|inactive|prlt1 jurrasicz has 15 seconds left.
|
|t:|1783562200
|move|p2b: Kingambit|Protect|p2b: Kingambit
|-singleturn|p2b: Kingambit|Protect
|move|p1a: Audino|Healing Wish|p1a: Audino
|faint|p1a: Audino
|move|p1b: Incineroar|Close Combat|p2b: Kingambit
|-activate|p2b: Kingambit|move: Protect
|move|p2a: Charizard|Weather Ball|p1b: Incineroar
|-resisted|p1b: Incineroar|1
|-crit|p1b: Incineroar
|-damage|p1b: Incineroar|33/100
|
|-weather|SunnyDay|[upkeep]
|upkeep
|
|t:|1783562207
|switch|p1a: Camerupt|Camerupt, L50, M|100/100
|turn|3
|
|t:|1783562222
|switch|p1b: Torkoal|Torkoal, L50, F|100/100
|detailschange|p1a: Camerupt|Camerupt-Mega, L50, M
|-mega|p1a: Camerupt|Camerupt|Cameruptite
|move|p2a: Charizard|Protect|p2a: Charizard
|-singleturn|p2a: Charizard|Protect
|move|p2b: Kingambit|Sucker Punch||[still]
|-fail|p2b: Kingambit
|move|p1a: Camerupt|Earth Power|p2b: Kingambit
|-supereffective|p2b: Kingambit|1
|-damage|p2b: Kingambit|0 fnt
|faint|p2b: Kingambit
|
|-weather|SunnyDay|[upkeep]
|upkeep
|
|t:|1783562235
|switch|p2b: Garchomp|Garchomp, L50, F|100/100
|turn|4
|
|t:|1783562252
|move|p1b: Torkoal|Eruption|p2a: Charizard|[spread] p2a,p2b
|-resisted|p2a: Charizard|1
|-resisted|p2b: Garchomp|1
|-damage|p2a: Charizard|63/100
|-damage|p2b: Garchomp|56/100
|move|p1a: Camerupt|Eruption|p2b: Garchomp|[spread] p2a,p2b
|-resisted|p2a: Charizard|1
|-resisted|p2b: Garchomp|1
|-damage|p2a: Charizard|18/100
|-damage|p2b: Garchomp|8/100
|move|p2a: Charizard|Heat Wave|p1a: Camerupt|[spread] p1a,p1b
|-resisted|p1a: Camerupt|1
|-resisted|p1b: Torkoal|1
|-damage|p1a: Camerupt|73/100
|-damage|p1b: Torkoal|57/100
|move|p2b: Garchomp|Earthquake|p1a: Camerupt|[spread] p1a,p1b
|-immune|p2a: Charizard
|-supereffective|p1a: Camerupt|1
|-supereffective|p1b: Torkoal|1
|-damage|p1a: Camerupt|0 fnt
|-damage|p1b: Torkoal|0 fnt
|faint|p1a: Camerupt
|faint|p1b: Torkoal
|-damage|p2b: Garchomp|0 fnt|[from] item: Life Orb
|faint|p2b: Garchomp
|
|-weather|SunnyDay|[upkeep]
|upkeep
|-message|parmesanlugubre206 forfeited.
|
|win|prlt1 jurrasicz
|l|☆parmesanlugubre206
|player|p1|
||parmesanlugubre206 is ready for game 2.
||prlt1 jurrasicz is ready for game 2.
|uhtml|next|Next: Game 2 of 3
