|j|☆SupernovaSZ8
|j|☆DamEdge
|html|SupernovaSZ8DamEdge    
|uhtml|bestof|Game 1 of a best-of-3
|t:|1757910972
|gametype|doubles
|player|p1|SupernovaSZ8|nessa|1200
|player|p2|DamEdge|teamrocket|1153
|gen|9
|tier|[Gen 9] VGC 2025 Reg H (Bo3)
|rated|
|rule|Species Clause: Limit one of each Pokémon
|rule|Item Clause: Limit 1 of each item
|clearpoke
|poke|p1|Torkoal, L50, M|
|poke|p1|Jumpluff, L50, F|
|poke|p1|Ursaluna, L50, M|
|poke|p1|Dragonite, L50, M|
|poke|p1|Typhlosion-Hisui, L50, F|
|poke|p1|Indeedee, L50, M|
|poke|p2|Cloyster, L50, M|
|poke|p2|Sneasler, L50, F|
|poke|p2|Indeedee-F, L50, F|
|poke|p2|Dragonite, L50, F|
|poke|p2|Ursaluna-Bloodmoon, L50, M|
|poke|p2|Gholdengo, L50|
|teampreview|4
|showteam|p1|Torkoal||EjectPack|Drought|Overheat,ClearSmog,HelpingHand,Yawn|||M|||50|,,,,,Grass]Jumpluff||CovertCloak|Chlorophyll|Tailwind,Encore,SleepPowder,LeafStorm|||F|||50|,,,,,Water]Ursaluna||FlameOrb|Guts|Facade,HeadlongRush,Earthquake,Protect|||M|||50|,,,,,Ghost]Dragonite||LoadedDice|Multiscale|ScaleShot,StompingTantrum,Haze,Protect|||M|||50|,,,,,Steel]Typhlosion-Hisui||ChoiceSpecs|Blaze|Eruption,HeatWave,Flamethrower,ShadowBall|||F|||50|,,,,,Fire]Indeedee||FocusSash|PsychicSurge|ExpandingForce,TeraBlast,HelpingHand,Protect|||M|||50|,,,,,Fighting
|showteam|p2|Cloyster||FocusSash|SkillLink|IcicleSpear,RockBlast,ShellSmash,Protect|||M|||50|,,,,,Ghost]Sneasler||PsychicSeed|Unburden|CloseCombat,DireClaw,ThroatChop,Protect|||F|||50|,,,,,Dark]Indeedee-F||SafetyGoggles|PsychicSurge|Psychic,FollowMe,TrickRoom,HelpingHand|||F|||50|,,,,,Fairy]Dragonite||LoadedDice|Multiscale|ScaleShot,ExtremeSpeed,Haze,Protect|||F|||50|,,,,,Fairy]Ursaluna-Bloodmoon||AssaultVest|MindsEye|BloodMoon,HyperVoice,VacuumWave,EarthPower|||M|||50|,,,,,Poison]Gholdengo||MetalCoat|GoodasGold|MakeItRain,ShadowBall,NastyPlot,Protect||||||50|,,,,,Water
|
|t:|1757911011
|teamsize|p1|4
|teamsize|p2|4
|start
|switch|p1a: Typhlosion|Typhlosion-Hisui, L50, F, shiny|100/100
|switch|p1b: Indeedee|Indeedee, L50, M|100/100
|switch|p2a: Dragonite|Dragonite, L50, F|100/100
|switch|p2b: Indeedee|Indeedee-F, L50, F|100/100
|-fieldstart|move: Psychic Terrain|[from] ability: Psychic Surge|[of] p1b: Indeedee
|turn|1
|
|t:|1757911032
|move|p1b: Indeedee|Expanding Force|p2b: Indeedee|[spread] p2a,p2b
|-resisted|p2b: Indeedee
|-crit|p2b: Indeedee
|-damage|p2a: Dragonite|74/100
|-damage|p2b: Indeedee|63/100
|move|p1a: Typhlosion|Eruption|p2a: Dragonite|[spread] p2a,p2b
|-resisted|p2a: Dragonite
|-damage|p2a: Dragonite|31/100
|-damage|p2b: Indeedee|0 fnt
|faint|p2b: Indeedee
|move|p2a: Dragonite|Scale Shot|p1b: Indeedee
|-damage|p1b: Indeedee|69/100
|-damage|p1b: Indeedee|39/100
|-crit|p1b: Indeedee
|-damage|p1b: Indeedee|0 fnt
|faint|p1b: Indeedee
|-hitcount|p1: Indeedee|3
|-unboost|p2a: Dragonite|def|1
|-boost|p2a: Dragonite|spe|1
|
|upkeep
|
|t:|1757911050
|switch|p1b: Dragonite|Dragonite, L50, M|100/100
|switch|p2b: Sneasler|Sneasler, L50, F|100/100
|-enditem|p2b: Sneasler|Psychic Seed
|-boost|p2b: Sneasler|spd|1|[from] item: Psychic Seed
|turn|2
|
|t:|1757911073
|switch|p1a: Ursaluna|Ursaluna, L50, M|100/100
|-terastallize|p1b: Dragonite|Steel
|move|p2b: Sneasler|Protect|p2b: Sneasler
|-singleturn|p2b: Sneasler|Protect
|move|p2a: Dragonite|Protect|p2a: Dragonite
|-singleturn|p2a: Dragonite|Protect
|move|p1b: Dragonite|Scale Shot|p2b: Sneasler
|-activate|p2b: Sneasler|move: Protect
|
|-status|p1a: Ursaluna|brn|[from] item: Flame Orb
|upkeep
|turn|3
|
|t:|1757911096
|switch|p1a: Typhlosion|Typhlosion-Hisui, L50, F, shiny|100/100
|move|p2b: Sneasler|Close Combat|p1a: Typhlosion
|-immune|p1a: Typhlosion
|move|p2a: Dragonite|Scale Shot|p1a: Typhlosion
|-damage|p1a: Typhlosion|78/100
|-damage|p1a: Typhlosion|58/100
|-damage|p1a: Typhlosion|37/100
|-damage|p1a: Typhlosion|16/100
|-damage|p1a: Typhlosion|0 fnt
|faint|p1a: Typhlosion
|-hitcount|p1: Typhlosion|5
|-unboost|p2a: Dragonite|def|1
|-boost|p2a: Dragonite|spe|1
|move|p1b: Dragonite|Scale Shot|p2a: Dragonite
|-supereffective|p2a: Dragonite
|-damage|p2a: Dragonite|0 fnt
|faint|p2a: Dragonite
|-hitcount|p2: Dragonite|1
|-unboost|p1b: Dragonite|def|1
|-boost|p1b: Dragonite|spe|1
|
|upkeep
|
|t:|1757911116
|switch|p1a: Ursaluna|Ursaluna, L50, M|100/100 brn
|switch|p2a: Ursaluna|Ursaluna-Bloodmoon, L50, M|100/100
|turn|4
|
|t:|1757911135
|move|p2b: Sneasler|Close Combat|p1b: Dragonite
|-supereffective|p1b: Dragonite
|-damage|p1b: Dragonite|4/100
|-unboost|p2b: Sneasler|def|1
|-unboost|p2b: Sneasler|spd|1
|move|p1b: Dragonite|Scale Shot|p2b: Sneasler
|-damage|p2b: Sneasler|61/100
|-damage|p2b: Sneasler|26/100
|-damage|p2b: Sneasler|0 fnt
|faint|p2b: Sneasler
|-hitcount|p2: Sneasler|3
|-unboost|p1b: Dragonite|def|1
|-boost|p1b: Dragonite|spe|1
|move|p2a: Ursaluna|Blood Moon|p1a: Ursaluna
|-damage|p1a: Ursaluna|25/100 brn
|move|p1a: Ursaluna|Facade|p2a: Ursaluna
|-damage|p2a: Ursaluna|0 fnt
|faint|p2a: Ursaluna
|
|win|SupernovaSZ8
|inactive|SupernovaSZ8 has 30 seconds to confirm battle start!
|inactive|DamEdge has 30 seconds to confirm battle start!
||SupernovaSZ8 is ready for game 2.
|inactive|DamEdge has 20 seconds to confirm battle start!
||DamEdge is ready for game 2.
|uhtml|next|Next: Game 2 of 3
|l|☆DamEdge
|player|p2|
|l|☆SupernovaSZ8
|player|p1|
