|j|Ōśåviatles
|j|ŌśåBuf93Labubumaxxing
|html|viatlesBuf93Labubumaxxing    
|uhtml|bestof|Game 1 of a best-of-3
|t:|1756239722
|gametype|doubles
|player|p1|viatles|hiker|1036
|player|p2|Buf93Labubumaxxing|wallace|1053
|gen|9
|tier|[Gen 9] VGC 2025 Reg H (Bo3)
|rated|
|rule|Species Clause: Limit one of each Pok├®mon
|rule|Item Clause: Limit 1 of each item
|clearpoke
|poke|p1|Oricorio-Sensu, L50, F|
|poke|p1|Volcarona, L50, M|
|poke|p1|Sylveon, L50, M|
|poke|p1|Murkrow, L50, F|
|poke|p1|Dragapult, L50, M|
|poke|p1|Baxcalibur, L50, M|
|poke|p2|Amoonguss, L50, M|
|poke|p2|Incineroar, L50, M|
|poke|p2|Gholdengo, L50|
|poke|p2|Hawlucha, L50, M|
|poke|p2|Gliscor, L50, F|
|poke|p2|Whimsicott, L50, F|
|teampreview|4
|showteam|p1|Oricorio-Sensu||FocusSash|Dancer|QuiverDance,BatonPass,RevelationDance,Protect|||F|||50|,,,,,Fighting]Volcarona||SitrusBerry|FlameBody|QuiverDance,GigaDrain,FieryDance,Protect|||M|||50|,,,,,Grass]Sylveon||ChoiceScarf|Pixilate|HyperVoice,TeraBlast,StoredPower,SleepTalk|||M|||50|,,,,,Ground]Murkrow||Eviolite|Prankster|Tailwind,FoulPlay,Haze,FeatherDance|||F|||50|,,,,,Dark]Dragapult||CovertCloak|ClearBody|DragonCheer,DragonDarts,Protect,PhantomForce|||M|||50|,,,,,Stellar]Baxcalibur||LoadedDice|ThermalExchange|IcicleSpear,ScaleShot,GlaiveRush,Protect|||M|||50|,,,,,Grass
|showteam|p2|Amoonguss||RockyHelmet|Regenerator|Spore,RagePowder,SludgeBomb,Protect|||M|||50|,,,,,Water]Incineroar||SafetyGoggles|Intimidate|FlareBlitz,KnockOff,PartingShot,FakeOut|||M|||50|,,,,,Grass]Gholdengo||LifeOrb|GoodasGold|MakeItRain,ShadowBall,NastyPlot,Protect||||||50|,,,,,Water]Hawlucha||FocusSash|MoldBreaker|Detect,Coaching,CloseCombat,BraveBird|||M|||50|,,,,,Stellar]Gliscor||SoftSand|HyperCutter|Protect,Earthquake,HighHorsepower,DualWingbeat|||F|||50|,,,,,Stellar]Whimsicott||CovertCloak|Prankster|Moonblast,Tailwind,SunnyDay,Encore|||F|||50|,,,,,Steel
|c|Ōśåviatles|gl hf
|inactive|Battle timer is ON: inactive players will automatically lose when time's up. (requested by viatles)
|l|ŌśåBuf93Labubumaxxing
|inactive|Buf93Labubumaxxing disconnected and has a minute to reconnect!
|player|p2|
|j|ŌśåBuf93Labubumaxxing
|inactive|Buf93Labubumaxxing reconnected and has 70 seconds left.
|player|p2|Buf93Labubumaxxing|wallace|
|inactive|Buf93Labubumaxxing has 60 seconds left.
|inactive|Buf93Labubumaxxing has 30 seconds left.
|inactive|Buf93Labubumaxxing has 20 seconds left.
|inactive|Buf93Labubumaxxing has 15 seconds left.
|
|t:|1756239807
|teamsize|p1|4
|teamsize|p2|4
|start
|switch|p1a: Oricorio|Oricorio-Sensu, L50, F|100/100
|switch|p1b: Volcarona|Volcarona, L50, M|100/100
|switch|p2a: Hawlucha|Hawlucha, L50, M|100/100
|switch|p2b: Gliscor|Gliscor, L50, F|100/100
|-ability|p2a: Hawlucha|Mold Breaker
|turn|1
|inactive|viatles has 30 seconds left.
|inactive|Buf93Labubumaxxing has 30 seconds left.
|inactive|viatles has 20 seconds left.
|
|t:|1756239843
|-terastallize|p2b: Gliscor|Stellar
|move|p1b: Volcarona|Protect|p1b: Volcarona
|-singleturn|p1b: Volcarona|Protect
|move|p2a: Hawlucha|Coaching|p2b: Gliscor
|-boost|p2b: Gliscor|atk|1
|-boost|p2b: Gliscor|def|1
|move|p1a: Oricorio|Quiver Dance|p1a: Oricorio
|-boost|p1a: Oricorio|spa|1
|-boost|p1a: Oricorio|spd|1
|-boost|p1a: Oricorio|spe|1
|move|p2b: Gliscor|Dual Wingbeat|p1b: Volcarona
|-activate|p1b: Volcarona|move: Protect
|
|upkeep
|turn|2
|inactive|viatles has 30 seconds left.
|
|t:|1756239871
|-terastallize|p1b: Volcarona|Grass
|move|p1a: Oricorio|Revelation Dance|p2b: Gliscor
|-damage|p2b: Gliscor|27/100
|move|p2a: Hawlucha|Brave Bird|p1b: Volcarona
|-supereffective|p1b: Volcarona
|-damage|p1b: Volcarona|0 fnt
|faint|p1b: Volcarona
|-damage|p2a: Hawlucha|60/100|[from] Recoil
|move|p2b: Gliscor|Dual Wingbeat|p1a: Oricorio
|-damage|p1a: Oricorio|46/100
|-damage|p1a: Oricorio|0 fnt
|faint|p1a: Oricorio
|-hitcount|p1: Oricorio|2
|
|upkeep
|
|t:|1756239886
|switch|p1a: Dragapult|Dragapult, L50, M|100/100
|switch|p1b: Sylveon|Sylveon, L50, M|100/100
|turn|3
|inactive|Buf93Labubumaxxing has 30 seconds left.
|inactive|Buf93Labubumaxxing has 20 seconds left.
|inactive|Buf93Labubumaxxing has 15 seconds left.
|inactive|Buf93Labubumaxxing has 10 seconds left.
|inactive|Buf93Labubumaxxing has 5 seconds left.
|
|t:|1756239937
|move|p1a: Dragapult|Dragon Darts|p2a: Hawlucha
|-damage|p2a: Hawlucha|25/100
|-anim|p1a: Dragapult|Dragon Darts|p2b: Gliscor
|-damage|p2b: Gliscor|11/100
|move|p2a: Hawlucha|Coaching|p2b: Gliscor
|-boost|p2b: Gliscor|atk|1
|-boost|p2b: Gliscor|def|1
|move|p1b: Sylveon|Tera Blast|p2a: Hawlucha
|-supereffective|p2a: Hawlucha
|-damage|p2a: Hawlucha|0 fnt
|faint|p2a: Hawlucha
|move|p2b: Gliscor|Earthquake|p1a: Dragapult|[spread] p1a,p1b
|-damage|p1a: Dragapult|0 fnt
|-damage|p1b: Sylveon|0 fnt
|faint|p1a: Dragapult
|faint|p1b: Sylveon
|
|win|Buf93Labubumaxxing
|inactive|viatles has 30 seconds to confirm battle start!
|inactive|Buf93Labubumaxxing has 30 seconds to confirm battle start!
||Buf93Labubumaxxing is ready for game 2.
