|j|☆PaniniWeenie
|j|☆DewosZz
|html|PaniniWeenieDewosZz    
|uhtml|bestof|Game 1 of a best-of-3
|t:|1756994084
|gametype|doubles
|player|p1|PaniniWeenie|pokemaniac|1401
|player|p2|DewosZz|101|1274
|gen|9
|tier|[Gen 9] VGC 2025 Reg H (Bo3)
|rated|
|rule|Species Clause: Limit one of each Pokémon
|rule|Item Clause: Limit 1 of each item
|clearpoke
|poke|p1|Sneasler, L50, M|
|poke|p1|Volcarona, L50, F|
|poke|p1|Dragonite, L50, M|
|poke|p1|Rillaboom, L50, F|
|poke|p1|Electabuzz, L50, F|
|poke|p1|Kingambit, L50, M|
|poke|p2|Annihilape, L50, F|
|poke|p2|Sinistcha, L50|
|poke|p2|Maushold-Four, L50|
|poke|p2|Klefki, L50, M|
|poke|p2|Ursaluna-Bloodmoon, L50, M|
|poke|p2|Ninetales-Alola, L50, F|
|teampreview|4
|showteam|p1|Sneasler||FocusSash|PoisonTouch|DireClaw,CloseCombat,FakeOut,Coaching|||M|||50|,,,,,Stellar]Volcarona||Leftovers|FlameBody|HeatWave,QuiverDance,Protect,TeraBlast|||F|||50|,,,,,Fairy]Dragonite||LoadedDice|Multiscale|ScaleShot,ExtremeSpeed,Haze,Protect|||M|||50|,,,,,Steel]Rillaboom||AssaultVest|GrassySurge|WoodHammer,GrassyGlide,HighHorsepower,FakeOut|||F|||50|,,,,,Fire]Electabuzz||Eviolite|VitalSpirit|FollowMe,Thunderbolt,Taunt,Protect|||F|||50|,,,,,Ghost]Kingambit||BlackGlasses|Defiant|KowtowCleave,SuckerPunch,SwordsDance,Protect|||M|||50|,,,,,Dark
|showteam|p2|Annihilape||Leftovers|Defiant|Protect,BulkUp,DrainPunch,RageFist|||F|||50|,,,,,Fire]Sinistcha||SitrusBerry|Hospitality|MatchaGotcha,TrickRoom,LifeDew,RagePowder||||||50|,,,,,Water]Maushold-Four||SafetyGoggles|FriendGuard|FollowMe,Taunt,BeatUp,Protect||||||50|,,,,,Ghost]Klefki||LightClay|Prankster|Reflect,LightScreen,MistyTerrain,DazzlingGleam|||M|||50|,,,,,Ghost]Ursaluna-Bloodmoon||AssaultVest|MindsEye|BloodMoon,HyperVoice,EarthPower,VacuumWave|||M|||50|,,,,,Water]Ninetales-Alola||FocusSash|SnowWarning|Protect,Encore,FreezeDry,Blizzard|||F|||50|,,,,,Ghost
|
|t:|1756994118
|teamsize|p1|4
|teamsize|p2|4
|start
|switch|p1a: Sneasler|Sneasler, L50, M|100/100
|switch|p1b: Volcarona|Volcarona, L50, F|100/100
|switch|p2a: Klefki|Klefki, L50, M|100/100
|switch|p2b: Annihilape|Annihilape, L50, F, shiny|100/100
|turn|1
|
|t:|1756994125
|move|p2a: Klefki|Reflect|p2a: Klefki
|-sidestart|p2: DewosZz|Reflect
|move|p1a: Sneasler|Coaching|p1b: Volcarona
|-boost|p1b: Volcarona|atk|1
|-boost|p1b: Volcarona|def|1
|move|p2b: Annihilape|Bulk Up|p2b: Annihilape
|-boost|p2b: Annihilape|atk|1
|-boost|p2b: Annihilape|def|1
|move|p1b: Volcarona|Quiver Dance|p1b: Volcarona
|-boost|p1b: Volcarona|spa|1
|-boost|p1b: Volcarona|spd|1
|-boost|p1b: Volcarona|spe|1
|
|upkeep
|turn|2
|
|t:|1756994134
|move|p2a: Klefki|Light Screen|p2a: Klefki
|-sidestart|p2: DewosZz|move: Light Screen
|move|p1b: Volcarona|Quiver Dance|p1b: Volcarona
|-boost|p1b: Volcarona|spa|1
|-boost|p1b: Volcarona|spd|1
|-boost|p1b: Volcarona|spe|1
|move|p1a: Sneasler|Coaching|p1b: Volcarona
|-boost|p1b: Volcarona|atk|1
|-boost|p1b: Volcarona|def|1
|move|p2b: Annihilape|Bulk Up|p2b: Annihilape
|-boost|p2b: Annihilape|atk|1
|-boost|p2b: Annihilape|def|1
|
|upkeep
|turn|3
|
|t:|1756994145
|switch|p2a: Maushold|Maushold-Four, L50|100/100
|-terastallize|p1b: Volcarona|Fairy
|-terastallize|p2b: Annihilape|Fire
|move|p1b: Volcarona|Tera Blast|p2b: Annihilape|[anim] Tera Blast Fairy
|-resisted|p2b: Annihilape
|-damage|p2b: Annihilape|83/100
|move|p1a: Sneasler|Coaching|p1b: Volcarona
|-boost|p1b: Volcarona|atk|1
|-boost|p1b: Volcarona|def|1
|move|p2b: Annihilape|Bulk Up|p2b: Annihilape
|-boost|p2b: Annihilape|atk|1
|-boost|p2b: Annihilape|def|1
|
|-heal|p2b: Annihilape|89/100|[from] item: Leftovers
|upkeep
|turn|4
|
|t:|1756994156
|move|p1b: Volcarona|Quiver Dance|p1b: Volcarona
|-boost|p1b: Volcarona|spa|1
|-boost|p1b: Volcarona|spd|1
|-boost|p1b: Volcarona|spe|1
|move|p1a: Sneasler|Coaching|p1b: Volcarona
|-boost|p1b: Volcarona|atk|1
|-boost|p1b: Volcarona|def|1
|move|p2a: Maushold|Beat Up|p2b: Annihilape
|-damage|p2b: Annihilape|89/100
|-damage|p2b: Annihilape|88/100
|-damage|p2b: Annihilape|88/100
|-damage|p2b: Annihilape|87/100
|-hitcount|p2b: Annihilape|4
|move|p2b: Annihilape|Rage Fist|p1b: Volcarona
|-damage|p1b: Volcarona|0 fnt
|faint|p1b: Volcarona
|
|-heal|p2b: Annihilape|93/100|[from] item: Leftovers
|upkeep
|inactive|Battle timer is ON: inactive players will automatically lose when time's up. (requested by DewosZz)
|-message|PaniniWeenie forfeited.
|
|win|DewosZz
||PaniniWeenie is ready for game 2.
||DewosZz is ready for game 2.
|uhtml|next|Next: Game 2 of 3
|l|☆DewosZz
|player|p2|
