|j|☆Xodroont
|j|☆Stitches536353
|html|XodroontStitches536353    
|uhtml|bestof|Game 1 of a best-of-3
|t:|1757686972
|gametype|doubles
|player|p1|Xodroont|rocketgrunt|1123
|player|p2|Stitches536353|265|1152
|gen|9
|tier|[Gen 9] VGC 2025 Reg H (Bo3)
|rated|
|rule|Species Clause: Limit one of each Pokémon
|rule|Item Clause: Limit 1 of each item
|clearpoke
|poke|p1|Tsareena, L50, F|
|poke|p1|Pelipper, L50, M|
|poke|p1|Basculegion, L50, M|
|poke|p1|Venonat, L50, F|
|poke|p1|Rillaboom, L50, F|
|poke|p1|Archaludon, L50, M|
|poke|p2|Annihilape, L50, F|
|poke|p2|Whimsicott, L50, M|
|poke|p2|Garchomp, L50, M|
|poke|p2|Clefable, L50, F|
|poke|p2|Hydreigon, L50, M|
|poke|p2|Gholdengo, L50|
|teampreview|4
|showteam|p1|Tsareena||SitrusBerry|QueenlyMajesty|Uturn,GrassyGlide,Protect,TripleAxel|||F|||50|,,,,,Grass]Pelipper||FocusSash|Drizzle|Hurricane,WeatherBall,Tailwind,Protect|||M|||50|,,,,,Ghost]Basculegion||MysticWater|SwiftSwim|Protect,WaveCrash,AquaJet,LastRespects|||M|||50|,,,,,Water]Venonat||Eviolite|CompoundEyes|RagePowder,GigaDrain,Toxic,SleepPowder|||F|||50|,,,,,Dragon]Rillaboom||GrassySeed|GrassySurge|GrassyGlide,KnockOff,Uturn,FakeOut|||F|||50|,,,,,Grass]Archaludon||AssaultVest|Stamina|ElectroShot,DragonPulse,FlashCannon,BodyPress|||M|||50|,,,,,Grass
|showteam|p2|Annihilape||SafetyGoggles|Defiant|Protect,BulkUp,DrainPunch,RageFist|||F|||50|,,,,,Water]Whimsicott||FocusSash|Prankster|SunnyDay,Encore,Tailwind,Moonblast|||M|||50|,,,,,Ghost]Garchomp||LifeOrb|RoughSkin|Protect,StompingTantrum,DragonClaw,Earthquake|||M|||50|,,,,,Steel]Clefable||SitrusBerry|Unaware|Protect,FollowMe,MistyTerrain,Moonblast|||F|||50|,,,,,Water]Hydreigon||ChoiceSpecs|Levitate|HeatWave,Snarl,DarkPulse,DracoMeteor|||M|||50|,,,,,Fire]Gholdengo||MetalCoat|GoodasGold|Protect,NastyPlot,ShadowBall,MakeItRain||||||50|,,,,,Steel
|inactive|Battle timer is ON: inactive players will automatically lose when time's up. (requested by Stitches536353)
|inactive|Stitches536353 has 60 seconds left.
|
|t:|1757687022
|teamsize|p1|4
|teamsize|p2|4
|start
|switch|p1a: Archaludon|Archaludon, L50, M|100/100
|switch|p1b: Rillaboom|Rillaboom, L50, F|100/100
|switch|p2a: Whimsicott|Whimsicott, L50, M|100/100
|switch|p2b: Hydreigon|Hydreigon, L50, M|100/100
|-fieldstart|move: Grassy Terrain|[from] ability: Grassy Surge|[of] p1b: Rillaboom
|-enditem|p1b: Rillaboom|Grassy Seed
|-boost|p1b: Rillaboom|def|1|[from] item: Grassy Seed
|turn|1
|inactive|Xodroont has 30 seconds left.
|inactive|Xodroont has 20 seconds left.
|inactive|Xodroont has 15 seconds left.
|inactive|Xodroont has 10 seconds left.
|inactive|Xodroont has 5 seconds left.
|
|t:|1757687077
|move|p2a: Whimsicott|Tailwind|p2a: Whimsicott
|-sidestart|p2: Stitches536353|move: Tailwind
|move|p1b: Rillaboom|Grassy Glide|p2a: Whimsicott
|-resisted|p2a: Whimsicott
|-damage|p2a: Whimsicott|71/100
|move|p2b: Hydreigon|Heat Wave|p1b: Rillaboom|[spread] p1b
|-miss|p2b: Hydreigon|p1a: Archaludon
|-supereffective|p1b: Rillaboom
|-damage|p1b: Rillaboom|25/100
|move|p1a: Archaludon|Electro Shot||[still]
|-prepare|p1a: Archaludon|Electro Shot
|-boost|p1a: Archaludon|spa|1
|
|-heal|p2a: Whimsicott|77/100|[from] Grassy Terrain
|-heal|p1b: Rillaboom|32/100|[from] Grassy Terrain
|upkeep
|turn|2
|
|t:|1757687095
|switch|p1b: Pelipper|Pelipper, L50, M|100/100
|-weather|RainDance|[from] ability: Drizzle|[of] p1b: Pelipper
|-terastallize|p2b: Hydreigon|Fire
|move|p2a: Whimsicott|Sunny Day|p2a: Whimsicott
|-weather|SunnyDay
|move|p2b: Hydreigon|Heat Wave|p1a: Archaludon|[spread] p1a,p1b
|-resisted|p1b: Pelipper
|-damage|p1a: Archaludon|41/100
|-damage|p1b: Pelipper|24/100
|-ability|p1a: Archaludon|Stamina|boost
|-boost|p1a: Archaludon|def|1
|move|p1a: Archaludon|Electro Shot|p2a: Whimsicott|[from] lockedmove
|-resisted|p2a: Whimsicott
|-damage|p2a: Whimsicott|26/100
|
|-weather|SunnyDay|[upkeep]
|-heal|p2a: Whimsicott|32/100|[from] Grassy Terrain
|-heal|p1a: Archaludon|47/100|[from] Grassy Terrain
|upkeep
|turn|3
|inactive|Xodroont has 30 seconds left.
|inactive|Stitches536353 has 30 seconds left.
|
|t:|1757687124
|switch|p1b: Rillaboom|Rillaboom, L50, F|32/100
|move|p2a: Whimsicott|Moonblast|p1a: Archaludon
|-damage|p1a: Archaludon|25/100
|-ability|p1a: Archaludon|Stamina|boost
|-boost|p1a: Archaludon|def|1
|move|p2b: Hydreigon|Heat Wave|p1a: Archaludon|[spread] p1a,p1b
|-supereffective|p1b: Rillaboom
|-damage|p1a: Archaludon|0 fnt
|-damage|p1b: Rillaboom|0 fnt
|faint|p1a: Archaludon
|faint|p1b: Rillaboom
|
|-weather|SunnyDay|[upkeep]
|-heal|p2a: Whimsicott|38/100|[from] Grassy Terrain
|upkeep
|c|☆Xodroont|gg
|
|t:|1757687137
|switch|p1a: Tsareena|Tsareena, L50, F|100/100
|switch|p1b: Pelipper|Pelipper, L50, M|24/100
|-weather|RainDance|[from] ability: Drizzle|[of] p1b: Pelipper
|turn|4
|-message|Xodroont forfeited.
|
|win|Stitches536353
|l|☆Xodroont
|player|p1|
|c|☆Stitches536353|Gg
||Xodroont is ready for game 2.
||Stitches536353 is ready for game 2.
|uhtml|next|Next: Game 2 of 3
