|j|☆pokeplaygg
|j|☆chaewonstany
|html|pokeplayggchaewonstany    
|uhtml|bestof|Game 1 of a best-of-3
|t:|1757699968
|gametype|doubles
|player|p1|pokeplaygg|1|1286
|player|p2|chaewonstany|101|1379
|gen|9
|tier|[Gen 9] VGC 2025 Reg H (Bo3)
|rated|
|rule|Species Clause: Limit one of each Pokémon
|rule|Item Clause: Limit 1 of each item
|clearpoke
|poke|p1|Annihilape, L50, M|
|poke|p1|Pelipper, L50, M|
|poke|p1|Maushold, L50|
|poke|p1|Basculegion, L50, M|
|poke|p1|Rillaboom, L50, M|
|poke|p1|Kingambit, L50, F|
|poke|p2|Whimsicott, L50, F|
|poke|p2|Gholdengo, L50|
|poke|p2|Ursaluna-Bloodmoon, L50, M|
|poke|p2|Dragonite, L50, M|
|poke|p2|Archaludon, L50, M|
|poke|p2|Basculegion, L50, M|
|teampreview|4
|showteam|p1|Annihilape||Leftovers|Defiant|Protect,DrainPunch,BulkUp,RageFist|||M|||50|,,,,,Fire]Pelipper||FocusSash|Drizzle|MuddyWater,Protect,Hurricane,WideGuard|||M|||50|,,,,,Stellar]Maushold||SafetyGoggles|FriendGuard|FollowMe,BeatUp,Taunt,Protect||||||50|,,,,,Ghost]Basculegion||ChoiceBand|SwiftSwim|LastRespects,AquaJet,WaveCrash,FlipTurn|||M|||50|,,,,,Fire]Rillaboom||AssaultVest|GrassySurge|FakeOut,GrassyGlide,WoodHammer,Uturn|||M|||50|,,,,,Fire]Kingambit||BlackGlasses|Defiant|SwordsDance,KowtowCleave,SuckerPunch,IronHead|||F|||50|,,,,,Dark
|showteam|p2|Whimsicott||CovertCloak|Prankster|Moonblast,Taunt,FakeTears,Tailwind|||F|||50|,,,,,Steel]Gholdengo||LifeOrb|GoodasGold|MakeItRain,ShadowBall,TeraBlast,Protect||||||50|,,,,,Fighting]Ursaluna-Bloodmoon||AssaultVest|MindsEye|HyperVoice,BloodMoon,EarthPower,VacuumWave|||M|||50|,,,,,Ghost]Dragonite||LoadedDice|Multiscale|ScaleShot,LowKick,Protect,Tailwind|||M|||50|,,,,,Steel]Archaludon||PowerHerb|Sturdy|ElectroShot,DracoMeteor,FlashCannon,Protect|||M|||50|,,,,,Electric]Basculegion||FocusSash|Adaptability|Liquidation,LastRespects,AquaJet,Protect|||M|||50|,,,,,Ghost
|inactive|Battle timer is ON: inactive players will automatically lose when time's up. (requested by pokeplaygg)
|
|t:|1757699992
|teamsize|p1|4
|teamsize|p2|4
|start
|switch|p1a: Annihilape|Annihilape, L50, M|100/100
|switch|p1b: Maushold|Maushold, L50|100/100
|switch|p2a: Whimsicott|Whimsicott, L50, F|100/100
|switch|p2b: Archaludon|Archaludon, L50, M|100/100
|turn|1
|inactive|chaewonstany has 30 seconds left.
|inactive|chaewonstany has 20 seconds left.
|
|t:|1757700027
|-terastallize|p2b: Archaludon|Electric
|move|p2a: Whimsicott|Tailwind|p2a: Whimsicott
|-sidestart|p2: chaewonstany|move: Tailwind
|move|p2b: Archaludon|Electro Shot||[still]
|-prepare|p2b: Archaludon|Electro Shot
|-boost|p2b: Archaludon|spa|1
|-enditem|p2b: Archaludon|Power Herb
|-anim|p2b: Archaludon|Electro Shot|p1b: Maushold
|-damage|p1b: Maushold|0 fnt
|faint|p1b: Maushold
|move|p1a: Annihilape|Rage Fist|p2a: Whimsicott
|-damage|p2a: Whimsicott|73/100
|
|upkeep
|
|t:|1757700042
|switch|p1b: Rillaboom|Rillaboom, L50, M|100/100
|-fieldstart|move: Grassy Terrain|[from] ability: Grassy Surge|[of] p1b: Rillaboom
|turn|2
|
|t:|1757700057
|move|p2b: Archaludon|Protect|p2b: Archaludon
|-singleturn|p2b: Archaludon|Protect
|move|p1b: Rillaboom|Fake Out|p2b: Archaludon
|-activate|p2b: Archaludon|move: Protect
|move|p2a: Whimsicott|Fake Tears|p1b: Rillaboom
|-unboost|p1b: Rillaboom|spd|2
|move|p1a: Annihilape|Rage Fist|p2b: Archaludon
|-activate|p2b: Archaludon|move: Protect
|
|-heal|p2a: Whimsicott|79/100|[from] Grassy Terrain
|upkeep
|turn|3
|
|t:|1757700073
|switch|p1b: Kingambit|Kingambit, L50, F|100/100
|move|p2a: Whimsicott|Moonblast|p1b: Kingambit
|-damage|p1b: Kingambit|72/100
|-unboost|p1b: Kingambit|spa|1
|-ability|p1b: Kingambit|Defiant|boost
|-boost|p1b: Kingambit|atk|2
|move|p2b: Archaludon|Flash Cannon|p1b: Kingambit
|-resisted|p1b: Kingambit
|-damage|p1b: Kingambit|43/100
|move|p1a: Annihilape|Rage Fist|p2b: Archaludon
|-damage|p2b: Archaludon|82/100
|
|-heal|p2a: Whimsicott|85/100|[from] Grassy Terrain
|-heal|p2b: Archaludon|88/100|[from] Grassy Terrain
|-heal|p1b: Kingambit|48/100|[from] Grassy Terrain
|upkeep
|turn|4
|inactive|pokeplaygg has 30 seconds left.
|
|t:|1757700101
|-terastallize|p1b: Kingambit|Dark
|move|p2b: Archaludon|Protect|p2b: Archaludon
|-singleturn|p2b: Archaludon|Protect
|move|p1b: Kingambit|Sucker Punch||[still]
|-fail|p1b: Kingambit
|move|p2a: Whimsicott|Moonblast|p1b: Kingambit
|-supereffective|p1b: Kingambit
|-damage|p1b: Kingambit|0 fnt
|faint|p1b: Kingambit
|move|p1a: Annihilape|Rage Fist|p2a: Whimsicott
|-damage|p2a: Whimsicott|57/100
|
|-heal|p2a: Whimsicott|63/100|[from] Grassy Terrain
|-heal|p2b: Archaludon|94/100|[from] Grassy Terrain
|-sideend|p2: chaewonstany|move: Tailwind
|upkeep
|-message|pokeplaygg forfeited.
|
|win|chaewonstany
|l|☆pokeplaygg
|player|p1|
||pokeplaygg is ready for game 2.
