|j|☆marcusquinn
|j|☆nicven
|html|marcusquinnnicven    
|uhtml|bestof|Game 3 of a best-of-3
|t:|1756489817
|gametype|doubles
|player|p1|marcusquinn|hilbert-wonderlauncher|1463
|player|p2|nicven|169|1457
|gen|9
|tier|[Gen 9] VGC 2025 Reg H (Bo3)
|rated|
|rule|Species Clause: Limit one of each Pokémon
|rule|Item Clause: Limit 1 of each item
|clearpoke
|poke|p1|Archaludon, L50, F|
|poke|p1|Porygon2, L50|
|poke|p1|Incineroar, L50, F|
|poke|p1|Ursaluna, L50, F|
|poke|p1|Sneasler, L50, F|
|poke|p1|Dragonite, L50, M|
|poke|p2|Rillaboom, L50, M|
|poke|p2|Annihilape, L50, F|
|poke|p2|Dragonite, L50, F|
|poke|p2|Gholdengo, L50|
|poke|p2|Maushold-Four, L50|
|poke|p2|Ursaluna-Bloodmoon, L50, M|
|teampreview|4
|showteam|p1|Archaludon||PowerHerb|Sturdy|Protect,ElectroShot,DracoMeteor,FlashCannon|||F|||50|,,,,,Electric]Porygon2||Eviolite|Download|TeraBlast,IceBeam,Recover,TrickRoom||||||50|,,,,,Fighting]Incineroar||SitrusBerry|Intimidate|FlareBlitz,KnockOff,FakeOut,PartingShot|||F|||50|,,,,,Ghost]Ursaluna||FlameOrb|Guts|HeadlongRush,Facade,Earthquake,Protect|||F|||50|,,,,,Ghost]Sneasler||FocusSash|Unburden|Protect,CloseCombat,DireClaw,ThroatChop|||F|||50|,,,,,Stellar]Dragonite||LoadedDice|Multiscale|ScaleShot,Tailwind,Haze,Protect|||M|||50|,,,,,Steel
|showteam|p2|Rillaboom||MiracleSeed|GrassySurge|WoodHammer,GrassyGlide,HighHorsepower,FakeOut|||M|||50|,,,,,Fire]Annihilape||SitrusBerry|Defiant|DrainPunch,RageFist,BulkUp,Protect|||F|||50|,,,,,Fire]Dragonite||LoadedDice|Multiscale|ScaleShot,Tailwind,Haze,Protect|||F|||50|,,,,,Fairy]Gholdengo||LifeOrb|GoodasGold|Protect,MakeItRain,ShadowBall,NastyPlot||||||50|,,,,,Water]Maushold-Four||FocusSash|FriendGuard|SuperFang,FollowMe,BeatUp,Protect||||||50|,,,,,Ghost]Ursaluna-Bloodmoon||AssaultVest|MindsEye|BloodMoon,EarthPower,VacuumWave,HyperVoice|||M|||50|,,,,,Water
|inactive|Battle timer is ON: inactive players will automatically lose when time's up. (requested by marcusquinn)
|inactive|nicven has 60 seconds left.
|
|t:|1756489866
|teamsize|p1|4
|teamsize|p2|4
|start
|switch|p1a: Dragonite|Dragonite, L50, M, shiny|100/100
|switch|p1b: Archaludon|Archaludon, L50, F|100/100
|switch|p2a: Annihilape|Annihilape, L50, F|100/100
|switch|p2b: Maushold|Maushold-Four, L50|100/100
|turn|1
|inactive|marcusquinn has 30 seconds left.
|inactive|nicven has 30 seconds left.
|inactive|marcusquinn has 20 seconds left.
|inactive|nicven has 20 seconds left.
|inactive|marcusquinn has 15 seconds left.
|inactive|nicven has 15 seconds left.
|inactive|nicven has 10 seconds left.
|inactive|nicven has 5 seconds left.
|
|t:|1756489920
|-terastallize|p1b: Archaludon|Electric
|move|p2b: Maushold|Beat Up|p2a: Annihilape
|-damage|p2a: Annihilape|98/100
|-damage|p2a: Annihilape|96/100
|-damage|p2a: Annihilape|94/100
|-damage|p2a: Annihilape|92/100
|-hitcount|p2a: Annihilape|4
|move|p2a: Annihilape|Rage Fist|p1a: Dragonite
|-damage|p1a: Dragonite|48/100
|move|p1b: Archaludon|Electro Shot||[still]
|-prepare|p1b: Archaludon|Electro Shot
|-boost|p1b: Archaludon|spa|1
|-enditem|p1b: Archaludon|Power Herb
|-anim|p1b: Archaludon|Electro Shot|p2a: Annihilape
|-crit|p2a: Annihilape
|-damage|p2a: Annihilape|0 fnt
|faint|p2a: Annihilape
|move|p1a: Dragonite|Scale Shot|p2b: Maushold
|-crit|p2b: Maushold
|-damage|p2b: Maushold|72/100
|-damage|p2b: Maushold|55/100
|-damage|p2b: Maushold|38/100
|-damage|p2b: Maushold|20/100
|-hitcount|p2b: Maushold|4
|-unboost|p1a: Dragonite|def|1
|-boost|p1a: Dragonite|spe|1
|
|upkeep
|inactive|nicven has 30 seconds left.
|inactive|nicven has 20 seconds left.
|
|t:|1756489957
|switch|p2a: Dragonite|Dragonite, L50, F|100/100
|turn|2
|inactive|nicven has 30 seconds left.
|
|t:|1756489992
|-terastallize|p2a: Dragonite|Fairy
|move|p2b: Maushold|Protect|p2b: Maushold
|-singleturn|p2b: Maushold|Protect
|move|p1a: Dragonite|Scale Shot|p2b: Maushold
|-activate|p2b: Maushold|move: Protect
|move|p1b: Archaludon|Flash Cannon|p2a: Dragonite
|-supereffective|p2a: Dragonite
|-damage|p2a: Dragonite|51/100
|move|p2a: Dragonite|Scale Shot|p1a: Dragonite
|-supereffective|p1a: Dragonite
|-damage|p1a: Dragonite|1/100
|-supereffective|p1a: Dragonite
|-damage|p1a: Dragonite|0 fnt
|faint|p1a: Dragonite
|-hitcount|p1: Dragonite|2
|-unboost|p2a: Dragonite|def|1
|-boost|p2a: Dragonite|spe|1
|
|upkeep
|inactive|marcusquinn has 30 seconds left.
|
|t:|1756490018
|switch|p1a: Ursaluna|Ursaluna, L50, F|100/100
|turn|3
|inactive|nicven has 30 seconds left.
|inactive|nicven has 20 seconds left.
|inactive|nicven has 15 seconds left.
|inactive|nicven has 10 seconds left.
|inactive|nicven has 5 seconds left.
|
|t:|1756490072
|move|p1b: Archaludon|Protect|p1b: Archaludon
|-singleturn|p1b: Archaludon|Protect
|move|p2a: Dragonite|Scale Shot|p1a: Ursaluna
|-damage|p1a: Ursaluna|90/100
|-damage|p1a: Ursaluna|79/100
|-damage|p1a: Ursaluna|67/100
|-damage|p1a: Ursaluna|54/100
|-hitcount|p1a: Ursaluna|4
|-unboost|p2a: Dragonite|def|1
|-boost|p2a: Dragonite|spe|1
|move|p2b: Maushold|Super Fang|p1a: Ursaluna
|-damage|p1a: Ursaluna|27/100
|move|p1a: Ursaluna|Earthquake|p2a: Dragonite|[spread] p2a,p2b
|-activate|p1b: Archaludon|move: Protect
|-damage|p2a: Dragonite|0 fnt
|-damage|p2b: Maushold|0 fnt
|faint|p2a: Dragonite
|faint|p2b: Maushold
|
|-status|p1a: Ursaluna|brn|[from] item: Flame Orb
|upkeep
|
|t:|1756490089
|switch|p2b: Ursaluna|Ursaluna-Bloodmoon, L50, M|100/100
|turn|4
|
|t:|1756490095
|move|p1b: Archaludon|Draco Meteor|p2b: Ursaluna
|-damage|p2b: Ursaluna|40/100
|-unboost|p1b: Archaludon|spa|2
|move|p1a: Ursaluna|Facade|p2b: Ursaluna
|-crit|p2b: Ursaluna
|-damage|p2b: Ursaluna|0 fnt
|faint|p2b: Ursaluna
|
|win|marcusquinn
|raw|marcusquinn's rating: 1463 → 1483(+20 for winning)
|raw|nicven's rating: 1457 → 1437(-20 for losing)
|l|☆nicven
|player|p2|
