|j|☆ichoseyoupoppo
|j|☆Ayycousin
|html|ichoseyoupoppoAyycousin    
|uhtml|bestof|Game 1 of a best-of-3
|t:|1757774044
|gametype|doubles
|player|p1|ichoseyoupoppo|2|1077
|player|p2|Ayycousin|170|1120
|gen|9
|tier|[Gen 9] VGC 2025 Reg H (Bo3)
|rated|
|rule|Species Clause: Limit one of each Pokémon
|rule|Item Clause: Limit 1 of each item
|clearpoke
|poke|p1|Decidueye-Hisui, L50, F|
|poke|p1|Weavile, L50, F|
|poke|p1|Whimsicott, L50, M|
|poke|p1|Farigiraf, L50, F|
|poke|p1|Barraskewda, L50, M|
|poke|p1|Raichu-Alola, L50, M|
|poke|p2|Porygon2, L50|
|poke|p2|Incineroar, L50, F|
|poke|p2|Ursaluna, L50, F|
|poke|p2|Jumpluff, L50, F|
|poke|p2|Charizard, L50, F|
|poke|p2|Torkoal, L50, F|
|teampreview|4
|showteam|p1|Decidueye-Hisui||ChoiceScarf|Scrappy|LeafBlade,TripleArrows,Uturn,CloseCombat|||F|||50|,,,,,Fire]Weavile||FocusSash|Pressure|FakeOut,IceSpinner,Protect,KnockOff|||F|||50|,,,,,Ghost]Whimsicott||CovertCloak|Prankster|Tailwind,Taunt,Protect,Moonblast|||M|||50|,,,,,Water]Farigiraf||SitrusBerry|ArmorTail|Psychic,DazzlingGleam,TrickRoom,HelpingHand|||F|||50|,,,,,Fairy]Barraskewda||ChoiceBand|PropellerTail|FlipTurn,Liquidation,ThroatChop,PsychicFangs|||M|||50|,,,,,Water]Raichu-Alola||LifeOrb|SurgeSurfer|Discharge,Psychic,SkillSwap,Protect|||M|||50|,,,,,Electric
|showteam|p2|Porygon2||Eviolite|Download|TeraBlast,IceBeam,TrickRoom,Recover||||||50|,,,,,Fighting]Incineroar||SitrusBerry|Intimidate|FakeOut,KnockOff,FlareBlitz,PartingShot|||F|||50|,,,,,Ghost]Ursaluna||FlameOrb|Guts|HeadlongRush,Facade,Earthquake,Protect|||F|||50|,,,,,Ghost]Jumpluff||CovertCloak|Chlorophyll|RagePowder,SunnyDay,Tailwind,SleepPowder|||F|||50|,,,,,Water]Charizard||ChoiceSpecs|SolarPower|HeatWave,Overheat,WeatherBall,AirSlash|||F|||50|,,,,,Ghost]Torkoal||EjectPack|Drought|Overheat,Eruption,HelpingHand,Protect|||F|||50|,,,,,Fire
|
|t:|1757774094
|teamsize|p1|4
|teamsize|p2|4
|start
|switch|p1a: Decidueye|Decidueye-Hisui, L50, F|100/100
|switch|p1b: Farigiraf|Farigiraf, L50, F|100/100
|switch|p2a: Porygon2|Porygon2, L50|100/100
|switch|p2b: Charizard|Charizard, L50, F|100/100
|-ability|p2a: Porygon2|Download|boost
|-boost|p2a: Porygon2|atk|1
|turn|1
|
|t:|1757774134
|switch|p2a: Torkoal|Torkoal, L50, F|100/100
|-weather|SunnyDay|[from] ability: Drought|[of] p2a: Torkoal
|-terastallize|p1a: Decidueye|Fire
|move|p1a: Decidueye|Triple Arrows|p2a: Torkoal
|-damage|p2a: Torkoal|70/100
|move|p2b: Charizard|Heat Wave|p1b: Farigiraf|[spread] p1a,p1b
|-resisted|p1a: Decidueye
|-damage|p1a: Decidueye|33/100
|-damage|p1b: Farigiraf|0 fnt
|faint|p1b: Farigiraf
|
|-weather|SunnyDay|[upkeep]
|-damage|p2b: Charizard|88/100|[from] ability: Solar Power|[of] p2b: Charizard
|upkeep
|
|t:|1757774146
|switch|p1b: Raichu|Raichu-Alola, L50, M|100/100
|turn|2
|
|t:|1757774174
|-terastallize|p2b: Charizard|Ghost
|move|p2a: Torkoal|Helping Hand|p2b: Charizard
|-singleturn|p2b: Charizard|Helping Hand|[of] p2a: Torkoal
|move|p1a: Decidueye|Triple Arrows|p2a: Torkoal
|-damage|p2a: Torkoal|37/100
|-unboost|p2a: Torkoal|def|1
|-enditem|p2a: Torkoal|Eject Pack
|
|t:|1757774185
|switch|p2a: Porygon2|Porygon2, L50|100/100
|-ability|p2a: Porygon2|Download|boost
|-boost|p2a: Porygon2|atk|1
|move|p1b: Raichu|Discharge|p2a: Porygon2|[spread] p1a,p2a,p2b
|-damage|p1a: Decidueye|0 fnt
|-damage|p2a: Porygon2|80/100
|-damage|p2b: Charizard|48/100
|-status|p2b: Charizard|par
|faint|p1a: Decidueye
|-damage|p1b: Raichu|91/100|[from] item: Life Orb
|move|p2b: Charizard|Heat Wave|p1b: Raichu
|-damage|p1b: Raichu|0 fnt
|faint|p1b: Raichu
|
|-weather|SunnyDay|[upkeep]
|-damage|p2b: Charizard|36/100 par|[from] ability: Solar Power|[of] p2b: Charizard
|upkeep
|
|t:|1757774193
|switch|p1b: Weavile|Weavile, L50, F|100/100
|-ability|p1b: Weavile|Pressure
|turn|3
|
|t:|1757774201
|move|p1b: Weavile|Knock Off|p2a: Porygon2
|-damage|p2a: Porygon2|50/100
|-enditem|p2a: Porygon2|Eviolite|[from] move: Knock Off|[of] p1b: Weavile
|move|p2b: Charizard|Heat Wave|p1b: Weavile
|-supereffective|p1b: Weavile
|-enditem|p1b: Weavile|Focus Sash
|-damage|p1b: Weavile|1/100
|move|p2a: Porygon2|Tera Blast|p1b: Weavile
|-damage|p1b: Weavile|0 fnt
|faint|p1b: Weavile
|
|win|Ayycousin
|l|☆ichoseyoupoppo
|player|p1|
||ichoseyoupoppo is ready for game 2.
|inactive|Ayycousin has 30 seconds to confirm battle start!
||Ayycousin is ready for game 2.
|uhtml|next|Next: Game 2 of 3
