|j|☆KodeBeast0526
|j|☆Picoti
|html|KodeBeast0526Picoti    
|uhtml|bestof|Game 2 of a best-of-3
|t:|1784481568
|gametype|doubles
|player|p1|KodeBeast0526|hiker|1227
|player|p2|Picoti|2|1131
|gen|9
|tier|[Gen 9 Champions] VGC 2026 Reg M-B (Bo3)
|rated|
|rule|Species Clause: Limit one of each Pokémon
|rule|Item Clause: Limit 1 of each item
|clearpoke
|poke|p1|Aerodactyl, L50, M|
|poke|p1|Kingambit, L50, M|
|poke|p1|Sylveon, L50, M|
|poke|p1|Garchomp, L50, M|
|poke|p1|Charizard, L50, M|
|poke|p1|Farigiraf, L50, M, shiny|
|poke|p2|Araquanid, L50, F|
|poke|p2|Avalugg-Hisui, L50, M|
|poke|p2|Mawile, L50, F|
|poke|p2|Conkeldurr, L50, M|
|poke|p2|Farigiraf, L50, F|
|poke|p2|Armarouge, L50, M|
|teampreview|4
|showteam|p1|Aerodactyl||Aerodactylite|Unnerve|RockSlide,IceFang,Tailwind,WideGuard|Jolly||M|||50|]Kingambit||FocusSash|Defiant|KowtowCleave,SuckerPunch,IronHead,LowKick|Adamant||M|||50|]Sylveon||FairyFeather|Pixilate|Detect,HyperVoice,HyperBeam,QuickAttack|Modest||M|||50|]Garchomp||LifeOrb|RoughSkin|Earthquake,DragonClaw,StompingTantrum,Protect|Jolly||M|||50|]Charizard||CharizarditeY|Blaze|Protect,HeatWave,SolarBeam,WeatherBall|Modest||M|||50|]Farigiraf||SitrusBerry|ArmorTail|Thunderbolt,PsychicNoise,TrickRoom,HelpingHand|Bold||M|||50|
|showteam|p2|Araquanid||MysticWater|WaterBubble|WideGuard,Liquidation,LeechLife,Protect|Brave||F|||50|]Avalugg-Hisui||WideLens|Sturdy|MountainGale,RockSlide,Protect,WideGuard|Brave||M|||50|]Mawile||Mawilite|Intimidate|IronHead,SuckerPunch,PlayRough,Protect|Brave||F|||50|]Conkeldurr||LifeOrb|IronFist|DrainPunch,MachPunch,KnockOff,Protect|Brave||M|||50|]Farigiraf||SitrusBerry|ArmorTail|TwinBeam,Thunderbolt,TrickRoom,Protect|Serious||F|||50|]Armarouge||MentalHerb|FlashFire|HeatWave,Protect,EnergyBall,TrickRoom|Quiet||M|||50|
|inactive|Battle timer is ON: inactive players will automatically lose when time's up. (requested by KodeBeast0526)
|
|t:|1784481609
|teamsize|p1|4
|teamsize|p2|4
|start
|switch|p1a: Kingambit|Kingambit, L50, M|100/100
|switch|p1b: Garchomp|Garchomp, L50, M|100/100
|switch|p2a: Araquanid|Araquanid, L50, F|100/100
|switch|p2b: Avalugg|Avalugg-Hisui, L50, M|100/100
|turn|1
|
|t:|1784481624
|move|p1b: Garchomp|Dragon Claw|p2a: Araquanid
|-damage|p2a: Araquanid|34/100
|-damage|p1b: Garchomp|90/100|[from] item: Life Orb
|move|p1a: Kingambit|Iron Head|p2b: Avalugg
|-supereffective|p2b: Avalugg|2
|-ability|p2b: Avalugg|Sturdy
|-damage|p2b: Avalugg|1/100
|move|p2a: Araquanid|Liquidation|p1b: Garchomp
|-damage|p1b: Garchomp|10/100
|-unboost|p1b: Garchomp|def|1
|-damage|p2a: Araquanid|22/100|[from] ability: Rough Skin|[of] p1b: Garchomp
|cant|p2b: Avalugg|flinch
|
|upkeep
|turn|2
|
|t:|1784481643
|move|p1b: Garchomp|Dragon Claw|p2a: Araquanid
|-damage|p2a: Araquanid|0 fnt
|faint|p2a: Araquanid
|-damage|p1b: Garchomp|1/100|[from] item: Life Orb
|move|p1a: Kingambit|Kowtow Cleave|p2b: Avalugg
|-damage|p2b: Avalugg|0 fnt
|faint|p2b: Avalugg
|
|upkeep
|
|t:|1784481646
|switch|p2a: Mawile|Mawile, L50, F|100/100
|switch|p2b: Farigiraf|Farigiraf, L50, F|100/100
|-ability|p2a: Mawile|Intimidate|boost
|-unboost|p1a: Kingambit|atk|1
|-ability|p1a: Kingambit|Defiant|boost
|-boost|p1a: Kingambit|atk|2
|-unboost|p1b: Garchomp|atk|1
|turn|3
|
|t:|1784481654
|detailschange|p2a: Mawile|Mawile-Mega, L50, F
|-mega|p2a: Mawile|Mawile|Mawilite
|move|p1b: Garchomp|Stomping Tantrum|p2a: Mawile
|-supereffective|p2a: Mawile|1
|-damage|p2a: Mawile|31/100
|-damage|p1b: Garchomp|0 fnt|[from] item: Life Orb
|faint|p1b: Garchomp
|move|p1a: Kingambit|Kowtow Cleave|p2b: Farigiraf
|-supereffective|p2b: Farigiraf|1
|-damage|p2b: Farigiraf|0 fnt
|faint|p2b: Farigiraf
|move|p2a: Mawile|Play Rough|p1a: Kingambit
|-damage|p1a: Kingambit|31/100
|
|upkeep
|
|t:|1784481664
|switch|p1b: Charizard|Charizard, L50, M|100/100
|turn|4
|
|t:|1784481670
|detailschange|p1b: Charizard|Charizard-Mega-Y, L50, M
|-mega|p1b: Charizard|Charizard|Charizardite Y
|-weather|SunnyDay|[from] ability: Drought|[of] p1b: Charizard
|move|p2a: Mawile|Sucker Punch|p1b: Charizard
|-damage|p1b: Charizard|47/100
|move|p1b: Charizard|Heat Wave|p2a: Mawile
|-supereffective|p2a: Mawile|1
|-damage|p2a: Mawile|0 fnt
|faint|p2a: Mawile
|
|win|KodeBeast0526
|raw|KodeBeast0526's rating: 1227 → 1245(+18 for winning)
|raw|Picoti's rating: 1131 → 1113(-18 for losing)
