|j|☆kirbybreaker
|j|☆komportor
|html|kirbybreakerkomportor    
|uhtml|bestof|Game 2 of a best-of-3
|t:|1783791993
|gametype|doubles
|player|p1|kirbybreaker|miku-ghost|
|player|p2|komportor|101|
|gen|9
|tier|[Gen 9 Champions] VGC 2026 Reg M-B (Bo3)
|rule|Species Clause: Limit one of each Pokémon
|rule|Item Clause: Limit 1 of each item
|clearpoke
|poke|p1|Annihilape, L50, F|
|poke|p1|Mimikyu, L50, M|
|poke|p1|Sableye, L50, F|
|poke|p1|Froslass, L50, F|
|poke|p1|Basculegion, L50, M|
|poke|p1|Sinistcha, L50|
|poke|p2|Tsareena, L50, F|
|poke|p2|Rotom-Wash, L50|
|poke|p2|Barbaracle, L50, M|
|poke|p2|Glaceon, L50, F|
|poke|p2|Froslass, L50, F|
|poke|p2|Mimikyu, L50, F|
|teampreview|4
|showteam|p1|Annihilape||FocusSash|Defiant|CloseCombat,RageFist,Protect,RockSlide|Adamant||F|||50|]Mimikyu||LifeOrb|Disguise|PlayRough,ShadowClaw,ShadowSneak,Protect|Jolly||M|||50|]Sableye||Sablenite|KeenEye|SuckerPunch,Poltergeist,LowKick,ThroatChop|Brave||F|||50|]Froslass||Froslassite|CursedBody|Blizzard,ShadowBall,Protect,Thunderbolt|Timid||F|||50|]Basculegion||ChoiceScarf|Adaptability|WaveCrash,LastRespects,AquaJet,FlipTurn|Adamant||M|||50|]Sinistcha||KasibBerry|Hospitality|MatchaGotcha,LifeDew,RagePowder,TrickRoom|Bold|||||50|
|showteam|p2|Tsareena||FocusSash|QueenlyMajesty|KnockOff,Protect,TropKick,LowKick|Adamant||F|||50|]Rotom-Wash||Leftovers|Levitate|WillOWisp,HydroPump,Thunderbolt,Protect|Timid|||||50|]Barbaracle||Barbaracite|ToughClaws|CloseCombat,RockSlide,NightSlash,Protect|Adamant||M|||50|]Glaceon||NeverMeltIce|IceBody|Blizzard,FreezeDry,Protect,AlluringVoice|Calm||F|||50|]Froslass||Froslassite|CursedBody|AuroraVeil,Blizzard,ShadowBall,Protect|Calm||F|||50|]Mimikyu||LifeOrb|Disguise|SwordsDance,DrainPunch,PlayRough,ShadowSneak|Jolly||F|||50|
|
|t:|1783792011
|teamsize|p1|4
|teamsize|p2|4
|start
|switch|p1a: Seth|Froslass, L50, F|100/100
|switch|p1b: Yellow|Mimikyu, L50, M|100/100
|switch|p2a: Froslass|Froslass, L50, F|100/100
|switch|p2b: Mimikyu|Mimikyu, L50, F|100/100
|turn|1
|
|t:|1783792038
|detailschange|p1a: Seth|Froslass-Mega, L50, F
|-mega|p1a: Seth|Froslass|Froslassite
|-weather|Snowscape|[from] ability: Snow Warning|[of] p1a: Seth
|detailschange|p2a: Froslass|Froslass-Mega, L50, F
|-mega|p2a: Froslass|Froslass|Froslassite
|move|p2b: Mimikyu|Shadow Sneak|p1b: Yellow
|-activate|p1b: Yellow|ability: Disguise
|-damage|p1b: Yellow|100/100
|detailschange|p1b: Yellow|Mimikyu-Busted, L50, M
|-damage|p1b: Yellow|87/100|[from] pokemon: Mimikyu-Busted
|-damage|p2b: Mimikyu|90/100|[from] item: Life Orb
|move|p1a: Seth|Blizzard|p2a: Froslass|[spread] p2a,p2b
|-resisted|p2a: Froslass|1
|-damage|p2a: Froslass|75/100
|-activate|p2b: Mimikyu|ability: Disguise
|-damage|p2b: Mimikyu|90/100
|detailschange|p2b: Mimikyu|Mimikyu-Busted, L50, F
|-damage|p2b: Mimikyu|78/100|[from] pokemon: Mimikyu-Busted
|move|p2a: Froslass|Blizzard|p1b: Yellow|[spread] p1a,p1b
|-resisted|p1a: Seth|1
|-damage|p1a: Seth|73/100
|-damage|p1b: Yellow|35/100
|move|p1b: Yellow|Shadow Claw|p2a: Froslass
|-supereffective|p2a: Froslass|1
|-damage|p2a: Froslass|0 fnt
|faint|p2a: Froslass
|-damage|p1b: Yellow|25/100|[from] item: Life Orb
|
|-weather|Snowscape|[upkeep]
|upkeep
|
|t:|1783792059
|switch|p2a: Glaceon|Glaceon, L50, F|100/100
|turn|2
|
|t:|1783792077
|move|p2b: Mimikyu|Shadow Sneak|p1b: Yellow
|-supereffective|p1b: Yellow|1
|-damage|p1b: Yellow|0 fnt
|faint|p1b: Yellow
|-damage|p2b: Mimikyu|68/100|[from] item: Life Orb
|move|p1a: Seth|Shadow Ball|p2b: Mimikyu
|-supereffective|p2b: Mimikyu|1
|-damage|p2b: Mimikyu|0 fnt
|faint|p2b: Mimikyu
|move|p2a: Glaceon|Blizzard|p1a: Seth
|-resisted|p1a: Seth|1
|-damage|p1a: Seth|29/100
|
|-weather|Snowscape|[upkeep]
|upkeep
|
|t:|1783792086
|switch|p1b: Orange|Annihilape, L50, F|100/100
|switch|p2b: Tsareena|Tsareena, L50, F|100/100
|turn|3
|
|t:|1783792097
|move|p1a: Seth|Blizzard|p2b: Tsareena|[spread] p2a,p2b
|-resisted|p2a: Glaceon|1
|-supereffective|p2b: Tsareena|1
|-damage|p2a: Glaceon|79/100
|-enditem|p2b: Tsareena|Focus Sash
|-damage|p2b: Tsareena|1/100
|move|p1b: Orange|Rage Fist|p2b: Tsareena
|-damage|p2b: Tsareena|0 fnt
|faint|p2b: Tsareena
|move|p2a: Glaceon|Blizzard|p1a: Seth|[spread] p1a,p1b
|-resisted|p1a: Seth|1
|-damage|p1a: Seth|0 fnt
|-damage|p1b: Orange|49/100
|faint|p1a: Seth
|
|-weather|Snowscape|[upkeep]
|-heal|p2a: Glaceon|85/100|[from] ability: Ice Body
|upkeep
|
|t:|1783792102
|switch|p1a: Blue|Basculegion, L50, M|100/100
|turn|4
|
|t:|1783792108
|move|p1a: Blue|Wave Crash|p2a: Glaceon
|-damage|p2a: Glaceon|23/100
|-damage|p1a: Blue|84/100|[from] Recoil
|move|p1b: Orange|Close Combat|p2a: Glaceon
|-supereffective|p2a: Glaceon|1
|-damage|p2a: Glaceon|0 fnt
|-unboost|p1b: Orange|def|1
|-unboost|p1b: Orange|spd|1
|faint|p2a: Glaceon
|
|win|kirbybreaker
|c|☆kirbybreaker|gg
|c|☆komportor|gg your team is so bad against me
|c|☆kirbybreaker|Mono ghost too strong I suppose
