|j|☆DrChunkalicious
|j|☆FruitloopsFL
|html|DrChunkaliciousFruitloopsFL    
|uhtml|bestof|Game 1 of a best-of-3
|t:|1783449805
|gametype|doubles
|player|p1|DrChunkalicious|scientist-gen4|
|player|p2|FruitloopsFL|alder|
|gen|9
|tier|[Gen 9 Champions] VGC 2026 Reg M-B (Bo3)
|rule|Species Clause: Limit one of each Pokémon
|rule|Item Clause: Limit 1 of each item
|clearpoke
|poke|p1|Raichu, L50, M, shiny|
|poke|p1|Sinistcha-Masterpiece, L50, shiny|
|poke|p1|Sneasler, L50, F, shiny|
|poke|p1|Primarina, L50, M, shiny|
|poke|p1|Gengar, L50, M, shiny|
|poke|p1|Ditto, L50, shiny|
|poke|p2|Toucannon, L50, M|
|poke|p2|Grimmsnarl, L50, M|
|poke|p2|Raichu, L50, F|
|poke|p2|Garchomp, L50, M|
|poke|p2|Annihilape, L50, F|
|poke|p2|Volcarona, L50, F|
|teampreview|4
|showteam|p1|Raichu||RaichuniteY|LightningRod|ZapCannon,FocusBlast,Surf,NastyPlot|Timid||M|||50|]Sinistcha-Masterpiece||Leftovers|Hospitality|RagePowder,MatchaGotcha,Hex,LifeDew|Bold|||||50|]Sneasler||WhiteHerb|Unburden|Acrobatics,CloseCombat,DireClaw,FakeOut|Adamant||F|||50|]Primarina||ShedShell|LiquidVoice|PerishSong,HyperVoice,Moonblast,IceBeam|Modest||M|||50|]Gengar||Gengarite|CursedBody|DestinyBond,DarkPulse,SludgeWave,ShadowBall|Timid||M|||50|]Ditto||ChoiceScarf|Imposter|Transform|Bold|||||50|
|showteam|p2|Toucannon||SilkScarf|SkillLink|Tailwind,BulletSeed,Boomburst,Protect|Impish||M|||50|]Grimmsnarl||LightClay|Prankster|FakeOut,PartingShot,Reflect,LightScreen|Careful||M|||50|]Raichu||RaichuniteY|LightningRod|FakeOut,GrassKnot,FocusBlast,ZapCannon|Hasty||F|||50|]Garchomp||LifeOrb|RoughSkin|RockSlide,Earthquake,DragonClaw,Protect|Jolly||M|||50|]Annihilape||Leftovers|Defiant|IcePunch,RageFist,DrainPunch,Protect|Adamant||F|||50|]Volcarona||ChartiBerry|FlameBody|RagePowder,MorningSun,WillOWisp,HeatWave|Calm||F|||50|
|c|☆FruitloopsFL|glhf
|c|☆DrChunkalicious|glhf
|
|t:|1783449876
|teamsize|p1|4
|teamsize|p2|4
|start
|switch|p1a: Salon|Sneasler, L50, F, shiny|100/100
|switch|p1b: #bestshiny|Gengar, L50, M, shiny|100/100
|switch|p2a: Toucannon|Toucannon, L50, M|100/100
|switch|p2b: Annihilape|Annihilape, L50, F|100/100
|turn|1
|
|t:|1783449959
|switch|p1a: Pavarotti|Primarina, L50, M, shiny|100/100
|detailschange|p1b: #bestshiny|Gengar-Mega, L50, M, shiny
|-mega|p1b: #bestshiny|Gengar|Gengarite
|move|p2a: Toucannon|Protect|p2a: Toucannon
|-singleturn|p2a: Toucannon|Protect
|move|p1b: #bestshiny|Shadow Ball|p2b: Annihilape
|-supereffective|p2b: Annihilape|1
|-damage|p2b: Annihilape|5/100
|move|p2b: Annihilape|Rage Fist|p1b: #bestshiny
|-supereffective|p1b: #bestshiny|1
|-damage|p1b: #bestshiny|0 fnt
|faint|p1b: #bestshiny
|
|-heal|p2b: Annihilape|11/100|[from] item: Leftovers
|upkeep
|
|t:|1783449974
|switch|p1b: Salon|Sneasler, L50, F, shiny|100/100
|turn|2
|
|t:|1783450017
|switch|p2b: Grimmsnarl|Grimmsnarl, L50, M|100/100
|move|p1b: Salon|Fake Out|p2a: Toucannon
|-damage|p2a: Toucannon|83/100
|cant|p2a: Toucannon|flinch
|move|p1a: Pavarotti|Hyper Voice|p2a: Toucannon|[spread] p2a,p2b
|-damage|p2a: Toucannon|26/100
|-damage|p2b: Grimmsnarl|69/100
|
|upkeep
|turn|3
|c|☆DrChunkalicious|i wonder what grimmsnarl is going to do
|c|☆FruitloopsFL|even me I'm wondering
|j| i am a racist dog
|
|t:|1783450105
|move|p2b: Grimmsnarl|Fake Out|p1b: Salon
|-damage|p1b: Salon|82/100
|cant|p1b: Salon|flinch
|move|p2a: Toucannon|Tailwind|p2a: Toucannon
|-sidestart|p2: FruitloopsFL|move: Tailwind
|move|p1a: Pavarotti|Moonblast|p2b: Grimmsnarl
|-supereffective|p2b: Grimmsnarl|1
|-damage|p2b: Grimmsnarl|0 fnt
|faint|p2b: Grimmsnarl
|
|upkeep
|
|t:|1783450121
|switch|p2b: Raichu|Raichu, L50, F|100/100
|turn|4
|c|☆DrChunkalicious|ruh roh
|
|t:|1783450167
|detailschange|p2b: Raichu|Raichu-Mega-Y, L50, F
|-mega|p2b: Raichu|Raichu|Raichunite Y
|move|p2b: Raichu|Zap Cannon|p1a: Pavarotti
|-supereffective|p1a: Pavarotti|1
|-damage|p1a: Pavarotti|0 fnt
|faint|p1a: Pavarotti
|move|p2a: Toucannon|Boomburst|p1b: Salon|[spread] p2b,p1b
|-crit|p1b: Salon
|-damage|p2b: Raichu|43/100
|-damage|p1b: Salon|16/100
|move|p1b: Salon|Close Combat|p2b: Raichu
|-damage|p2b: Raichu|0 fnt
|-unboost|p1b: Salon|def|1
|-unboost|p1b: Salon|spd|1
|faint|p2b: Raichu
|-enditem|p1b: Salon|White Herb
|-clearnegativeboost|p1b: Salon|[silent]
|
|upkeep
|
|t:|1783450178
|switch|p2b: Annihilape|Annihilape, L50, F|11/100
|switch|p1a: Yoinked|Ditto, L50, shiny|100/100
|-transform|p1a: Yoinked|p2b: Annihilape|[from] ability: Imposter
|turn|5
|
|t:|1783450283
|move|p1b: Salon|Acrobatics|p2b: Annihilape
|-supereffective|p2b: Annihilape|1
|-damage|p2b: Annihilape|0 fnt
|faint|p2b: Annihilape
|move|p2a: Toucannon|Bullet Seed|p1b: Salon
|-resisted|p1b: Salon|1
|-damage|p1b: Salon|10/100
|-resisted|p1b: Salon|1
|-damage|p1b: Salon|5/100
|-resisted|p1b: Salon|1
|-damage|p1b: Salon|0 fnt
|faint|p1b: Salon
|-hitcount|p1: Salon|3
|move|p1a: Yoinked|Ice Punch|p2a: Toucannon
|-supereffective|p2a: Toucannon|1
|-damage|p2a: Toucannon|0 fnt
|faint|p2a: Toucannon
|
|win|DrChunkalicious
|c|☆FruitloopsFL|gg
|c|☆DrChunkalicious|gg
|inactive|DrChunkalicious has 30 seconds to confirm battle start!
|inactive|FruitloopsFL has 30 seconds to confirm battle start!
||FruitloopsFL is ready for game 2.
|inactive|DrChunkalicious has 20 seconds to confirm battle start!
||DrChunkalicious is ready for game 2.
|uhtml|next|Next: Game 2 of 3
|j| bark bark barkkkk
