|j|☆SnowquakeMG
|j|☆xdi8723
|html|SnowquakeMGxdi8723    
|uhtml|bestof|Game 2 of a best-of-3
|t:|1757066577
|gametype|doubles
|player|p1|SnowquakeMG|steven|1000
|player|p2|xdi8723|2|1072
|gen|9
|tier|[Gen 9] VGC 2025 Reg H (Bo3)
|rated|
|rule|Species Clause: Limit one of each Pokémon
|rule|Item Clause: Limit 1 of each item
|clearpoke
|poke|p1|Hydreigon, L50, M|
|poke|p1|Talonflame, L50, M|
|poke|p1|Meowscarada, L50, M|
|poke|p1|Garchomp, L50, M|
|poke|p1|Dondozo, L50, M|
|poke|p1|Tatsugiri, L50, M|
|poke|p2|Gholdengo, L50|
|poke|p2|Amoonguss, L50, M|
|poke|p2|Incineroar, L50, M|
|poke|p2|Kommo-o, L50, M|
|poke|p2|Ninetales-Alola, L50, F|
|poke|p2|Dragonite, L50, F|
|teampreview|4
|showteam|p1|Hydreigon||ChoiceSpecs|Levitate|DarkPulse,DracoMeteor,HeatWave,FlashCannon|||M|||50|,,,,,Fire]Talonflame||CovertCloak|GaleWings|Tailwind,BraveBird,FlareBlitz,WillOWisp|||M|||50|,,,,,Flying]Meowscarada||ChoiceBand|Protean|Uturn,KnockOff,FlowerTrick,LowKick|||M|||50|,,,,,Fighting]Garchomp||LifeOrb|RoughSkin|Earthquake,DragonClaw,IronHead,Protect|||M|||50|,,,,,Ground]Dondozo||ClearAmulet|WaterVeil|OrderUp,WaveCrash,Earthquake,Protect|||M|||50|,,,,,Grass]Tatsugiri||ChoiceScarf|Commander|DracoMeteor,IcyWind,DragonPulse,MuddyWater|||M|||50|,,,,,Dragon
|showteam|p2|Gholdengo||ChoiceSpecs|GoodasGold|MakeItRain,ShadowBall,Trick,FocusBlast||||||50|,,,,,Steel]Amoonguss||RockyHelmet|Regenerator|Protect,RagePowder,Spore,PollenPuff|||M|||50|,,,,,Fairy]Incineroar||SafetyGoggles|Intimidate|FakeOut,FlareBlitz,KnockOff,PartingShot|||M|||50|,,,,,Ghost]Kommo-o||ThroatSpray|Soundproof|Protect,ClangingScales,Flamethrower,ClangorousSoul|||M|||50|,,,,,Fire]Ninetales-Alola||FocusSash|SnowWarning|Protect,Blizzard,FreezeDry,Encore|||F|||50|,,,,,Ice]Dragonite||AssaultVest|Multiscale|ExtremeSpeed,TeraBlast,IceSpinner,StompingTantrum|||F|||50|,,,,,Flying
|inactive|Battle timer is ON: inactive players will automatically lose when time's up. (requested by SnowquakeMG)
|inactive|xdi8723 has 60 seconds left.
|
|t:|1757066635
|teamsize|p1|4
|teamsize|p2|4
|start
|switch|p1a: Talonflame|Talonflame, L50, M|100/100
|switch|p1b: Hydreigon|Hydreigon, L50, M|100/100
|switch|p2a: Manolo|Amoonguss, L50, M|100/100
|switch|p2b: Kommo-o|Kommo-o, L50, M|100/100
|turn|1
|inactive|SnowquakeMG has 30 seconds left.
|inactive|xdi8723 has 30 seconds left.
|inactive|SnowquakeMG has 20 seconds left.
|inactive|xdi8723 has 20 seconds left.
|inactive|SnowquakeMG has 15 seconds left.
|inactive|SnowquakeMG has 10 seconds left.
|
|t:|1757066680
|-terastallize|p1a: Talonflame|Flying
|-terastallize|p2a: Manolo|Fairy
|move|p2a: Manolo|Rage Powder|p2a: Manolo
|-singleturn|p2a: Manolo|move: Rage Powder
|move|p1a: Talonflame|Brave Bird|p2a: Manolo
|-damage|p2a: Manolo|51/100
|-damage|p1a: Talonflame|84/100|[from] item: Rocky Helmet|[of] p2a: Manolo
|-damage|p1a: Talonflame|61/100|[from] Recoil
|move|p1b: Hydreigon|Draco Meteor|p2a: Manolo
|-immune|p2a: Manolo
|move|p2b: Kommo-o|Clangorous Soul|p2b: Kommo-o
|-boost|p2b: Kommo-o|atk|1
|-boost|p2b: Kommo-o|def|1
|-boost|p2b: Kommo-o|spa|1
|-boost|p2b: Kommo-o|spd|1
|-boost|p2b: Kommo-o|spe|1
|-damage|p2b: Kommo-o|68/100
|-enditem|p2b: Kommo-o|Throat Spray
|-boost|p2b: Kommo-o|spa|1|[from] item: Throat Spray
|
|upkeep
|turn|2
|inactive|xdi8723 has 30 seconds left.
|
|t:|1757066711
|move|p2b: Kommo-o|Clanging Scales|p1a: Talonflame|[spread] p1a,p1b
|-supereffective|p1b: Hydreigon
|-damage|p1a: Talonflame|0 fnt
|-damage|p1b: Hydreigon|0 fnt
|faint|p1a: Talonflame
|faint|p1b: Hydreigon
|-unboost|p2b: Kommo-o|def|1
|move|p2a: Manolo|Pollen Puff|p2b: Kommo-o
|-heal|p2b: Kommo-o|100/100
|
|upkeep
|
|t:|1757066722
|switch|p1a: Meowscarada|Meowscarada, L50, M|100/100
|switch|p1b: Garchomp|Garchomp, L50, M|100/100
|turn|3
|
|t:|1757066742
|move|p1b: Garchomp|Protect|p1b: Garchomp
|-singleturn|p1b: Garchomp|Protect
|move|p2a: Manolo|Protect|p2a: Manolo
|-singleturn|p2a: Manolo|Protect
|move|p2b: Kommo-o|Clanging Scales|p1a: Meowscarada|[spread] p1a
|-activate|p1b: Garchomp|move: Protect
|-damage|p1a: Meowscarada|0 fnt
|faint|p1a: Meowscarada
|-unboost|p2b: Kommo-o|def|1
|
|upkeep
|turn|4
|
|t:|1757066764
|move|p2b: Kommo-o|Clanging Scales|p1b: Garchomp
|-supereffective|p1b: Garchomp
|-damage|p1b: Garchomp|0 fnt
|faint|p1b: Garchomp
|
|win|xdi8723
|raw|SnowquakeMG's rating: 1000 → 1000(+0 for losing)
|raw|xdi8723's rating: 1072 → 1095(+23 for winning)
|l|☆SnowquakeMG
|player|p1|
