|j|☆Hackervgc
|j|☆go to vr
|html|Hackervgcgo to vr    
|uhtml|bestof|Game 1 of a best-of-3
|t:|1756567734
|gametype|doubles
|player|p1|Hackervgc|gentleman-gen4|
|player|p2|go to vr|colress|
|gen|9
|tier|[Gen 9] VGC 2025 Reg H (Bo3)
|rule|Species Clause: Limit one of each Pokémon
|rule|Item Clause: Limit 1 of each item
|clearpoke
|poke|p1|Kingambit, L50, F|
|poke|p1|Magmar, L50, M|
|poke|p1|Dragonite, L50, F|
|poke|p1|Sneasler, L50, M|
|poke|p1|Ursaluna-Bloodmoon, L50, M|
|poke|p1|Farigiraf, L50, M|
|poke|p2|Kilowattrel, L50, F|
|poke|p2|Gholdengo, L50|
|poke|p2|Ursaluna, L50, F|
|poke|p2|Incineroar, L50, M|
|poke|p2|Dragonite, L50, M|
|poke|p2|Ninetales-Alola, L50, M|
|teampreview|4
|showteam|p1|Kingambit||AssaultVest|Defiant|KowtowCleave,SuckerPunch,LowKick,TeraBlast|||F|||50|,,,,,Flying]Magmar||Eviolite|VitalSpirit|FollowMe,Protect,Flamethrower,WillOWisp|||M|||50|,,,,,Grass]Dragonite||LoadedDice|Multiscale|ScaleShot,Protect,Haze,Tailwind|||F|||50|,,,,,Fairy]Sneasler||FocusSash|Unburden|ThroatChop,DireClaw,CloseCombat,Protect|||M|||50|,,,,,Stellar]Ursaluna-Bloodmoon||LifeOrb|MindsEye|BloodMoon,Protect,EarthPower,HyperVoice|||M|||50|,,,,,Normal]Farigiraf||SitrusBerry|ArmorTail|TrickRoom,HelpingHand,Psychic,Protect|||M|||50|,,,,,Water
|showteam|p2|Kilowattrel||FocusSash|Competitive|Tailwind,Protect,Thunderbolt,AirSlash|||F|||50|,,,,,Ghost]Gholdengo||LifeOrb|GoodasGold|NastyPlot,Protect,ShadowBall,MakeItRain||||||50|,,,,,Dragon]Ursaluna||FlameOrb|Guts|Earthquake,Protect,Facade,HeadlongRush|||F|||50|,,,,,Fairy]Incineroar||RockyHelmet|Intimidate|PartingShot,FlareBlitz,KnockOff,FakeOut|||M|||50|,,,,,Bug]Dragonite||LoadedDice|Multiscale|ScaleShot,Tailwind,Haze,Protect|||M|||50|,,,,,Fairy]Ninetales-Alola||NeverMeltIce|SnowWarning|Encore,Blizzard,FreezeDry,Protect|||M|||50|,,,,,Ghost
|inactive|Battle timer is ON: inactive players will automatically lose when time's up. (requested by go to vr)
|inactive|Hackervgc has 60 seconds left.
|inactive|go to vr has 60 seconds left.
|inactive|Hackervgc has 30 seconds left.
|inactive|go to vr has 30 seconds left.
|inactive|Hackervgc has 20 seconds left.
|inactive|Hackervgc has 15 seconds left.
|inactive|Hackervgc has 10 seconds left.
|
|t:|1756567819
|teamsize|p1|4
|teamsize|p2|4
|start
|switch|p1a: Kingambit|Kingambit, L50, F|100/100
|switch|p1b: Farigiraf|Farigiraf, L50, M|100/100
|switch|p2a: Dragonite|Dragonite, L50, M, shiny|100/100
|switch|p2b: Incineroar|Incineroar, L50, M, shiny|100/100
|-ability|p2b: Incineroar|Intimidate|boost
|-unboost|p1a: Kingambit|atk|1
|-ability|p1a: Kingambit|Defiant|boost
|-boost|p1a: Kingambit|atk|2
|-unboost|p1b: Farigiraf|atk|1
|turn|1
|inactive|Hackervgc has 30 seconds left.
|inactive|go to vr has 30 seconds left.
|inactive|Hackervgc has 20 seconds left.
|inactive|go to vr has 20 seconds left.
|
|t:|1756567856
|-terastallize|p2b: Incineroar|Bug
|-terastallize|p1a: Kingambit|Flying
|move|p2a: Dragonite|Scale Shot|p1b: Farigiraf
|-crit|p1b: Farigiraf
|-damage|p1b: Farigiraf|82/100
|-damage|p1b: Farigiraf|68/100
|-damage|p1b: Farigiraf|53/100
|-damage|p1b: Farigiraf|39/100
|-enditem|p1b: Farigiraf|Sitrus Berry|[eat]
|-heal|p1b: Farigiraf|63/100|[from] item: Sitrus Berry
|-damage|p1b: Farigiraf|51/100
|-hitcount|p1b: Farigiraf|5
|-unboost|p2a: Dragonite|def|1
|-boost|p2a: Dragonite|spe|1
|move|p2b: Incineroar|Knock Off|p1b: Farigiraf
|-supereffective|p1b: Farigiraf
|-damage|p1b: Farigiraf|0 fnt
|faint|p1b: Farigiraf
|move|p1a: Kingambit|Kowtow Cleave|p2a: Dragonite
|-damage|p2a: Dragonite|46/100
|
|upkeep
|
|t:|1756567876
|switch|p1b: Dragonita|Dragonite, L50, F|100/100
|turn|2
|inactive|Hackervgc has 30 seconds left.
|inactive|go to vr has 30 seconds left.
|
|t:|1756567906
|move|p2a: Dragonite|Tailwind|p2a: Dragonite
|-sidestart|p2: go to vr|move: Tailwind
|move|p2b: Incineroar|Knock Off|p1b: Dragonita
|-damage|p1b: Dragonita|77/100
|-enditem|p1b: Dragonita|Loaded Dice|[from] move: Knock Off|[of] p2b: Incineroar
|move|p1b: Dragonita|Tailwind|p1b: Dragonita
|-sidestart|p1: Hackervgc|move: Tailwind
|move|p1a: Kingambit|Tera Blast|p2b: Incineroar|[anim] Tera Blast Flying
|-supereffective|p2b: Incineroar
|-damage|p2b: Incineroar|0 fnt
|faint|p2b: Incineroar
|
|upkeep
|
|t:|1756567916
|switch|p2b: Ninetales|Ninetales-Alola, L50, M|100/100
|-weather|Snowscape|[from] ability: Snow Warning|[of] p2b: Ninetales
|turn|3
|inactive|Hackervgc has 30 seconds left.
|
|t:|1756567941
|move|p1a: Kingambit|Sucker Punch|p2a: Dragonite
|-damage|p2a: Dragonite|0 fnt
|faint|p2a: Dragonite
|move|p2b: Ninetales|Blizzard|p1b: Dragonita|[spread] p1a,p1b
|-supereffective|p1a: Kingambit
|-supereffective|p1b: Dragonita
|-damage|p1a: Kingambit|50/100
|-damage|p1b: Dragonita|0 fnt
|faint|p1b: Dragonita
|
|-weather|Snowscape|[upkeep]
|upkeep
|
|t:|1756567950
|switch|p1b: Ursaluna|Ursaluna-Bloodmoon, L50, M|100/100
|switch|p2a: Ursaluna|Ursaluna, L50, F, shiny|100/100
|turn|4
|
|t:|1756567965
|move|p2b: Ninetales|Blizzard|p1b: Ursaluna|[spread] p1a,p1b
|-supereffective|p1a: Kingambit
|-supereffective|p1b: Ursaluna
|-damage|p1a: Kingambit|0 fnt
|-damage|p1b: Ursaluna|20/100
|faint|p1a: Kingambit
|move|p2a: Ursaluna|Earthquake|p1b: Ursaluna|[spread] p2b,p1b
|-damage|p2b: Ninetales|58/100
|-damage|p1b: Ursaluna|0 fnt
|faint|p1b: Ursaluna
|
|win|go to vr
||Hackervgc is ready for game 2.
||go to vr is ready for game 2.
|uhtml|next|Next: Game 2 of 3
|l|☆go to vr
|player|p2|
