|j|☆fumifumii
|j|☆ichoseyoupoppo
|html|fumifumiiichoseyoupoppo    
|uhtml|bestof|Game 1 of a best-of-3
|t:|1783085018
|gametype|doubles
|player|p1|fumifumii|caitlin|1000
|player|p2|ichoseyoupoppo|maid|1062
|gen|9
|tier|[Gen 9 Champions] VGC 2026 Reg M-B (Bo3)
|rated|
|rule|Species Clause: Limit one of each Pokémon
|rule|Item Clause: Limit 1 of each item
|clearpoke
|poke|p1|Lopunny, L50, M|
|poke|p1|Floette-Eternal, L50, F|
|poke|p1|Ditto, L50, shiny|
|poke|p1|Whimsicott, L50, M|
|poke|p1|Toxapex, L50, F|
|poke|p1|Incineroar, L50, M|
|poke|p2|Scrafty, L50, F|
|poke|p2|Grimmsnarl, L50, M|
|poke|p2|Torkoal, L50, M|
|poke|p2|Farigiraf, L50, M|
|poke|p2|Mudsdale, L50, M|
|poke|p2|Emboar, L50, M|
|teampreview|4
|showteam|p1|Lopunny||Lopunnite|Limber|FakeOut,CloseCombat,IcePunch,Uturn|Jolly||M|||50|]Floette-Eternal||Floettite|FlowerVeil|CalmMind,DrainingKiss,DazzlingGleam,Protect|Timid||F|||50|]Ditto||LifeOrb|Imposter|Transform|Bold|||||50|]Whimsicott||FocusSash|Prankster|Tailwind,WorrySeed,Taunt,HelpingHand|Bold||M|||50|]Toxapex||Leftovers|Regenerator|BanefulBunker,Toxic,Liquidation,Infestation|Careful||F|||50|]Incineroar||SitrusBerry|Intimidate|FakeOut,DarkestLariat,FlareBlitz,Protect|Adamant||M|||50|
|showteam|p2|Scrafty||RoseliBerry|Intimidate|FakeOut,Coaching,HelpingHand,KnockOff|Relaxed||F|||50|]Grimmsnarl||LightClay|Prankster|PartingShot,LightScreen,Reflect,FoulPlay|Bold||M|||50|]Torkoal||Charcoal|Drought|Eruption,WeatherBall,SolarBeam,Protect|Quiet||M|||50|]Farigiraf||SitrusBerry|ArmorTail|TrickRoom,HyperVoice,PsychicNoise,Protect|Quiet||M|||50|]Mudsdale||BlackBelt|Stamina|BodyPress,Sandstorm,Curse,Fissure|Relaxed||M|||50|]Emboar||Emboarite|Blaze|DrainPunch,BulkUp,Earthquake,Protect|Brave||M|||50|
|
|t:|1783085061
|teamsize|p1|4
|teamsize|p2|4
|start
|switch|p1a: Lopunny|Lopunny, L50, M|100/100
|switch|p1b: Incineroar|Incineroar, L50, M|100/100
|switch|p2a: Scrafty|Scrafty, L50, F|100/100
|switch|p2b: Farigiraf|Farigiraf, L50, M|100/100
|-ability|p1b: Incineroar|Intimidate|boost
|-unboost|p2a: Scrafty|atk|1
|-unboost|p2b: Farigiraf|atk|1
|-ability|p2a: Scrafty|Intimidate|boost
|-unboost|p1a: Lopunny|atk|1
|-unboost|p1b: Incineroar|atk|1
|turn|1
|
|t:|1783085083
|switch|p2a: Emboar|Emboar, L50, M|100/100
|detailschange|p1a: Lopunny|Lopunny-Mega, L50, M
|-mega|p1a: Lopunny|Lopunny|Lopunnite
|move|p1a: Lopunny|Close Combat|p2a: Emboar
|-damage|p2a: Emboar|51/100
|-unboost|p1a: Lopunny|def|1
|-unboost|p1a: Lopunny|spd|1
|move|p1b: Incineroar|Darkest Lariat|p2b: Farigiraf
|-supereffective|p2b: Farigiraf|1
|-damage|p2b: Farigiraf|40/100
|-enditem|p2b: Farigiraf|Sitrus Berry|[eat]
|-heal|p2b: Farigiraf|65/100|[from] item: Sitrus Berry
|move|p2b: Farigiraf|Trick Room|p2b: Farigiraf
|-fieldstart|move: Trick Room|[of] p2b: Farigiraf
|
|upkeep
|turn|2
|
|t:|1783085115
|switch|p1a: Ditto|Ditto, L50, shiny|100/100
|-transform|p1a: Ditto|p2b: Farigiraf|[from] ability: Imposter
|detailschange|p2a: Emboar|Emboar-Mega, L50, M
|-mega|p2a: Emboar|Emboar|Emboarite
|-ability|p2a: Emboar|Mold Breaker
|move|p2b: Farigiraf|Hyper Voice|p1a: Ditto|[spread] p1a,p1b
|-damage|p1a: Ditto|57/100
|-damage|p1b: Incineroar|71/100
|move|p1b: Incineroar|Darkest Lariat|p2b: Farigiraf
|-supereffective|p2b: Farigiraf|1
|-damage|p2b: Farigiraf|12/100
|move|p2a: Emboar|Drain Punch|p1b: Incineroar
|-supereffective|p1b: Incineroar|1
|-damage|p1b: Incineroar|0 fnt
|-heal|p2a: Emboar|84/100|[from] drain|[of] p1b: Incineroar
|faint|p1b: Incineroar
|
|upkeep
|
|t:|1783085132
|switch|p1b: Toxapex|Toxapex, L50, F|100/100
|turn|3
|
|t:|1783085145
|move|p2b: Farigiraf|Protect|p2b: Farigiraf
|-singleturn|p2b: Farigiraf|Protect
|move|p1b: Toxapex|Liquidation|p2a: Emboar
|-supereffective|p2a: Emboar|1
|-damage|p2a: Emboar|42/100
|move|p1a: Ditto|Hyper Voice|p2b: Farigiraf|[spread] p2a
|-activate|p2b: Farigiraf|move: Protect
|-damage|p2a: Emboar|11/100
|-damage|p1a: Ditto|47/100|[from] item: Life Orb
|move|p2a: Emboar|Earthquake|p1b: Toxapex|[spread] p1a,p1b
|-activate|p2b: Farigiraf|move: Protect
|-supereffective|p1b: Toxapex|1
|-damage|p1a: Ditto|4/100
|-damage|p1b: Toxapex|60/100
|
|-heal|p1b: Toxapex|66/100|[from] item: Leftovers
|upkeep
|turn|4
|
|t:|1783085169
|move|p1b: Toxapex|Baneful Bunker|p1b: Toxapex
|-singleturn|p1b: Toxapex|move: Protect
|move|p2a: Emboar|Protect|p2a: Emboar
|-singleturn|p2a: Emboar|Protect
|move|p1a: Ditto|Hyper Voice|p2a: Emboar|[spread] p2b
|-activate|p2a: Emboar|move: Protect
|-damage|p2b: Farigiraf|0 fnt
|faint|p2b: Farigiraf
|-damage|p1a: Ditto|0 fnt|[from] item: Life Orb
|faint|p1a: Ditto
|
|-heal|p1b: Toxapex|71/100|[from] item: Leftovers
|upkeep
|
|t:|1783085182
|switch|p1a: Lopunny|Lopunny-Mega, L50, M|100/100
|switch|p2b: Scrafty|Scrafty, L50, F|100/100
|-ability|p2b: Scrafty|Intimidate|boost
|-fail|p1a: Lopunny|unboost|Attack|[from] ability: Scrappy|[of] p1a: Lopunny
|-unboost|p1b: Toxapex|atk|1
|turn|5
|
|t:|1783085209
|move|p2a: Emboar|Protect||[still]
|-fail|p2a: Emboar
|move|p2b: Scrafty|Fake Out|p1a: Lopunny
|-damage|p1a: Lopunny|88/100
|cant|p1a: Lopunny|flinch
|move|p1b: Toxapex|Toxic|p2b: Scrafty
|-status|p2b: Scrafty|tox
|
|-heal|p1b: Toxapex|77/100|[from] item: Leftovers
|-damage|p2b: Scrafty|94/100 tox|[from] psn
|-fieldend|move: Trick Room
|upkeep
|turn|6
|
|t:|1783085238
|move|p1a: Lopunny|Close Combat|p2b: Scrafty
|-supereffective|p2b: Scrafty|1
|-damage|p2b: Scrafty|0 fnt
|-unboost|p1a: Lopunny|def|1
|-unboost|p1a: Lopunny|spd|1
|faint|p2b: Scrafty
|move|p2a: Emboar|Drain Punch|p1a: Lopunny
|-supereffective|p1a: Lopunny|1
|-damage|p1a: Lopunny|0 fnt
|-heal|p2a: Emboar|41/100|[from] drain|[of] p1a: Lopunny
|faint|p1a: Lopunny
|move|p1b: Toxapex|Liquidation|p2a: Emboar
|-supereffective|p2a: Emboar|1
|-damage|p2a: Emboar|9/100
|
|-heal|p1b: Toxapex|83/100|[from] item: Leftovers
|upkeep
|
|t:|1783085242
|switch|p2b: Torkoal|Torkoal, L50, M|100/100
|-weather|SunnyDay|[from] ability: Drought|[of] p2b: Torkoal
|turn|7
|inactive|Battle timer is ON: inactive players will automatically lose when time's up. (requested by fumifumii)
|l|☆fumifumii
|inactive|fumifumii disconnected and has a minute to reconnect!
|player|p1|
|j|☆fumifumii
|inactive|fumifumii reconnected and has 75 seconds left.
|player|p1|fumifumii|caitlin|
|
|t:|1783085282
|move|p2b: Torkoal|Protect|p2b: Torkoal
|-singleturn|p2b: Torkoal|Protect
|move|p2a: Emboar|Earthquake|p1b: Toxapex|[spread] p1b
|-activate|p2b: Torkoal|move: Protect
|-supereffective|p1b: Toxapex|1
|-damage|p1b: Toxapex|42/100
|move|p1b: Toxapex|Liquidation|p2a: Emboar
|-supereffective|p2a: Emboar|1
|-damage|p2a: Emboar|0 fnt
|faint|p2a: Emboar
|
|-weather|SunnyDay|[upkeep]
|-heal|p1b: Toxapex|48/100|[from] item: Leftovers
|upkeep
|turn|8
|
|t:|1783085303
|move|p1b: Toxapex|Liquidation|p2b: Torkoal
|-supereffective|p2b: Torkoal|1
|-damage|p2b: Torkoal|89/100
|move|p2b: Torkoal|Weather Ball|p1b: Toxapex
|-resisted|p1b: Toxapex|1
|-damage|p1b: Toxapex|18/100
|
|-weather|SunnyDay|[upkeep]
|-heal|p1b: Toxapex|24/100|[from] item: Leftovers
|upkeep
|turn|9
|
|t:|1783085311
|move|p1b: Toxapex|Toxic|p2b: Torkoal
|-status|p2b: Torkoal|tox
|move|p2b: Torkoal|Weather Ball|p1b: Toxapex
|-resisted|p1b: Toxapex|1
|-damage|p1b: Toxapex|0 fnt
|faint|p1b: Toxapex
|
|win|ichoseyoupoppo
||fumifumii is ready for game 2.
||ichoseyoupoppo is ready for game 2.
|uhtml|next|Next: Game 2 of 3
|l|☆fumifumii
|player|p1|
