|j|Ōśåspiritneko666
|j|Ōśåmonkey stall
|html|spiritneko666monkey stall    
|uhtml|bestof|Game 2 of a best-of-3
|t:|1757019376
|gametype|doubles
|player|p1|spiritneko666|psychic-gen4|
|player|p2|monkey stall|2|
|gen|9
|tier|[Gen 9] VGC 2025 Reg H (Bo3)
|rule|Species Clause: Limit one of each Pok├®mon
|rule|Item Clause: Limit 1 of each item
|clearpoke
|poke|p1|Sneasler, L50, F|
|poke|p1|Indeedee, L50, M|
|poke|p1|Ursaluna-Bloodmoon, L50, M|
|poke|p1|Talonflame, L50, M|
|poke|p1|Primarina, L50, M|
|poke|p1|Arcanine-Hisui, L50, F|
|poke|p2|Ninetales-Alola, L50, M|
|poke|p2|Dragonite, L50, M|
|poke|p2|Volcarona, L50, M|
|poke|p2|Electabuzz, L50, F|
|poke|p2|Incineroar, L50, M|
|poke|p2|Ursaluna-Bloodmoon, L50, M|
|teampreview|4
|showteam|p1|Sneasler||PsychicSeed|Unburden|CloseCombat,DireClaw,ThroatChop,Protect|||F|||50|,,,,,Dark]Indeedee||FocusSash|PsychicSurge|ExpandingForce,TrickRoom,HelpingHand,Protect|||M|||50|,,,,,Psychic]Ursaluna-Bloodmoon||LifeOrb|MindsEye|BloodMoon,HyperVoice,EarthPower,Protect|||M|||50|,,,,,Normal]Talonflame||CovertCloak|GaleWings|FlareBlitz,DualWingbeat,WillOWisp,Tailwind|||M|||50|,,,,,Fairy]Primarina||SitrusBerry|LiquidVoice|HyperVoice,Moonblast,Haze,Protect|||M|||50|,,,,,Poison]Arcanine-Hisui||ChoiceBand|Intimidate|FlareBlitz,ExtremeSpeed,CloseCombat,RockSlide|||F|||50|,,,,,Grass
|showteam|p2|Ninetales-Alola||LightClay|SnowWarning|Blizzard,AuroraVeil,FreezeDry,Encore|||M|||50|,,,,,Ghost]Dragonite||LoadedDice|Multiscale|ScaleShot,Haze,Tailwind,Protect|||M|||50|,,,,,Fairy]Volcarona||Leftovers|FlameBody|QuiverDance,FieryDance,TeraBlast,Protect|||M|||50|,,,,,Fairy]Electabuzz||Eviolite|VitalSpirit|Electroweb,FollowMe,Taunt,Protect|||F|||50|,,,,,Ghost]Incineroar||SitrusBerry|Intimidate|FlareBlitz,KnockOff,FakeOut,PartingShot|||M|||50|,,,,,Grass]Ursaluna-Bloodmoon||LifeOrb|MindsEye|HyperVoice,BloodMoon,EarthPower,Protect|||M|||50|,,,,,Normal
|inactive|Battle timer is ON: inactive players will automatically lose when time's up. (requested by spiritneko666)
|c|Ōśåspiritneko666|oh well she cant kill incin
|inactive|spiritneko666 has 60 seconds left.
|inactive|monkey stall has 60 seconds left.
|inactive|spiritneko666 has 30 seconds left.
|inactive|spiritneko666 has 20 seconds left.
|inactive|spiritneko666 has 15 seconds left.
|inactive|spiritneko666 has 10 seconds left.
|inactive|spiritneko666 has 5 seconds left.
|
|t:|1757019464
|teamsize|p1|4
|teamsize|p2|4
|start
|switch|p1a: Shrike|Talonflame, L50, M, shiny|100/100
|switch|p1b: Primarina|Primarina, L50, M|100/100
|switch|p2a: Volcarona|Volcarona, L50, M|100/100
|switch|p2b: Incineroar|Incineroar, L50, M, shiny|100/100
|-ability|p2b: Incineroar|Intimidate|boost
|-unboost|p1a: Shrike|atk|1
|-unboost|p1b: Primarina|atk|1
|turn|1
|
|t:|1757019482
|switch|p1a: Alfred|Indeedee, L50, M|100/100
|-fieldstart|move: Psychic Terrain|[from] ability: Psychic Surge|[of] p1a: Alfred
|-terastallize|p2a: Volcarona|Fairy
|move|p2a: Volcarona|Quiver Dance|p2a: Volcarona
|-boost|p2a: Volcarona|spa|1
|-boost|p2a: Volcarona|spd|1
|-boost|p2a: Volcarona|spe|1
|move|p2b: Incineroar|Parting Shot|p1b: Primarina
|-unboost|p1b: Primarina|atk|1
|-unboost|p1b: Primarina|spa|1
|
|t:|1757019493
|switch|p2b: Electabuzz|Electabuzz, L50, F|100/100|[from] Parting Shot
|move|p1b: Primarina|Hyper Voice|p2b: Electabuzz|[spread] p2a,p2b
|-damage|p2a: Volcarona|85/100
|-damage|p2b: Electabuzz|81/100
|
|-heal|p2a: Volcarona|91/100|[from] item: Leftovers
|upkeep
|turn|2
|c|Ōśåspiritneko666|eh shit i got read
|c|Ōśåmonkey stall|Yeh
|inactive|monkey stall has 30 seconds left.
|inactive|monkey stall has 20 seconds left.
|inactive|monkey stall has 15 seconds left.
|
|t:|1757019535
|move|p2a: Volcarona|Quiver Dance|p2a: Volcarona
|-boost|p2a: Volcarona|spa|1
|-boost|p2a: Volcarona|spd|1
|-boost|p2a: Volcarona|spe|1
|move|p2b: Electabuzz|Taunt|p1b: Primarina
|-start|p1b: Primarina|move: Taunt
|cant|p1b: Primarina|move: Taunt|Haze
|move|p1a: Alfred|Trick Room|p1a: Alfred
|-fieldstart|move: Trick Room|[of] p1a: Alfred
|
|-heal|p2a: Volcarona|97/100|[from] item: Leftovers
|upkeep
|turn|3
|
|t:|1757019553
|move|p1b: Primarina|Hyper Voice|p2a: Volcarona|[spread] p2a,p2b
|-damage|p2a: Volcarona|86/100
|-damage|p2b: Electabuzz|64/100
|move|p2b: Electabuzz|Taunt|p1a: Alfred
|-start|p1a: Alfred|move: Taunt
|move|p1a: Alfred|Expanding Force|p2a: Volcarona|[spread] p2a,p2b
|-crit|p2a: Volcarona
|-damage|p2a: Volcarona|15/100
|-damage|p2b: Electabuzz|24/100
|move|p2a: Volcarona|Tera Blast|p1b: Primarina|[anim] Tera Blast Fairy
|-damage|p1b: Primarina|35/100
|-enditem|p1b: Primarina|Sitrus Berry|[eat]
|-heal|p1b: Primarina|59/100|[from] item: Sitrus Berry
|
|-heal|p2a: Volcarona|21/100|[from] item: Leftovers
|upkeep
|turn|4
|c|Ōśåspiritneko666|NOOOO
|c|Ōśåmonkey stall|Omg bro
|inactive|spiritneko666 has 30 seconds left.
|inactive|monkey stall has 30 seconds left.
|c|Ōśåspiritneko666|i feel so bad
|
|t:|1757019588
|move|p2a: Volcarona|Protect|p2a: Volcarona
|-singleturn|p2a: Volcarona|Protect
|move|p1b: Primarina|Hyper Voice|p2a: Volcarona|[spread] p2b
|-activate|p2a: Volcarona|move: Protect
|-crit|p2b: Electabuzz
|-damage|p2b: Electabuzz|0 fnt
|faint|p2b: Electabuzz
|move|p1a: Alfred|Expanding Force|p2a: Volcarona
|-activate|p2a: Volcarona|move: Protect
|
|-heal|p2a: Volcarona|27/100|[from] item: Leftovers
|-end|p1b: Primarina|move: Taunt
|upkeep
|c|Ōśåmonkey stall|Bro
|c|Ōśåmonkey stall|Electabuzz lives there
|c|Ōśåmonkey stall|I needed to break sash
|c|Ōśåspiritneko666|does it?
|c|Ōśåmonkey stall|Yeh
|inactive|monkey stall has 30 seconds left.
|c|Ōśåmonkey stall|Electabuzz is very bulky
|c|Ōśåmonkey stall|With evo
|c|Ōśåmonkey stall|And I parting shot prima
|inactive|monkey stall has 20 seconds left.
|c|Ōśåspiritneko666|idk i didnt see it when i used it
|inactive|monkey stall has 15 seconds left.
|c|Ōśåspiritneko666|oh wait
|inactive|monkey stall has 10 seconds left.
|c|Ōśåspiritneko666|i got a crit
|
|t:|1757019637
|switch|p2b: Incineroar|Incineroar, L50, M, shiny|100/100
|-ability|p2b: Incineroar|Intimidate|boost
|-unboost|p1a: Alfred|atk|1
|-unboost|p1b: Primarina|atk|1
|turn|5
|c|Ōśåspiritneko666|i thought eforce killed it
|inactive|monkey stall has 30 seconds left.
|
|t:|1757019663
|move|p1b: Primarina|Haze|p1b: Primarina
|-clearallboost
|move|p2b: Incineroar|Knock Off|p1a: Alfred
|-supereffective|p1a: Alfred
|-enditem|p1a: Alfred|Focus Sash
|-damage|p1a: Alfred|1/100
|move|p2a: Volcarona|Tera Blast|p1b: Primarina|[anim] Tera Blast Fairy
|-damage|p1b: Primarina|25/100
|move|p1a: Alfred|Expanding Force|p2a: Volcarona|[spread] p2a
|-immune|p2b: Incineroar
|-damage|p2a: Volcarona|0 fnt
|faint|p2a: Volcarona
|
|-end|p1a: Alfred|move: Taunt
|-fieldend|move: Psychic Terrain
|upkeep
|
|t:|1757019668
|switch|p2a: Ursaluna|Ursaluna-Bloodmoon, L50, M|100/100
|turn|6
|c|Ōśåspiritneko666|she's trying to secure her spot on the team
|
|t:|1757019682
|move|p1a: Alfred|Protect|p1a: Alfred
|-singleturn|p1a: Alfred|Protect
|move|p1b: Primarina|Hyper Voice|p2a: Ursaluna|[spread] p2a,p2b
|-supereffective|p2a: Ursaluna
|-supereffective|p2b: Incineroar
|-damage|p2a: Ursaluna|8/100
|-damage|p2b: Incineroar|27/100
|-enditem|p2b: Incineroar|Sitrus Berry|[eat]
|-heal|p2b: Incineroar|52/100|[from] item: Sitrus Berry
|move|p2b: Incineroar|Flare Blitz|p1b: Primarina
|-resisted|p1b: Primarina
|-damage|p1b: Primarina|0 fnt
|faint|p1b: Primarina
|-damage|p2b: Incineroar|45/100|[from] Recoil
|move|p2a: Ursaluna|Hyper Voice|p1a: Alfred
|-activate|p1a: Alfred|move: Protect
|
|-fieldend|move: Trick Room
|upkeep
|c|Ōśåmonkey stall|Nah
|c|Ōśåspiritneko666|how many crits did she get? i was legit about to boot her from the team until this set
|
|t:|1757019703
|switch|p1b: Shrike|Talonflame, L50, M, shiny|100/100
|turn|7
|c|Ōśåmonkey stall|I mean
|c|Ōśåmonkey stall|Prima is a good Mon
|c|Ōśåspiritneko666|mostly because i had the evs backwards
|c|Ōśåspiritneko666|and i didnt relize it
|inactive|monkey stall has 30 seconds left.
|
|t:|1757019735
|switch|p1a: Sonya|Sneasler, L50, F|100/100
|move|p1b: Shrike|Tailwind|p1b: Shrike
|-sidestart|p1: spiritneko666|move: Tailwind
|move|p2a: Ursaluna|Hyper Voice|p1b: Shrike|[spread] p1a,p1b
|-crit|p1a: Sonya
|-crit|p1b: Shrike
|-damage|p1a: Sonya|0 fnt
|-damage|p1b: Shrike|0 fnt
|faint|p1a: Sonya
|faint|p1b: Shrike
|-damage|p2a: Ursaluna|0 fnt|[from] item: Life Orb
|faint|p2a: Ursaluna
|move|p2b: Incineroar|Knock Off|p1: Sonya|[notarget]
|-fail|p2b: Incineroar
|
|upkeep
|c|Ōśåspiritneko666|i was sitting there like "why is she doing so little damage she must not be for me
|c|Ōśåspiritneko666|OH
|c|Ōśåspiritneko666|OH
|inactive|spiritneko666 has 30 seconds left.
|c|Ōśåspiritneko666|honestly that was dumb on my part
|c|Ōśåmonkey stall|Yes
|c|Ōśåspiritneko666|that double crit didnt matter but like
|inactive|spiritneko666 has 20 seconds left.
|
|t:|1757019772
|switch|p1b: Alfred|Indeedee, L50, M|1/100
|-fieldstart|move: Psychic Terrain|[from] ability: Psychic Surge|[of] p1b: Alfred
|turn|8
|-message|spiritneko666 forfeited.
|
|win|monkey stall
|inactive|spiritneko666 has 30 seconds to confirm battle start!
|inactive|monkey stall has 30 seconds to confirm battle start!
|c|Ōśåspiritneko666|sometimes i feel the pokemon are listening
||spiritneko666 is ready for game 3.
||monkey stall is ready for game 3.
|uhtml|next|Next: Game 3 of 3
