|j|☆Lucariocrown
|j|☆LPTesting1
|html|LucariocrownLPTesting1    
|uhtml|bestof|Game 1 of a best-of-3
|t:|1756590284
|gametype|doubles
|player|p1|Lucariocrown|266|1035
|player|p2|LPTesting1|gentleman-gen4|1088
|gen|9
|tier|[Gen 9] VGC 2025 Reg H (Bo3)
|rated|
|rule|Species Clause: Limit one of each Pokémon
|rule|Item Clause: Limit 1 of each item
|clearpoke
|poke|p1|Conkeldurr, L50, F|
|poke|p1|Kingambit, L50, F|
|poke|p1|Arcanine-Hisui, L50, F|
|poke|p1|Primarina, L50, M|
|poke|p1|Gholdengo, L50|
|poke|p1|Murkrow, L50, M|
|poke|p2|Maushold, L50|
|poke|p2|Annihilape, L50, M|
|poke|p2|Sinistcha, L50|
|poke|p2|Pelipper, L50, M|
|poke|p2|Archaludon, L50, M|
|poke|p2|Incineroar, L50, M|
|teampreview|4
|showteam|p1|Conkeldurr||LifeOrb|SheerForce|RockSlide,CloseCombat,HammerArm,Protect|||F|||50|,,,,,Fighting]Kingambit||AssaultVest|SupremeOverlord|KowtowCleave,IronHead,TeraBlast,ShadowClaw|||F|||50|,,,,,Ghost]Arcanine-Hisui||Leftovers|Intimidate|FlareBlitz,Protect,StealthRock,RockSlide|||F|||50|,,,,,Ghost]Primarina||EjectPack|LiquidVoice|Moonblast,HyperVoice,Haze,Protect|||M|||50|,,,,,Poison]Gholdengo||ChoiceSpecs|GoodasGold|DazzlingGleam,MakeItRain,ShadowBall,FlashCannon||||||50|,,,,,Fairy]Murkrow||Eviolite|Prankster|Tailwind,Uturn,Haze,Protect|||M|||50|,,,,,Ghost
|showteam|p2|Maushold||SafetyGoggles|FriendGuard|BeatUp,Taunt,FollowMe,Protect||||||50|,,,,,Ghost]Annihilape||Leftovers|Defiant|RageFist,DrainPunch,BulkUp,Protect|||M|||50|,,,,,Grass]Sinistcha||RockyHelmet|Hospitality|MatchaGotcha,LifeDew,TrickRoom,RagePowder||||||50|,,,,,Water]Pelipper||FocusSash|Drizzle|WeatherBall,Hurricane,Tailwind,WideGuard|||M|||50|,,,,,Ghost]Archaludon||AssaultVest|Stamina|ElectroShot,DragonPulse,FlashCannon,BodyPress|||M|||50|,,,,,Grass]Incineroar||SitrusBerry|Intimidate|FlareBlitz,KnockOff,PartingShot,FakeOut|||M|||50|,,,,,Grass
|
|t:|1756590351
|teamsize|p1|4
|teamsize|p2|4
|start
|switch|p1a: Murkrow|Murkrow, L50, M|100/100
|switch|p1b: Conkeldurr|Conkeldurr, L50, F|100/100
|switch|p2a: Archaludon|Archaludon, L50, M|100/100
|switch|p2b: Pelipper|Pelipper, L50, M|100/100
|-weather|RainDance|[from] ability: Drizzle|[of] p2b: Pelipper
|turn|1
|
|t:|1756590380
|-terastallize|p2a: Archaludon|Grass
|move|p1a: Murkrow|Tailwind|p1a: Murkrow
|-sidestart|p1: Lucariocrown|move: Tailwind
|move|p1b: Conkeldurr|Close Combat|p2a: Archaludon
|-damage|p2a: Archaludon|38/100
|-unboost|p1b: Conkeldurr|def|1
|-unboost|p1b: Conkeldurr|spd|1
|-ability|p2a: Archaludon|Stamina|boost
|-boost|p2a: Archaludon|def|1
|-damage|p1b: Conkeldurr|91/100|[from] item: Life Orb
|move|p2a: Archaludon|Electro Shot||[still]
|-prepare|p2a: Archaludon|Electro Shot
|-boost|p2a: Archaludon|spa|1
|-anim|p2a: Archaludon|Electro Shot|p1a: Murkrow
|-supereffective|p1a: Murkrow
|-damage|p1a: Murkrow|0 fnt
|faint|p1a: Murkrow
|move|p2b: Pelipper|Tailwind|p2b: Pelipper
|-sidestart|p2: LPTesting1|move: Tailwind
|
|-weather|RainDance|[upkeep]
|upkeep
|
|t:|1756590420
|switch|p1a: Primarina|Primarina, L50, M|100/100
|turn|2
|
|t:|1756590445
|switch|p2b: Sinistcha|Sinistcha, L50|100/100
|-heal|p2a: Archaludon|63/100|[from] ability: Hospitality|[of] p2b: Sinistcha
|move|p2a: Archaludon|Electro Shot||[still]
|-prepare|p2a: Archaludon|Electro Shot
|-boost|p2a: Archaludon|spa|1
|-anim|p2a: Archaludon|Electro Shot|p1b: Conkeldurr
|-damage|p1b: Conkeldurr|0 fnt
|faint|p1b: Conkeldurr
|move|p1a: Primarina|Moonblast|p2a: Archaludon
|-damage|p2a: Archaludon|23/100
|-ability|p2a: Archaludon|Stamina|boost
|-boost|p2a: Archaludon|def|1
|
|-weather|RainDance|[upkeep]
|upkeep
|
|t:|1756590461
|switch|p1b: Kingambit|Kingambit, L50, F|100/100
|-activate|p1b: Kingambit|ability: Supreme Overlord
|-start|p1b: Kingambit|fallen2|[silent]
|turn|3
|
|t:|1756590495
|move|p2a: Archaludon|Body Press|p1b: Kingambit
|-supereffective|p1b: Kingambit
|-damage|p1b: Kingambit|0 fnt
|faint|p1b: Kingambit
|-end|p1b: Kingambit|fallen2|[silent]
|move|p2b: Sinistcha|Matcha Gotcha|p1a: Primarina
|-supereffective|p1a: Primarina
|-damage|p1a: Primarina|39/100
|move|p1a: Primarina|Haze|p1a: Primarina
|-clearallboost
|
|-weather|RainDance|[upkeep]
|upkeep
|turn|4
|
|t:|1756590512
|move|p2a: Archaludon|Electro Shot||[still]
|-prepare|p2a: Archaludon|Electro Shot
|-boost|p2a: Archaludon|spa|1
|-anim|p2a: Archaludon|Electro Shot|p1a: Primarina
|-supereffective|p1a: Primarina
|-damage|p1a: Primarina|0 fnt
|faint|p1a: Primarina
|
|win|LPTesting1
||Lucariocrown is ready for game 2.
