|j|☆wait for swarley
|j|☆qb xyz new
|html|wait for swarleyqb xyz new    
|uhtml|bestof|Game 2 of a best-of-3
|t:|1782394225
|gametype|doubles
|player|p1|wait for swarley|volo|1142
|player|p2|qb xyz new|170|1135
|gen|9
|tier|[Gen 9 Champions] VGC 2026 Reg M-B (Bo3)
|rated|
|rule|Species Clause: Limit one of each Pokémon
|rule|Item Clause: Limit 1 of each item
|clearpoke
|poke|p1|Bellibolt, L50, F, shiny|
|poke|p1|Sceptile, L50, M|
|poke|p1|Tyranitar, L50, M|
|poke|p1|Excadrill, L50, M|
|poke|p1|Houndstone, L50, M, shiny|
|poke|p1|Sinistcha-Masterpiece, L50, shiny|
|poke|p2|Raichu, L50, M|
|poke|p2|Gholdengo, L50|
|poke|p2|Whimsicott, L50, F|
|poke|p2|Floette-Eternal, L50, F|
|poke|p2|Garchomp, L50, M|
|poke|p2|Basculegion, L50, M|
|teampreview|4
|showteam|p1|Bellibolt||Magnet|Electromorphosis|ParabolicCharge,Soak,Protect,VoltSwitch|Modest||F|||50|]Sceptile||Sceptilite|Overgrow|GigaDrain,DragonPulse,EarthPower,Substitute|Modest||M|||50|]Tyranitar||Tyranitarite|SandStream|KnockOff,RockSlide,LowKick,Protect|Adamant||M|||50|]Excadrill||FocusSash|SandRush|IronHead,HighHorsepower,RockSlide,Protect|Serious||M|||50|]Houndstone||SpellTag|SandRush|LastRespects,WillOWisp,ShadowSneak,Protect|Adamant||M|||50|]Sinistcha-Masterpiece||ColburBerry|Hospitality|MatchaGotcha,RagePowder,StrengthSap,TrickRoom|Calm|||||50|
|showteam|p2|Raichu||RaichuniteY|LightningRod|FocusBlast,FakeOut,ZapCannon,Protect|Mild||M|||50|]Gholdengo||LifeOrb|GoodasGold|MakeItRain,Protect,NastyPlot,ShadowBall|Modest|||||50|]Whimsicott||FocusSash|Prankster|DazzlingGleam,Encore,Taunt,Tailwind|Timid||F|||50|]Floette-Eternal||Floettite|Symbiosis|Moonblast,Protect,DazzlingGleam,LightofRuin|Modest||F|||50|]Garchomp||SitrusBerry|RoughSkin|StompingTantrum,Protect,RockSlide,DracoMeteor|Naive||M|||50|]Basculegion||MysticWater|Adaptability|FlipTurn,WaveCrash,Protect,LastRespects|Jolly||M|||50|
|inactive|Battle timer is ON: inactive players will automatically lose when time's up. (requested by qb xyz new)
|inactive|wait for swarley has 60 seconds left.
|
|t:|1782394257
|teamsize|p1|4
|teamsize|p2|4
|start
|switch|p1a: Excadrill|Excadrill, L50, M|100/100
|switch|p1b: Sinistcha|Sinistcha-Masterpiece, L50, shiny|100/100
|switch|p2a: Whimsicott|Whimsicott, L50, F|100/100
|switch|p2b: Gholdengo|Gholdengo, L50|100/100
|turn|1
|
|t:|1782394271
|switch|p1b: Tyranitar|Tyranitar, L50, M|100/100
|-weather|Sandstorm|[from] ability: Sand Stream|[of] p1b: Tyranitar
|move|p2b: Gholdengo|Protect|p2b: Gholdengo
|-singleturn|p2b: Gholdengo|Protect
|move|p2a: Whimsicott|Taunt|p1b: Tyranitar
|-hint|Since gen 7, Dark is immune to Prankster moves.
|-immune|p1b: Tyranitar
|move|p1a: Excadrill|Iron Head|p2a: Whimsicott
|-supereffective|p2a: Whimsicott|1
|-enditem|p2a: Whimsicott|Focus Sash
|-damage|p2a: Whimsicott|1/100
|
|-weather|Sandstorm|[upkeep]
|-damage|p2a: Whimsicott|0 fnt|[from] Sandstorm
|faint|p2a: Whimsicott
|upkeep
|
|t:|1782394276
|switch|p2a: Basculegion|Basculegion, L50, M|100/100
|turn|2
|
|t:|1782394293
|detailschange|p1b: Tyranitar|Tyranitar-Mega, L50, M
|-mega|p1b: Tyranitar|Tyranitar|Tyranitarite
|move|p1a: Excadrill|High Horsepower|p2b: Gholdengo
|-supereffective|p2b: Gholdengo|1
|-damage|p2b: Gholdengo|0 fnt
|faint|p2b: Gholdengo
|move|p2a: Basculegion|Wave Crash|p1b: Tyranitar
|-supereffective|p1b: Tyranitar|1
|-crit|p1b: Tyranitar
|-damage|p1b: Tyranitar|0 fnt
|faint|p1b: Tyranitar
|-damage|p2a: Basculegion|66/100|[from] Recoil
|
|-weather|Sandstorm|[upkeep]
|-damage|p2a: Basculegion|60/100|[from] Sandstorm
|upkeep
|inactive|qb xyz new has 30 seconds left.
|
|t:|1782394322
|switch|p2b: Floette|Floette-Eternal, L50, F|100/100
|switch|p1b: Houndstone|Houndstone, L50, M, shiny|100/100
|turn|3
|
|t:|1782394333
|detailschange|p2b: Floette|Floette-Mega, L50, F
|-mega|p2b: Floette|Floette|Floettite
|-ability|p2b: Floette|Fairy Aura
|move|p2b: Floette|Protect|p2b: Floette
|-singleturn|p2b: Floette|Protect
|move|p1a: Excadrill|Iron Head|p2b: Floette
|-activate|p2b: Floette|move: Protect
|move|p1b: Houndstone|Last Respects|p2a: Basculegion
|-supereffective|p2a: Basculegion|1
|-damage|p2a: Basculegion|0 fnt
|faint|p2a: Basculegion
|
|-weather|Sandstorm|[upkeep]
|-damage|p2b: Floette|93/100|[from] Sandstorm
|upkeep
|turn|4
|
|t:|1782394353
|move|p1a: Excadrill|Iron Head|p2b: Floette
|-supereffective|p2b: Floette|1
|-damage|p2b: Floette|0 fnt
|faint|p2b: Floette
|
|win|wait for swarley
|l|☆qb xyz new
|player|p2|
||wait for swarley is ready for game 3.
||wait for swarley is ready for game 3.
||qb xyz new is ready for game 3.
|uhtml|next|Next: Game 3 of 3
