|j|Ōśåfashoooo
|j|Ōśåfigglewiggle
|html|fashoooofigglewiggle    
|uhtml|bestof|Game 3 of a best-of-3
|t:|1784258783
|gametype|doubles
|player|p1|fashoooo|1|
|player|p2|figglewiggle|102|
|gen|9
|tier|[Gen 9 Champions] VGC 2026 Reg M-B (Bo3)
|rule|Species Clause: Limit one of each Pok├®mon
|rule|Item Clause: Limit 1 of each item
|clearpoke
|poke|p1|Tyranitar, L50, M|
|poke|p1|Excadrill, L50, F|
|poke|p1|Milotic, L50, F|
|poke|p1|Sinistcha, L50|
|poke|p1|Staraptor, L50, F|
|poke|p1|Gholdengo, L50|
|poke|p2|Incineroar, L50, M|
|poke|p2|Sinistcha, L50|
|poke|p2|Sneasler, L50, F|
|poke|p2|Kingambit, L50, M|
|poke|p2|Delphox, L50, F|
|poke|p2|Floette-Eternal, L50, F|
|teampreview|4
|showteam|p1|Tyranitar||Tyranitarite|SandStream|KnockOff,RockSlide,HighHorsepower,Protect|Jolly||M|||50|]Excadrill||FocusSash|SandRush|Earthquake,IronHead,RockSlide,Protect|Adamant||F|||50|]Milotic||SitrusBerry|Competitive|Scald,IcyWind,Haze,Protect|Calm||F|||50|]Sinistcha||ColburBerry|Hospitality|MatchaGotcha,ShadowBall,Protect,RagePowder|Bold|||||50|]Staraptor||Staraptite|Intimidate|CloseCombat,BraveBird,Tailwind,Protect|Jolly||F|||50|]Gholdengo||LifeOrb|GoodasGold|MakeItRain,ShadowBall,NastyPlot,Protect|Modest|||||50|
|showteam|p2|Incineroar||SitrusBerry|Intimidate|FakeOut,PartingShot,FlareBlitz,HelpingHand|Careful||M|||50|]Sinistcha||KasibBerry|Hospitality|MatchaGotcha,RagePowder,TrickRoom,Protect|Bold|||||50|]Sneasler||FocusSash|Unburden|DireClaw,CloseCombat,QuickGuard,FakeOut|Naive||F|||50|]Kingambit||LifeOrb|Defiant|KowtowCleave,SuckerPunch,SwordsDance,Protect|Adamant||M|||50|]Delphox||Delphoxite|Blaze|HeatWave,Psychic,NastyPlot,Protect|Timid||F|||50|]Floette-Eternal||Floettite|FlowerVeil|Moonblast,DazzlingGleam,CalmMind,Protect|Timid||F|||50|
|inactive|Battle timer is ON: inactive players will automatically lose when time's up. (requested by figglewiggle)
|inactive|fashoooo has 60 seconds left.
|inactive|figglewiggle has 60 seconds left.
|
|t:|1784258834
|teamsize|p1|4
|teamsize|p2|4
|start
|switch|p1a: Milotic|Milotic, L50, F|100/100
|switch|p1b: Gholdengo|Gholdengo, L50|100/100
|switch|p2a: Sneasler|Sneasler, L50, F|100/100
|switch|p2b: Floette|Floette-Eternal, L50, F|100/100
|turn|1
|inactive|figglewiggle has 30 seconds left.
|inactive|figglewiggle has 20 seconds left.
|inactive|figglewiggle has 15 seconds left.
|
|t:|1784258874
|switch|p2a: Kingambit|Kingambit, L50, M|100/100
|detailschange|p2b: Floette|Floette-Mega, L50, F
|-mega|p2b: Floette|Floette|Floettite
|-ability|p2b: Floette|Fairy Aura
|move|p1a: Milotic|Protect|p1a: Milotic
|-singleturn|p1a: Milotic|Protect
|move|p2b: Floette|Calm Mind|p2b: Floette
|-boost|p2b: Floette|spa|1
|-boost|p2b: Floette|spd|1
|move|p1b: Gholdengo|Nasty Plot|p1b: Gholdengo
|-boost|p1b: Gholdengo|spa|2
|
|upkeep
|turn|2
|
|t:|1784258897
|move|p2a: Kingambit|Sucker Punch|p1b: Gholdengo
|-supereffective|p1b: Gholdengo|1
|-damage|p1b: Gholdengo|13/100
|-damage|p2a: Kingambit|90/100|[from] item: Life Orb
|move|p2b: Floette|Moonblast|p1a: Milotic
|-damage|p1a: Milotic|28/100
|-enditem|p1a: Milotic|Sitrus Berry|[eat]
|-heal|p1a: Milotic|53/100|[from] item: Sitrus Berry
|move|p1a: Milotic|Scald|p2a: Kingambit
|-damage|p2a: Kingambit|64/100
|move|p1b: Gholdengo|Shadow Ball|p2a: Kingambit
|-resisted|p2a: Kingambit|1
|-damage|p2a: Kingambit|17/100
|-unboost|p2a: Kingambit|spd|1
|-ability|p2a: Kingambit|Defiant|boost
|-boost|p2a: Kingambit|atk|2
|-damage|p1b: Gholdengo|3/100|[from] item: Life Orb
|
|upkeep
|turn|3
|inactive|fashoooo has 30 seconds left.
|inactive|figglewiggle has 30 seconds left.
|inactive|fashoooo has 20 seconds left.
|inactive|figglewiggle has 20 seconds left.
|inactive|fashoooo has 15 seconds left.
|inactive|fashoooo has 10 seconds left.
|
|t:|1784258944
|switch|p1b: Excadrill|Excadrill, L50, F|100/100
|move|p2a: Kingambit|Sucker Punch|p1a: Milotic
|-damage|p1a: Milotic|0 fnt
|faint|p1a: Milotic
|-damage|p2a: Kingambit|7/100|[from] item: Life Orb
|move|p2b: Floette|Dazzling Gleam|p1b: Excadrill
|-resisted|p1b: Excadrill|1
|-damage|p1b: Excadrill|42/100
|
|upkeep
|-message|fashoooo forfeited.
|
|win|figglewiggle
|c|Ōśåfigglewiggle|Ggwp you might have won that
|c|Ōśåfashoooo|i dont think so
|c|Ōśåfigglewiggle|Wait yeah
|c|Ōśåfigglewiggle|Dengo gone sneasler in back
|c|Ōśåfashoooo|i woulda been sucker punched to death
|c|Ōśåfigglewiggle|That was a nailbiter tho
|c|Ōśåfigglewiggle|True
|c|Ōśåfashoooo|you cant die to sand chip
|c|Ōśåfigglewiggle|Yeah
|c|Ōśåfigglewiggle|Sucker punch + moonblast completely free
|c|Ōśåfashoooo|I had nothing that could out speed floette and exa woulda died did to sucker
|c|Ōśåfashoooo|that was good set though
|c|Ōśåfashoooo|I had a couple plays that I look back that woulda put in position to win that
|c|Ōśåfashoooo|why the sneasler adjustment
|l|Ōśåfashoooo
|player|p1|
