|j|☆MelonazoBalonazo
|j|☆PhilHellmuth.PH
|html|MelonazoBalonazoPhilHellmuth.PH    
|uhtml|bestof|Game 1 of a best-of-3
|t:|1756410158
|gametype|doubles
|player|p1|MelonazoBalonazo|preschooler|1051
|player|p2|PhilHellmuth.PH|1|1190
|gen|9
|tier|[Gen 9] VGC 2025 Reg H (Bo3)
|rated|
|rule|Species Clause: Limit one of each Pokémon
|rule|Item Clause: Limit 1 of each item
|clearpoke
|poke|p1|Primeape, L50, F|
|poke|p1|Smeargle, L50, M|
|poke|p1|Krookodile, L50, M|
|poke|p1|Cryogonal, L50|
|poke|p1|Gholdengo, L50|
|poke|p1|Whimsicott, L50, F|
|poke|p2|Charizard, L50, M|
|poke|p2|Torkoal, L50, M|
|poke|p2|Porygon2, L50|
|poke|p2|Incineroar, L50, M|
|poke|p2|Jumpluff, L50, M|
|poke|p2|Ursaluna, L50, M|
|teampreview|4
|showteam|p1|Primeape||Eviolite|AngerPoint|DrainPunch,RageFist,Taunt,Protect|||F|||50|,,,,,Ghost]Smeargle||FocusSash|Moody|FakeOut,FollowMe,Spore,WickedBlow|||M|||50|,,,,,Ghost]Krookodile||AssaultVest|AngerPoint|Earthquake,HighHorsepower,PowerTrip,RockSlide|||M|||50|,,,,,Fire]Cryogonal||CovertCloak|Levitate|FrostBreath,IcyWind,Haze,FreezeDry||||||50|,,,,,Fairy]Gholdengo||WeaknessPolicy|GoodasGold|MakeItRain,ShadowBall,NastyPlot,Protect||||||50|,,,,,Water]Whimsicott||ScopeLens|Prankster|Tailwind,Taunt,BeatUp,Moonblast|||F|||50|,,,,,Ghost
|showteam|p2|Charizard||ChoiceSpecs|SolarPower|HeatWave,Overheat,WeatherBall,AirSlash|||M|||50|,,,,,Ghost]Torkoal||EjectPack|Drought|Eruption,Overheat,HelpingHand,Protect|||M|||50|,,,,,Fire]Porygon2||Eviolite|Download|TeraBlast,IceBeam,Recover,TrickRoom||||||50|,,,,,Fighting]Incineroar||SitrusBerry|Intimidate|FlareBlitz,KnockOff,FakeOut,PartingShot|||M|||50|,,,,,Ghost]Jumpluff||CovertCloak|Chlorophyll|SleepPowder,SunnyDay,RagePowder,Tailwind|||M|||50|,,,,,Water]Ursaluna||FlameOrb|Guts|HeadlongRush,Facade,Earthquake,Protect|||M|||50|,,,,,Ghost
|inactive|Battle timer is ON: inactive players will automatically lose when time's up. (requested by PhilHellmuth.PH)
|j| CavaliereIsSoPeak
|inactive|MelonazoBalonazo has 60 seconds left.
|inactive|PhilHellmuth.PH has 60 seconds left.
|inactive|MelonazoBalonazo has 30 seconds left.
|inactive|MelonazoBalonazo has 20 seconds left.
|inactive|MelonazoBalonazo has 15 seconds left.
|
|t:|1756410238
|teamsize|p1|4
|teamsize|p2|4
|start
|switch|p1a: Krookodile|Krookodile, L50, M|100/100
|switch|p1b: Whimsicott|Whimsicott, L50, F|100/100
|switch|p2a: Torkoal|Torkoal, L50, M|100/100
|switch|p2b: Jumpluff|Jumpluff, L50, M|100/100
|-weather|SunnyDay|[from] ability: Drought|[of] p2a: Torkoal
|turn|1
|c| CavaliereIsSoPeak|Me when she balonazos my melonazo
|inactive|MelonazoBalonazo has 30 seconds left.
|inactive|PhilHellmuth.PH has 30 seconds left.
|inactive|MelonazoBalonazo has 20 seconds left.
|inactive|PhilHellmuth.PH has 20 seconds left.
|inactive|MelonazoBalonazo has 15 seconds left.
|inactive|PhilHellmuth.PH has 15 seconds left.
|inactive|MelonazoBalonazo has 10 seconds left.
|inactive|PhilHellmuth.PH has 10 seconds left.
|
|t:|1756410287
|switch|p2b: Ursaluna|Ursaluna, L50, M|100/100
|-terastallize|p1a: Krookodile|Fire
|move|p1b: Whimsicott|Beat Up|p1a: Krookodile
|-damage|p1a: Krookodile|97/100
|-damage|p1a: Krookodile|95/100
|-crit|p1a: Krookodile
|-damage|p1a: Krookodile|93/100
|-setboost|p1a: Krookodile|atk|6|[from] ability: Anger Point
|-damage|p1a: Krookodile|90/100
|-hitcount|p1a: Krookodile|4
|move|p1a: Krookodile|Rock Slide|p2a: Torkoal|[spread] p2a,p2b
|-supereffective|p2a: Torkoal
|-resisted|p2b: Ursaluna
|-damage|p2a: Torkoal|0 fnt
|-damage|p2b: Ursaluna|75/100
|faint|p2a: Torkoal
|
|-weather|SunnyDay|[upkeep]
|-status|p2b: Ursaluna|brn|[from] item: Flame Orb
|upkeep
|
|t:|1756410310
|switch|p2a: Jumpluff|Jumpluff, L50, M|100/100
|turn|2
|inactive|MelonazoBalonazo has 30 seconds left.
|inactive|MelonazoBalonazo has 20 seconds left.
|j| Trafalgar_VGC
|inactive|MelonazoBalonazo has 15 seconds left.
|inactive|MelonazoBalonazo has 10 seconds left.
|
|t:|1756410357
|move|p1b: Whimsicott|Taunt|p2a: Jumpluff
|-start|p2a: Jumpluff|move: Taunt
|cant|p2a: Jumpluff|move: Taunt|Tailwind
|move|p1a: Krookodile|Power Trip|p2b: Ursaluna
|-damage|p2b: Ursaluna|0 fnt
|faint|p2b: Ursaluna
|
|-weather|SunnyDay|[upkeep]
|upkeep
|
|t:|1756410367
|switch|p2b: Charizard|Charizard, L50, M|100/100
|turn|3
|
|t:|1756410389
|-terastallize|p2b: Charizard|Ghost
|move|p1b: Whimsicott|Tailwind|p1b: Whimsicott
|-sidestart|p1: MelonazoBalonazo|move: Tailwind
|-activate|p2a: Jumpluff|move: Struggle
|move|p2a: Jumpluff|Struggle|p1a: Krookodile
|-damage|p1a: Krookodile|84/100
|-damage|p2a: Jumpluff|76/100|[from] recoil
|move|p1a: Krookodile|Rock Slide|p2b: Charizard|[spread] p2a,p2b
|-supereffective|p2a: Jumpluff
|-damage|p2a: Jumpluff|0 fnt
|-damage|p2b: Charizard|7/100
|faint|p2a: Jumpluff
|move|p2b: Charizard|Heat Wave|p1b: Whimsicott|[spread] p1b
|-miss|p2b: Charizard|p1a: Krookodile
|-supereffective|p1b: Whimsicott
|-damage|p1b: Whimsicott|0 fnt
|faint|p1b: Whimsicott
|
|-weather|SunnyDay|[upkeep]
|-damage|p2b: Charizard|0 fnt|[from] ability: Solar Power|[of] p2b: Charizard
|faint|p2b: Charizard
|
|win|MelonazoBalonazo
|inactive|MelonazoBalonazo has 30 seconds to confirm battle start!
|inactive|PhilHellmuth.PH has 30 seconds to confirm battle start!
||MelonazoBalonazo is ready for game 2.
|inactive|PhilHellmuth.PH has 20 seconds to confirm battle start!
||PhilHellmuth.PH is ready for game 2.
|uhtml|next|Next: Game 2 of 3
