|j|☆Jared66
|j|☆lox1sm
|html|Jared66lox1sm    
|uhtml|bestof|Game 2 of a best-of-3
|t:|1783281195
|gametype|doubles
|player|p1|Jared66|hilbert|1072
|player|p2|lox1sm|veteran|1154
|gen|9
|tier|[Gen 9 Champions] VGC 2026 Reg M-B (Bo3)
|rated|
|rule|Species Clause: Limit one of each Pokémon
|rule|Item Clause: Limit 1 of each item
|clearpoke
|poke|p1|Raichu, L50, M|
|poke|p1|Talonflame, L50, F|
|poke|p1|Basculegion, L50, M|
|poke|p1|Sinistcha-Masterpiece, L50|
|poke|p1|Garchomp, L50, M|
|poke|p1|Sneasler, L50, F|
|poke|p2|Charizard, L50, F|
|poke|p2|Aerodactyl, L50, F|
|poke|p2|Garchomp, L50, F|
|poke|p2|Kingambit, L50, M|
|poke|p2|Farigiraf, L50, F|
|poke|p2|Primarina, L50, F|
|teampreview|4
|showteam|p1|Raichu||RaichuniteY|LightningRod|ZapCannon,Encore,FocusBlast,Protect|Timid||M|||50|]Talonflame||FocusSash|GaleWings|Tailwind,Protect,FlareBlitz,BraveBird|Adamant||F|||50|]Basculegion||ChoiceScarf|Adaptability|AquaJet,LastRespects,WaveCrash,FlipTurn|Jolly||M|||50|]Sinistcha-Masterpiece||ColburBerry|Hospitality|MatchaGotcha,LifeDew,Protect,RagePowder|Modest|||||50|]Garchomp||LifeOrb|RoughSkin|Earthquake,DragonClaw,RockSlide,Protect|Adamant||M|||50|]Sneasler||WhiteHerb|Unburden|DireClaw,CloseCombat,FakeOut,Protect|Jolly||F|||50|
|showteam|p2|Charizard||CharizarditeY|Blaze|HeatWave,WeatherBall,SolarBeam,Protect|Modest||F|||50|]Aerodactyl||Aerodactylite|Unnerve|RockSlide,IceFang,Tailwind,Protect|Jolly||F|||50|]Garchomp||LifeOrb|RoughSkin|DragonClaw,Earthquake,RockSlide,Protect|Jolly||F|||50|]Kingambit||FocusSash|Defiant|KowtowCleave,SuckerPunch,IronHead,LowKick|Adamant||M|||50|]Farigiraf||ExpertBelt|ArmorTail|Psychic,DazzlingGleam,Thunderbolt,TrickRoom|Modest||F|||50|]Primarina||MysticWater|LiquidVoice|HyperVoice,Moonblast,Haze,Protect|Modest||F|||50|
|inactive|Battle timer is ON: inactive players will automatically lose when time's up. (requested by Jared66)
|
|t:|1783281219
|teamsize|p1|4
|teamsize|p2|4
|start
|switch|p1a: Raichu|Raichu, L50, M|100/100
|switch|p1b: Sneasler|Sneasler, L50, F|100/100
|switch|p2a: Aerodactyl|Aerodactyl, L50, F|100/100
|switch|p2b: Garchomp|Garchomp, L50, F|100/100
|-ability|p2a: Aerodactyl|Unnerve
|turn|1
|
|t:|1783281242
|switch|p2a: Farigiraf|Farigiraf, L50, F|100/100
|detailschange|p1a: Raichu|Raichu-Mega-Y, L50, M
|-mega|p1a: Raichu|Raichu|Raichunite Y
|move|p1b: Sneasler|Fake Out||[still]
|cant|p2a: Farigiraf|ability: Armor Tail|Fake Out|[of] p1b: Sneasler
|move|p1a: Raichu|Zap Cannon|p2a: Farigiraf
|-damage|p2a: Farigiraf|22/100
|-status|p2a: Farigiraf|par
|move|p2b: Garchomp|Earthquake|p1a: Raichu|[spread] p2a,p1a,p1b
|-crit|p2a: Farigiraf
|-supereffective|p1a: Raichu|1
|-supereffective|p1b: Sneasler|1
|-damage|p2a: Farigiraf|0 fnt
|-damage|p1a: Raichu|0 fnt
|-damage|p1b: Sneasler|0 fnt
|faint|p2a: Farigiraf
|faint|p1a: Raichu
|faint|p1b: Sneasler
|-damage|p2b: Garchomp|90/100|[from] item: Life Orb
|
|upkeep
|
|t:|1783281261
|switch|p1a: Garchomp|Garchomp, L50, M|100/100
|switch|p1b: Talonflame|Talonflame, L50, F|100/100
|switch|p2a: Aerodactyl|Aerodactyl, L50, F|100/100
|-ability|p2a: Aerodactyl|Unnerve
|turn|2
|
|t:|1783281279
|detailschange|p2a: Aerodactyl|Aerodactyl-Mega, L50, F
|-mega|p2a: Aerodactyl|Aerodactyl|Aerodactylite
|move|p2b: Garchomp|Protect|p2b: Garchomp
|-singleturn|p2b: Garchomp|Protect
|move|p1b: Talonflame|Tailwind|p1b: Talonflame
|-sidestart|p1: Jared66|move: Tailwind
|move|p1a: Garchomp|Rock Slide|p2a: Aerodactyl|[spread] p2a
|-activate|p2b: Garchomp|move: Protect
|-supereffective|p2a: Aerodactyl|1
|-damage|p2a: Aerodactyl|42/100
|-damage|p1a: Garchomp|90/100|[from] item: Life Orb
|move|p2a: Aerodactyl|Ice Fang|p1a: Garchomp
|-supereffective|p1a: Garchomp|2
|-damage|p1a: Garchomp|0 fnt
|-damage|p2a: Aerodactyl|29/100|[from] ability: Rough Skin|[of] p1a: Garchomp
|faint|p1a: Garchomp
|
|upkeep
|turn|3
|-message|Jared66 forfeited.
|
|win|lox1sm
|l|☆Jared66
|player|p1|
||Jared66 is ready for game 3.
||lox1sm is ready for game 3.
|uhtml|next|Next: Game 3 of 3
