|j|☆enyelvgc
|j|☆higigig
|html|enyelvgchigigig    
|uhtml|bestof|Game 2 of a best-of-3
|t:|1756708127
|gametype|doubles
|player|p1|enyelvgc|170|1119
|player|p2|higigig|sisandbro|1117
|gen|9
|tier|[Gen 9] VGC 2025 Reg H (Bo3)
|rated|
|rule|Species Clause: Limit one of each Pokémon
|rule|Item Clause: Limit 1 of each item
|clearpoke
|poke|p1|Tyranitar, L50, M|
|poke|p1|Excadrill, L50, F|
|poke|p1|Indeedee, L50, M|
|poke|p1|Sneasler, L50, F|
|poke|p1|Annihilape, L50, M|
|poke|p1|Maushold, L50|
|poke|p2|Sneasler, L50, M|
|poke|p2|Gholdengo, L50|
|poke|p2|Amoonguss, L50, M|
|poke|p2|Incineroar, L50, M|
|poke|p2|Garchomp, L50, F|
|poke|p2|Altaria, L50, M|
|teampreview|4
|showteam|p1|Tyranitar||ClearAmulet|SandStream|TeraBlast,KnockOff,RockBlast,Protect|||M|||50|,,,,,Flying]Excadrill||FocusSash|SandRush|SwordsDance,Earthquake,HighHorsepower,Protect|||F|||50|,,,,,Ground]Indeedee||ChoiceScarf|PsychicSurge|ExpandingForce,TeraBlast,Trick,TrickRoom|||M|||50|,,,,,Psychic]Sneasler||WhiteHerb|Unburden|CloseCombat,DireClaw,ThroatChop,Protect|||F|||50|,,,,,Water]Annihilape||AssaultVest|Defiant|CloseCombat,ShadowClaw,Uturn,FinalGambit|||M|||50|,,,,,Grass]Maushold||SafetyGoggles|FriendGuard|SuperFang,Taunt,Protect,FollowMe||||||50|,,,,,Ghost
|showteam|p2|Sneasler||ClearAmulet|PoisonTouch|FakeOut,CloseCombat,DireClaw,Protect|||M|||50|,,,,,Water]Gholdengo||MetalCoat|GoodasGold|NastyPlot,MakeItRain,ShadowBall,Protect||||||50|,,,,,Water]Amoonguss||MentalHerb|Regenerator|Spore,RagePowder,PollenPuff,Protect|||M|||50|,,,,,Water]Incineroar||SafetyGoggles|Intimidate|FakeOut,FlareBlitz,KnockOff,PartingShot|||M|||50|,,,,,Ghost]Garchomp||LifeOrb|RoughSkin|Earthquake,DragonClaw,StompingTantrum,Protect|||F|||50|,,,,,Ground]Altaria||CovertCloak|CloudNine|BreakingSwipe,Haze,Tailwind,Protect|||M|||50|,,,,,Fairy
|inactive|Battle timer is ON: inactive players will automatically lose when time's up. (requested by higigig)
|j| skyvald
|inactive|enyelvgc has 60 seconds left.
|inactive|higigig has 60 seconds left.
|inactive|enyelvgc has 30 seconds left.
|inactive|enyelvgc has 20 seconds left.
|inactive|enyelvgc has 15 seconds left.
|inactive|enyelvgc has 10 seconds left.
|inactive|enyelvgc has 5 seconds left.
|
|t:|1756708218
|teamsize|p1|4
|teamsize|p2|4
|start
|switch|p1a: Tyranitar|Tyranitar, L50, M|100/100
|switch|p1b: Excadrill|Excadrill, L50, F|100/100
|switch|p2a: Incineroar|Incineroar, L50, M|100/100
|switch|p2b: Amoonguss|Amoonguss, L50, M|100/100
|-weather|Sandstorm|[from] ability: Sand Stream|[of] p1a: Tyranitar
|-ability|p2a: Incineroar|Intimidate|boost
|-fail|p1a: Tyranitar|unboost|[from] item: Clear Amulet|[of] p1a: Tyranitar
|-unboost|p1b: Excadrill|atk|1
|turn|1
|inactive|enyelvgc has 30 seconds left.
|inactive|higigig has 30 seconds left.
|inactive|enyelvgc has 20 seconds left.
|inactive|enyelvgc has 15 seconds left.
|inactive|enyelvgc has 10 seconds left.
|inactive|enyelvgc has 5 seconds left.
|
|t:|1756708271
|-terastallize|p1a: Tyranitar|Flying
|move|p2a: Incineroar|Fake Out|p1b: Excadrill
|-resisted|p1b: Excadrill
|-damage|p1b: Excadrill|91/100
|cant|p1b: Excadrill|flinch
|move|p1a: Tyranitar|Tera Blast|p2b: Amoonguss|[anim] Tera Blast Flying
|-supereffective|p2b: Amoonguss
|-damage|p2b: Amoonguss|29/100
|move|p2b: Amoonguss|Spore|p1a: Tyranitar
|-status|p1a: Tyranitar|slp|[from] move: Spore
|
|-weather|Sandstorm|[upkeep]
|-damage|p1a: Tyranitar|94/100 slp|[from] Sandstorm
|-damage|p2b: Amoonguss|23/100|[from] Sandstorm
|upkeep
|turn|2
|inactive|enyelvgc has 30 seconds left.
|inactive|higigig has 30 seconds left.
|inactive|enyelvgc has 20 seconds left.
|inactive|higigig has 20 seconds left.
|inactive|enyelvgc has 15 seconds left.
|inactive|higigig has 15 seconds left.
|inactive|enyelvgc has 10 seconds left.
|inactive|enyelvgc has 5 seconds left.
|
|t:|1756708326
|move|p2b: Amoonguss|Protect|p2b: Amoonguss
|-singleturn|p2b: Amoonguss|Protect
|move|p1b: Excadrill|Swords Dance|p1b: Excadrill
|-boost|p1b: Excadrill|atk|2
|cant|p1a: Tyranitar|slp
|move|p2a: Incineroar|Parting Shot|p1b: Excadrill
|-unboost|p1b: Excadrill|atk|1
|-unboost|p1b: Excadrill|spa|1
|
|t:|1756708339
|switch|p2a: Garchomp|Garchomp, L50, F|100/100|[from] Parting Shot
|
|-weather|Sandstorm|[upkeep]
|-damage|p1a: Tyranitar|88/100 slp|[from] Sandstorm
|-damage|p2b: Amoonguss|17/100|[from] Sandstorm
|upkeep
|turn|3
|inactive|enyelvgc has 30 seconds left.
|inactive|enyelvgc has 20 seconds left.
|inactive|enyelvgc has 15 seconds left.
|inactive|enyelvgc has 10 seconds left.
|inactive|enyelvgc has 5 seconds left.
|
|t:|1756708390
|switch|p2b: Incineroar|Incineroar, L50, M|100/100
|-ability|p2b: Incineroar|Intimidate|boost
|-fail|p1a: Tyranitar|unboost|[from] item: Clear Amulet|[of] p1a: Tyranitar
|-unboost|p1b: Excadrill|atk|1
|move|p1b: Excadrill|Earthquake|p2a: Garchomp|[spread] p2a,p2b
|-immune|p1a: Tyranitar
|-supereffective|p2b: Incineroar
|-damage|p2a: Garchomp|71/100
|-damage|p2b: Incineroar|46/100
|move|p2a: Garchomp|Dragon Claw|p1a: Tyranitar
|-crit|p1a: Tyranitar
|-damage|p1a: Tyranitar|6/100 slp
|-damage|p2a: Garchomp|61/100|[from] item: Life Orb
|cant|p1a: Tyranitar|slp
|
|-weather|Sandstorm|[upkeep]
|-damage|p1a: Tyranitar|0 fnt|[from] Sandstorm
|faint|p1a: Tyranitar
|upkeep
|inactive|enyelvgc has 30 seconds left.
|inactive|enyelvgc has 20 seconds left.
|inactive|enyelvgc has 15 seconds left.
|inactive|enyelvgc has 10 seconds left.
|inactive|enyelvgc has 5 seconds left.
|
|t:|1756708446
|switch|p1a: Indeedee|Indeedee, L50, M|100/100
|-fieldstart|move: Psychic Terrain|[from] ability: Psychic Surge|[of] p1a: Indeedee
|turn|4
|inactive|enyelvgc has 30 seconds left.
|inactive|enyelvgc has 20 seconds left.
|inactive|enyelvgc has 15 seconds left.
|inactive|higigig has 30 seconds left.
|inactive|enyelvgc has 10 seconds left.
|inactive|enyelvgc has 5 seconds left.
|
|t:|1756708502
|move|p2a: Garchomp|Protect|p2a: Garchomp
|-singleturn|p2a: Garchomp|Protect
|move|p1b: Excadrill|Swords Dance|p1b: Excadrill
|-boost|p1b: Excadrill|atk|2
|move|p1a: Indeedee|Expanding Force|p2b: Incineroar|[spread] 
|-activate|p2a: Garchomp|move: Protect
|-immune|p2b: Incineroar
|move|p2b: Incineroar|Knock Off|p1a: Indeedee
|-supereffective|p1a: Indeedee
|-damage|p1a: Indeedee|0 fnt
|-enditem|p1a: Indeedee|Choice Scarf|[from] move: Knock Off|[of] p2b: Incineroar
|faint|p1a: Indeedee
|
|-weather|Sandstorm|[upkeep]
|upkeep
|inactive|enyelvgc has 30 seconds left.
|inactive|enyelvgc has 20 seconds left.
|inactive|enyelvgc has 15 seconds left.
|inactive|enyelvgc has 10 seconds left.
|inactive|enyelvgc has 5 seconds left.
|
|t:|1756708557
|switch|p1a: Sneasler|Sneasler, L50, F|100/100
|turn|5
|inactive|enyelvgc has 30 seconds left.
|inactive|enyelvgc has 20 seconds left.
|inactive|enyelvgc has 15 seconds left.
|inactive|higigig has 30 seconds left.
|inactive|enyelvgc has 10 seconds left.
|inactive|enyelvgc has 5 seconds left.
|
|t:|1756708612
|move|p2a: Garchomp|Protect||[still]
|-fail|p2a: Garchomp
|move|p1b: Excadrill|Swords Dance|p1b: Excadrill
|-boost|p1b: Excadrill|atk|2
|move|p1a: Sneasler|Close Combat|p2a: Garchomp
|-damage|p2a: Garchomp|0 fnt
|-unboost|p1a: Sneasler|def|1
|-unboost|p1a: Sneasler|spd|1
|-damage|p1a: Sneasler|88/100|[from] ability: Rough Skin|[of] p2a: Garchomp
|faint|p2a: Garchomp
|-enditem|p1a: Sneasler|White Herb
|-clearnegativeboost|p1a: Sneasler|[silent]
|move|p2b: Incineroar|Parting Shot|p1b: Excadrill
|-unboost|p1b: Excadrill|atk|1
|-unboost|p1b: Excadrill|spa|1
|
|t:|1756708630
|switch|p2b: Sneasler|Sneasler, L50, M|100/100|[from] Parting Shot
|
|-weather|none
|upkeep
|
|t:|1756708636
|switch|p2a: Incineroar|Incineroar, L50, M|46/100
|-ability|p2a: Incineroar|Intimidate|boost
|-unboost|p1a: Sneasler|atk|1
|-unboost|p1b: Excadrill|atk|1
|turn|6
|inactive|enyelvgc has 30 seconds left.
|inactive|enyelvgc has 20 seconds left.
|inactive|higigig has 30 seconds left.
|inactive|enyelvgc has 15 seconds left.
|inactive|enyelvgc has 10 seconds left.
|inactive|higigig has 20 seconds left.
|inactive|enyelvgc has 5 seconds left.
|inactive|higigig has 15 seconds left.
|inactive|higigig has 10 seconds left.
|-message|enyelvgc lost due to inactivity.
|
|win|higigig
|raw|enyelvgc's rating: 1119 → 1094(-25 for losing)
|raw|higigig's rating: 1117 → 1142(+25 for winning)
