|j|☆Frakub
|j|☆mike6972
|html|Frakubmike6972    
|uhtml|bestof|Game 1 of a best-of-3
|t:|1784737824
|gametype|doubles
|player|p1|Frakub|acetrainer-gen4dp|1105
|player|p2|mike6972|266|1114
|gen|9
|tier|[Gen 9 Champions] VGC 2026 Reg M-B (Bo3)
|rated|
|rule|Species Clause: Limit one of each Pokémon
|rule|Item Clause: Limit 1 of each item
|clearpoke
|poke|p1|Mawile, L50, M|
|poke|p1|Farigiraf, L50, F|
|poke|p1|Torkoal, L50, F|
|poke|p1|Incineroar, L50, M|
|poke|p1|Gallade, L50, M|
|poke|p1|Vivillon, L50, M|
|poke|p2|Delphox, L50, M|
|poke|p2|Whimsicott, L50, M|
|poke|p2|Incineroar, L50, F|
|poke|p2|Sylveon, L50, F|
|poke|p2|Basculegion, L50, M|
|poke|p2|Garchomp, L50, F|
|teampreview|4
|showteam|p1|Mawile||Mawilite|HyperCutter|PlayRough,SuckerPunch,RockSlide,Protect|Brave||M|||50|]Farigiraf||SitrusBerry|ArmorTail|Psychic,Thunderbolt,TrickRoom,Protect|Quiet||F|||50|]Torkoal||Charcoal|Drought|Eruption,WeatherBall,HelpingHand,Protect|Quiet||F|||50|]Incineroar||LifeOrb|Intimidate|FlareBlitz,DarkestLariat,CloseCombat,FakeOut|Brave||M|||50|]Gallade||IronBall|Sharpness|SacredSword,PsychoCut,LeafBlade,TrickRoom|Brave||M|||50|]Vivillon||FocusSash|CompoundEyes|Hurricane,SleepPowder,RagePowder,Protect|Timid||M|||50|
|showteam|p2|Delphox||Delphoxite|Blaze|HeatWave,Psychic,NastyPlot,Protect|Timid||M|||50|]Whimsicott||FocusSash|Prankster|Tailwind,Protect,Encore,Moonblast|Bold||M|||50|]Incineroar||ShucaBerry|Intimidate|HelpingHand,FlareBlitz,FakeOut,PartingShot|Impish||F|||50|]Sylveon||FairyFeather|Pixilate|Protect,HyperVoice,Yawn,HyperBeam|Modest||F|||50|]Basculegion||ChoiceScarf|Adaptability|AquaJet,WaveCrash,FlipTurn,LastRespects|Adamant||M|||50|]Garchomp||LifeOrb|RoughSkin|Protect,Earthquake,DragonClaw,RockSlide|Adamant||F|||50|
|inactive|Battle timer is ON: inactive players will automatically lose when time's up. (requested by Frakub)
|inactive|Frakub has 60 seconds left.
|inactive|mike6972 has 60 seconds left.
|
|t:|1784737867
|teamsize|p1|4
|teamsize|p2|4
|start
|switch|p1a: Farigiraf|Farigiraf, L50, F|100/100
|switch|p1b: Incineroar|Incineroar, L50, M|100/100
|switch|p2a: Incineroar|Incineroar, L50, F|100/100
|switch|p2b: Basculegion|Basculegion, L50, M|100/100
|-ability|p2a: Incineroar|Intimidate|boost
|-unboost|p1a: Farigiraf|atk|1
|-unboost|p1b: Incineroar|atk|1
|-ability|p1b: Incineroar|Intimidate|boost
|-unboost|p2a: Incineroar|atk|1
|-unboost|p2b: Basculegion|atk|1
|turn|1
|inactive|Frakub has 30 seconds left.
|
|t:|1784737898
|move|p2a: Incineroar|Helping Hand|p2b: Basculegion
|-singleturn|p2b: Basculegion|Helping Hand|[of] p2a: Incineroar
|move|p2b: Basculegion|Wave Crash|p1a: Farigiraf
|-damage|p1a: Farigiraf|28/100
|-enditem|p1a: Farigiraf|Sitrus Berry|[eat]
|-heal|p1a: Farigiraf|53/100|[from] item: Sitrus Berry
|-damage|p2b: Basculegion|73/100|[from] Recoil
|move|p1b: Incineroar|Darkest Lariat|p2b: Basculegion
|-supereffective|p2b: Basculegion|1
|-damage|p2b: Basculegion|0 fnt
|faint|p2b: Basculegion
|-damage|p1b: Incineroar|90/100|[from] item: Life Orb
|move|p1a: Farigiraf|Trick Room|p1a: Farigiraf
|-fieldstart|move: Trick Room|[of] p1a: Farigiraf
|
|upkeep
|l|☆mike6972
|inactive|mike6972 disconnected and has a minute to reconnect!
|player|p2|
|inactive|mike6972 has 30 seconds left.
|inactive|mike6972 has 20 seconds left.
|inactive|mike6972 has 15 seconds left.
|inactive|mike6972 has 10 seconds left.
|inactive|mike6972 has 5 seconds left.
|-message|mike6972 lost due to inactivity.
|
|win|Frakub
||Frakub is ready for game 2.
