|j|☆Clementine1997
|j|☆Dibraldinho13
|html|Clementine1997Dibraldinho13    
|uhtml|bestof|Game 1 of a best-of-3
|t:|1756240881
|gametype|doubles
|player|p1|Clementine1997|clair|1204
|player|p2|Dibraldinho13|102|1187
|gen|9
|tier|[Gen 9] VGC 2025 Reg H (Bo3)
|rated|
|rule|Species Clause: Limit one of each Pokémon
|rule|Item Clause: Limit 1 of each item
|clearpoke
|poke|p1|Whimsicott, L50, M|
|poke|p1|Ursaluna-Bloodmoon, L50, M|
|poke|p1|Incineroar, L50, F|
|poke|p1|Rillaboom, L50, M|
|poke|p1|Kingambit, L50, M|
|poke|p1|Primarina, L50, F|
|poke|p2|Gholdengo, L50|
|poke|p2|Amoonguss, L50, F|
|poke|p2|Basculegion, L50, M|
|poke|p2|Pelipper, L50, M|
|poke|p2|Incineroar, L50, F|
|poke|p2|Archaludon, L50, F|
|teampreview|4
|showteam|p1|Whimsicott||FocusSash|Prankster|Moonblast,Encore,Tailwind,Taunt|||M|||50|,,,,,Fire]Ursaluna-Bloodmoon||LifeOrb|MindsEye|BloodMoon,EarthPower,VacuumWave,Protect|||M|||50|,,,,,Dragon]Incineroar||SitrusBerry|Intimidate|KnockOff,PartingShot,FlareBlitz,FakeOut|||F|||50|,,,,,Grass]Rillaboom||AssaultVest|GrassySurge|GrassyGlide,HighHorsepower,FakeOut,Uturn|||M|||50|,,,,,Fire]Kingambit||SafetyGoggles|Defiant|SuckerPunch,IronHead,SwordsDance,Protect|||M|||50|,,,,,Water]Primarina||ThroatSpray|LiquidVoice|HyperVoice,Moonblast,Haze,Protect|||F|||50|,,,,,Grass
|showteam|p2|Gholdengo||LifeOrb|GoodasGold|MakeItRain,ShadowBall,NastyPlot,Protect||||||50|,,,,,Dragon]Amoonguss||SitrusBerry|Regenerator|Spore,RagePowder,PollenPuff,Protect|||F|||50|,,,,,Dark]Basculegion||ChoiceBand|SwiftSwim|WaveCrash,FlipTurn,LastRespects,AquaJet|||M|||50|,,,,,Water]Pelipper||FocusSash|Drizzle|WeatherBall,Hurricane,Tailwind,Protect|||M|||50|,,,,,Ghost]Incineroar||ChopleBerry|Intimidate|KnockOff,Taunt,Uturn,FakeOut|||F|||50|,,,,,Ghost]Archaludon||AssaultVest|Stamina|ElectroShot,FlashCannon,DracoMeteor,BodyPress|||F|||50|,,,,,Grass
|inactive|Battle timer is ON: inactive players will automatically lose when time's up. (requested by Clementine1997)
|inactive|Clementine1997 has 60 seconds left.
|inactive|Dibraldinho13 has 60 seconds left.
|inactive|Dibraldinho13 has 30 seconds left.
|inactive|Dibraldinho13 has 20 seconds left.
|
|t:|1756240957
|teamsize|p1|4
|teamsize|p2|4
|start
|switch|p1a: Whimsicott|Whimsicott, L50, M, shiny|100/100
|switch|p1b: Ursaluna|Ursaluna-Bloodmoon, L50, M|100/100
|switch|p2a: Pelipper|Pelipper, L50, M|100/100
|switch|p2b: Archaludon|Archaludon, L50, F|100/100
|-weather|RainDance|[from] ability: Drizzle|[of] p2a: Pelipper
|turn|1
|inactive|Dibraldinho13 has 30 seconds left.
|inactive|Dibraldinho13 has 20 seconds left.
|
|t:|1756240994
|switch|p2b: Amoonguss|Amoonguss, L50, F|100/100
|move|p1a: Whimsicott|Tailwind|p1a: Whimsicott
|-sidestart|p1: Clementine1997|move: Tailwind
|move|p1b: Ursaluna|Blood Moon|p2b: Amoonguss
|-crit|p2b: Amoonguss
|-damage|p2b: Amoonguss|0 fnt
|faint|p2b: Amoonguss
|-damage|p1b: Ursaluna|91/100|[from] item: Life Orb
|move|p2a: Pelipper|Tailwind|p2a: Pelipper
|-sidestart|p2: Dibraldinho13|move: Tailwind
|
|-weather|RainDance|[upkeep]
|upkeep
|
|t:|1756241010
|switch|p2b: Archaludon|Archaludon, L50, F|100/100
|turn|2
|inactive|Dibraldinho13 has 30 seconds left.
|inactive|Dibraldinho13 has 20 seconds left.
|inactive|Dibraldinho13 has 15 seconds left.
|inactive|Dibraldinho13 has 10 seconds left.
|
|t:|1756241060
|switch|p2a: Basculegion|Basculegion, L50, M|100/100
|-terastallize|p2b: Archaludon|Grass
|move|p1b: Ursaluna|Protect|p1b: Ursaluna
|-singleturn|p1b: Ursaluna|Protect
|move|p1a: Whimsicott|Encore||[still]
|-fail|p1a: Whimsicott
|move|p2b: Archaludon|Flash Cannon|p1a: Whimsicott
|-supereffective|p1a: Whimsicott
|-crit|p1a: Whimsicott
|-enditem|p1a: Whimsicott|Focus Sash
|-damage|p1a: Whimsicott|1/100
|-unboost|p1a: Whimsicott|spd|1
|
|-weather|RainDance|[upkeep]
|upkeep
|turn|3
|inactive|Dibraldinho13 has 30 seconds left.
|
|t:|1756241089
|switch|p1a: Kingambit|Kingambit, L50, M, shiny|100/100
|-terastallize|p1b: Ursaluna|Dragon
|move|p2a: Basculegion|Flip Turn|p1b: Ursaluna
|-resisted|p1b: Ursaluna
|-damage|p1b: Ursaluna|64/100
|
|t:|1756241096
|switch|p2a: Pelipper|Pelipper, L50, M|100/100|[from] Flip Turn
|move|p2b: Archaludon|Draco Meteor|p1b: Ursaluna|[miss]
|-miss|p2b: Archaludon|p1b: Ursaluna
|move|p1b: Ursaluna|Blood Moon|p2b: Archaludon
|-crit|p2b: Archaludon
|-damage|p2b: Archaludon|0 fnt
|faint|p2b: Archaludon
|-damage|p1b: Ursaluna|55/100|[from] item: Life Orb
|
|-weather|RainDance|[upkeep]
|upkeep
|
|t:|1756241107
|switch|p2b: Basculegion|Basculegion, L50, M|100/100
|turn|4
|c|☆Clementine1997|get wrekt
|c|☆Clementine1997|rng for the win
|c|☆Dibraldinho13|sad, but that's what I get for using draco meteor
|inactive|Clementine1997 has 30 seconds left.
|inactive|Dibraldinho13 has 30 seconds left.
|c|☆Dibraldinho13|considering dragon pulse
|c|☆Clementine1997|it happens to us all
|inactive|Dibraldinho13 has 20 seconds left.
|inactive|Dibraldinho13 has 15 seconds left.
|inactive|Dibraldinho13 has 10 seconds left.
|
|t:|1756241156
|move|p1b: Ursaluna|Protect|p1b: Ursaluna
|-singleturn|p1b: Ursaluna|Protect
|move|p1a: Kingambit|Protect|p1a: Kingambit
|-singleturn|p1a: Kingambit|Protect
|move|p2b: Basculegion|Aqua Jet|p1a: Kingambit
|-activate|p1a: Kingambit|move: Protect
|move|p2a: Pelipper|Weather Ball|p1a: Kingambit
|-activate|p1a: Kingambit|move: Protect
|
|-weather|RainDance|[upkeep]
|-sideend|p2: Dibraldinho13|move: Tailwind
|-sideend|p1: Clementine1997|move: Tailwind
|upkeep
|turn|5
|
|t:|1756241178
|move|p2b: Basculegion|Aqua Jet|p1a: Kingambit
|-damage|p1a: Kingambit|62/100
|move|p1a: Kingambit|Sucker Punch|p2a: Pelipper
|-damage|p2a: Pelipper|49/100
|move|p2a: Pelipper|Weather Ball|p1a: Kingambit
|-damage|p1a: Kingambit|0 fnt
|faint|p1a: Kingambit
|move|p1b: Ursaluna|Blood Moon|p2b: Basculegion
|-damage|p2b: Basculegion|0 fnt
|faint|p2b: Basculegion
|-damage|p1b: Ursaluna|45/100|[from] item: Life Orb
|
|-weather|none
|upkeep
|
|t:|1756241185
|switch|p1a: Primarina|Primarina, L50, F, shiny|100/100
|turn|6
|
|t:|1756241196
|move|p1b: Ursaluna|Vacuum Wave|p2a: Pelipper
|-resisted|p2a: Pelipper
|-damage|p2a: Pelipper|31/100
|-damage|p1b: Ursaluna|35/100|[from] item: Life Orb
|move|p2a: Pelipper|Hurricane|p1b: Ursaluna
|-damage|p1b: Ursaluna|0 fnt
|faint|p1b: Ursaluna
|move|p1a: Primarina|Moonblast|p2a: Pelipper
|-damage|p2a: Pelipper|0 fnt
|faint|p2a: Pelipper
|
|win|Clementine1997
||Clementine1997 is ready for game 2.
|inactive|Dibraldinho13 has 30 seconds to confirm battle start!
