|j|☆KotoOnMyCleave
|j|☆13XH
|html|KotoOnMyCleave13XH    
|uhtml|bestof|Game 1 of a best-of-3
|t:|1756154757
|gametype|doubles
|player|p1|KotoOnMyCleave|2|1170
|player|p2|13XH|2|1106
|gen|9
|tier|[Gen 9] VGC 2025 Reg H (Bo3)
|rated|
|rule|Species Clause: Limit one of each Pokémon
|rule|Item Clause: Limit 1 of each item
|clearpoke
|poke|p1|Annihilape, L50, F|
|poke|p1|Sinistcha, L50|
|poke|p1|Grimmsnarl, L50, M|
|poke|p1|Pelipper, L50, M|
|poke|p1|Archaludon, L50, M|
|poke|p1|Maushold, L50|
|poke|p2|Ursaluna, L50, F|
|poke|p2|Jumpluff, L50, F|
|poke|p2|Charizard, L50, M|
|poke|p2|Torkoal, L50, M|
|poke|p2|Incineroar, L50, F|
|poke|p2|Porygon2, L50|
|teampreview|4
|showteam|p1|Annihilape||LumBerry|Defiant|RageFist,DrainPunch,BulkUp,Protect|||F|||50|,,,,,Water]Sinistcha||SitrusBerry|Hospitality|MatchaGotcha,LifeDew,TrickRoom,RagePowder||||||50|,,,,,Fairy]Grimmsnarl||LightClay|Prankster|ThunderWave,LightScreen,Reflect,SpiritBreak|||M|||50|,,,,,Ghost]Pelipper||LifeOrb|Drizzle|Hurricane,WeatherBall,Tailwind,Protect|||M|||50|,,,,,Stellar]Archaludon||AssaultVest|Stamina|Snarl,ElectroShot,DragonPulse,BodyPress|||M|||50|,,,,,Grass]Maushold||SafetyGoggles|FriendGuard|FollowMe,BeatUp,Taunt,Protect||||||50|,,,,,Ghost
|showteam|p2|Ursaluna||FlameOrb|Guts|HeadlongRush,Facade,Earthquake,Protect|||F|||50|,,,,,Ghost]Jumpluff||CovertCloak|Chlorophyll|SleepPowder,SunnyDay,Tailwind,RagePowder|||F|||50|,,,,,Water]Charizard||ChoiceSpecs|SolarPower|DragonPulse,HeatWave,Overheat,WeatherBall|||M|||50|,,,,,Ghost]Torkoal||EjectPack|Drought|ClearSmog,Eruption,Overheat,Protect|||M|||50|,,,,,Fire]Incineroar||SitrusBerry|Intimidate|FakeOut,FlareBlitz,KnockOff,PartingShot|||F|||50|,,,,,Ghost]Porygon2||Eviolite|Download|TeraBlast,IceBeam,Recover,TrickRoom||||||50|,,,,,Fighting
|inactive|Battle timer is ON: inactive players will automatically lose when time's up. (requested by KotoOnMyCleave)
|inactive|13XH has 60 seconds left.
|
|t:|1756154876
|teamsize|p1|4
|teamsize|p2|4
|start
|switch|p1a: Annihilape|Annihilape, L50, F|100/100
|switch|p1b: Maushold|Maushold, L50|100/100
|switch|p2a: Jumpluff|Jumpluff, L50, F|100/100
|switch|p2b: Charizard|Charizard, L50, M|100/100
|turn|1
|inactive|KotoOnMyCleave has 30 seconds left.
|inactive|13XH has 30 seconds left.
|inactive|13XH has 20 seconds left.
|inactive|13XH has 15 seconds left.
|inactive|13XH has 10 seconds left.
|
|t:|1756154926
|switch|p2a: Torkoal|Torkoal, L50, M|100/100
|-weather|SunnyDay|[from] ability: Drought|[of] p2a: Torkoal
|-terastallize|p1a: Annihilape|Water
|move|p1b: Maushold|Beat Up|p1a: Annihilape
|-damage|p1a: Annihilape|98/100
|-damage|p1a: Annihilape|96/100
|-damage|p1a: Annihilape|94/100
|-damage|p1a: Annihilape|93/100
|-hitcount|p1a: Annihilape|4
|move|p2b: Charizard|Heat Wave|p1b: Maushold|[spread] p1a
|-miss|p2b: Charizard|p1b: Maushold
|-resisted|p1a: Annihilape
|-damage|p1a: Annihilape|53/100
|move|p1a: Annihilape|Rage Fist|p2a: Torkoal
|-damage|p2a: Torkoal|3/100
|
|-weather|SunnyDay|[upkeep]
|-damage|p2b: Charizard|88/100|[from] ability: Solar Power|[of] p2b: Charizard
|upkeep
|turn|2
|inactive|13XH has 30 seconds left.
|inactive|13XH has 20 seconds left.
|inactive|13XH has 15 seconds left.
|inactive|13XH has 10 seconds left.
|inactive|13XH has 5 seconds left.
|
|t:|1756154979
|switch|p2b: Ursaluna|Ursaluna, L50, F|100/100
|move|p1b: Maushold|Beat Up|p2a: Torkoal
|-damage|p2a: Torkoal|1/100
|-damage|p2a: Torkoal|0 fnt
|faint|p2a: Torkoal
|-hitcount|p2: Torkoal|2
|move|p1a: Annihilape|Rage Fist|p2b: Ursaluna
|-immune|p2b: Ursaluna
|
|-weather|SunnyDay|[upkeep]
|-status|p2b: Ursaluna|brn|[from] item: Flame Orb
|upkeep
|
|t:|1756154994
|switch|p2a: Charizard|Charizard, L50, M|88/100
|turn|3
|inactive|13XH has 30 seconds left.
|
|t:|1756155024
|switch|p1b: Pelipper|Pelipper, L50, M|100/100
|-weather|RainDance|[from] ability: Drizzle|[of] p1b: Pelipper
|-terastallize|p2b: Ursaluna|Ghost
|move|p2a: Charizard|Heat Wave|p1b: Pelipper|[spread] p1a,p1b
|-resisted|p1a: Annihilape
|-resisted|p1b: Pelipper
|-damage|p1a: Annihilape|41/100
|-damage|p1b: Pelipper|80/100
|move|p1a: Annihilape|Rage Fist|p2a: Charizard
|-damage|p2a: Charizard|0 fnt
|faint|p2a: Charizard
|move|p2b: Ursaluna|Earthquake|p1b: Pelipper|[spread] p1a
|-immune|p1b: Pelipper
|-damage|p1a: Annihilape|0 fnt
|faint|p1a: Annihilape
|
|-weather|RainDance|[upkeep]
|-damage|p2b: Ursaluna|95/100 brn|[from] brn
|upkeep
|
|t:|1756155039
|switch|p2a: Jumpluff|Jumpluff, L50, F|100/100
|switch|p1a: Maushold|Maushold, L50|100/100
|turn|4
|inactive|13XH has 30 seconds left.
|inactive|13XH has 20 seconds left.
|inactive|13XH has 15 seconds left.
|inactive|13XH has 10 seconds left.
|inactive|13XH has 5 seconds left.
|
|t:|1756155090
|move|p1b: Pelipper|Protect|p1b: Pelipper
|-singleturn|p1b: Pelipper|Protect
|move|p2a: Jumpluff|Tailwind|p2a: Jumpluff
|-sidestart|p2: 13XH|move: Tailwind
|move|p2b: Ursaluna|Facade|p1a: Maushold
|-damage|p1a: Maushold|0 fnt
|faint|p1a: Maushold
|
|-weather|RainDance|[upkeep]
|-damage|p2b: Ursaluna|89/100 brn|[from] brn
|upkeep
|
|t:|1756155096
|switch|p1a: Archaludon|Archaludon, L50, M|100/100
|turn|5
|-message|KotoOnMyCleave forfeited.
|
|win|13XH
||KotoOnMyCleave is ready for game 2.
||13XH is ready for game 2.
|uhtml|next|Next: Game 2 of 3
