|j|☆CretaceousDraconid
|j|☆b00mer8556
|html|CretaceousDraconidb00mer8556    
|uhtml|bestof|Game 1 of a best-of-3
|t:|1757746387
|gametype|doubles
|player|p1|CretaceousDraconid|zinnia-masters|1233
|player|p2|b00mer8556|169|1246
|gen|9
|tier|[Gen 9] VGC 2025 Reg H (Bo3)
|rated|
|rule|Species Clause: Limit one of each Pokémon
|rule|Item Clause: Limit 1 of each item
|clearpoke
|poke|p1|Whimsicott, L50, M|
|poke|p1|Incineroar, L50, F|
|poke|p1|Salamence, L50, F|
|poke|p1|Garchomp, L50, M|
|poke|p1|Sneasler, L50, F|
|poke|p1|Decidueye-Hisui, L50, F|
|poke|p2|Slaking, L50, M|
|poke|p2|Weezing, L50, F|
|poke|p2|Tatsugiri-Droopy, L50, M|
|poke|p2|Dondozo, L50, F|
|poke|p2|Kilowattrel, L50, M|
|poke|p2|Mamoswine, L50, M|
|teampreview|4
|showteam|p1|Whimsicott||CovertCloak|Prankster|Tailwind,Moonblast,Encore,Taunt|||M|||50|,,,,,Water]Incineroar||SafetyGoggles|Intimidate|FakeOut,Taunt,PartingShot,KnockOff|||F|||50|,,,,,Ghost]Salamence||ChoiceSpecs|Intimidate|Hurricane,HeatWave,DracoMeteor,HydroPump|||F|||50|,,,,,Fire]Garchomp||LoadedDice|RoughSkin|StompingTantrum,Earthquake,ScaleShot,Protect|||M|||50|,,,,,Ghost]Sneasler||FocusSash|PoisonTouch|DireClaw,CloseCombat,Coaching,Protect|||F|||50|,,,,,Fairy]Decidueye-Hisui||ScopeLens|Scrappy|TripleArrows,Protect,LeafBlade,DualWingbeat|||F|||50|,,,,,Flying
|showteam|p2|Slaking||LifeOrb|Truant|Protect,DoubleEdge,HighHorsepower,SuckerPunch|||M|||50|,,,,,Ghost]Weezing||CovertCloak|NeutralizingGas|Protect,ToxicSpikes,WillOWisp,SludgeBomb|||F|||50|,,,,,Fairy]Tatsugiri-Droopy||AssaultVest|Commander|MuddyWater,DracoMeteor,IcyWind,MirrorCoat|||M|||50|,,,,,Steel]Dondozo||Leftovers|Unaware|Protect,Substitute,WaveCrash,Earthquake|||F|||50|,,,,,Ground]Kilowattrel||ChoiceSpecs|Competitive|VoltSwitch,Discharge,AirSlash,Thunderbolt|||M|||50|,,,,,Ghost]Mamoswine||FocusSash|Oblivious|Protect,Earthquake,IceShard,IcicleCrash|||M|||50|,,,,,Ghost
|inactive|Battle timer is ON: inactive players will automatically lose when time's up. (requested by b00mer8556)
|
|t:|1757746422
|teamsize|p1|4
|teamsize|p2|4
|start
|switch|p1a: Decidueye|Decidueye-Hisui, L50, F|100/100
|switch|p1b: Whimsicott|Whimsicott, L50, M|100/100
|switch|p2a: Mamoswine|Mamoswine, L50, M|100/100
|switch|p2b: Kilowattrel|Kilowattrel, L50, M|100/100
|turn|1
|inactive|b00mer8556 has 30 seconds left.
|inactive|b00mer8556 has 20 seconds left.
|inactive|b00mer8556 has 15 seconds left.
|
|t:|1757746467
|-terastallize|p2a: Mamoswine|Ghost
|move|p1b: Whimsicott|Tailwind|p1b: Whimsicott
|-sidestart|p1: CretaceousDraconid|move: Tailwind
|move|p1a: Decidueye|Triple Arrows|p2a: Mamoswine
|-damage|p2a: Mamoswine|47/100
|move|p2b: Kilowattrel|Air Slash|p1b: Whimsicott
|-supereffective|p1b: Whimsicott
|-damage|p1b: Whimsicott|0 fnt
|faint|p1b: Whimsicott
|cant|p2a: Mamoswine|flinch
|
|upkeep
|
|t:|1757746477
|switch|p1b: Garchomp|Garchomp, L50, M|100/100
|turn|2
|inactive|b00mer8556 has 30 seconds left.
|
|t:|1757746508
|move|p1b: Garchomp|Protect|p1b: Garchomp
|-singleturn|p1b: Garchomp|Protect
|move|p2a: Mamoswine|Ice Shard|p1b: Garchomp
|-activate|p1b: Garchomp|move: Protect
|move|p1a: Decidueye|Triple Arrows|p2a: Mamoswine
|-crit|p2a: Mamoswine
|-damage|p2a: Mamoswine|0 fnt
|faint|p2a: Mamoswine
|move|p2b: Kilowattrel|Air Slash|p1a: Decidueye
|-supereffective|p1a: Decidueye
|-damage|p1a: Decidueye|0 fnt
|faint|p1a: Decidueye
|
|upkeep
|
|t:|1757746520
|switch|p2a: Weezing|Weezing, L50, F|100/100
|switch|p1a: Salamence|Salamence, L50, F|100/100
|-ability|p2a: Weezing|Neutralizing Gas
|turn|3
|
|t:|1757746533
|-end|p2a: Weezing|ability: Neutralizing Gas
|-ability|p1a: Salamence|Intimidate|boost
|-unboost|p2a: Weezing|atk|1
|-unboost|p2b: Kilowattrel|atk|1
|-ability|p2b: Kilowattrel|Competitive|boost
|-boost|p2b: Kilowattrel|spa|2
|switch|p2a: Slaking|Slaking, L50, M|100/100
|move|p1b: Garchomp|Scale Shot|p2b: Kilowattrel
|-damage|p2b: Kilowattrel|77/100
|-damage|p2b: Kilowattrel|54/100
|-crit|p2b: Kilowattrel
|-damage|p2b: Kilowattrel|16/100
|-damage|p2b: Kilowattrel|0 fnt
|faint|p2b: Kilowattrel
|-hitcount|p2: Kilowattrel|4
|-unboost|p1b: Garchomp|def|1
|-boost|p1b: Garchomp|spe|1
|move|p1a: Salamence|Hurricane|p2a: Slaking|[miss]
|-miss|p1a: Salamence|p2a: Slaking
|
|upkeep
|
|t:|1757746550
|switch|p2b: Weezing|Weezing, L50, F|100/100
|-ability|p2b: Weezing|Neutralizing Gas
|turn|4
|inactive|b00mer8556 has 30 seconds left.
|inactive|b00mer8556 has 20 seconds left.
|inactive|b00mer8556 has 15 seconds left.
|inactive|b00mer8556 has 10 seconds left.
|inactive|b00mer8556 has 5 seconds left.
|
|t:|1757746601
|move|p1b: Garchomp|Earthquake|p2b: Weezing|[spread] p2a,p2b
|-immune|p1a: Salamence
|-supereffective|p2b: Weezing
|-damage|p2a: Slaking|72/100
|-damage|p2b: Weezing|30/100
|move|p1a: Salamence|Hurricane|p2a: Slaking
|-damage|p2a: Slaking|0 fnt
|faint|p2a: Slaking
|move|p2b: Weezing|Will-O-Wisp|p1b: Garchomp
|-status|p1b: Garchomp|brn
|
|-damage|p1b: Garchomp|94/100 brn|[from] brn
|-sideend|p1: CretaceousDraconid|move: Tailwind
|upkeep
|turn|5
|-message|b00mer8556 forfeited.
|
|win|CretaceousDraconid
|l|☆b00mer8556
|player|p2|
||b00mer8556 is ready for game 2.
||CretaceousDraconid is ready for game 2.
|uhtml|next|Next: Game 2 of 3
