|j|☆LeMaitreCroissant
|j|☆battle sim trainer
|html|LeMaitreCroissantbattle sim trainer    
|uhtml|bestof|Game 2 of a best-of-3
|t:|1756936865
|gametype|doubles
|player|p1|LeMaitreCroissant|170|1093
|player|p2|battle sim trainer|steven|1102
|gen|9
|tier|[Gen 9] VGC 2025 Reg H (Bo3)
|rated|
|rule|Species Clause: Limit one of each Pokémon
|rule|Item Clause: Limit 1 of each item
|clearpoke
|poke|p1|Archaludon, L50, M|
|poke|p1|Pelipper, L50, M|
|poke|p1|Basculegion, L50, M|
|poke|p1|Amoonguss, L50, M|
|poke|p1|Incineroar, L50, M|
|poke|p1|Gholdengo, L50|
|poke|p2|Pincurchin, L50, F|
|poke|p2|Toxtricity-Low-Key, L50, M|
|poke|p2|Gallade, L50, M|
|poke|p2|Araquanid, L50, F|
|poke|p2|Bronzong, L50|
|poke|p2|Clefairy, L50, F|
|teampreview|4
|showteam|p1|Archaludon||AssaultVest|Stamina|ElectroShot,DracoMeteor,FlashCannon,BodyPress|||M|||50|,,,,,Ghost]Pelipper||FocusSash|Drizzle|Hurricane,WeatherBall,Tailwind,Protect|||M|||50|,,,,,Ground]Basculegion||LifeOrb|SwiftSwim|WaveCrash,LastRespects,FlipTurn,Protect|||M|||50|,,,,,Water]Amoonguss||SitrusBerry|Regenerator|PollenPuff,ClearSmog,RagePowder,Spore|||M|||50|,,,,,Electric]Incineroar||SafetyGoggles|Intimidate|KnockOff,FakeOut,PartingShot,Protect|||M|||50|,,,,,Ghost]Gholdengo||ChoiceSpecs|GoodasGold|MakeItRain,ShadowBall,Trick,NastyPlot||||||50|,,,,,Dark
|showteam|p2|Pincurchin||EjectButton|ElectricSurge|Protect,RainDance,ZingZap,Recover|||F|||50|,,,,,Electric]Toxtricity-Low-Key||LifeOrb|PunkRock|Protect,Overdrive,Boomburst,SludgeBomb|||M|||50|,,,,,Electric]Gallade||ClearAmulet|Sharpness|LeafBlade,SacredSword,TrickRoom,HealPulse|||M|||50|,,,,,Psychic]Araquanid||MysticWater|WaterBubble|Liquidation,Soak,WideGuard,Protect|||F|||50|,,,,,Water]Bronzong||ElectricSeed|Heatproof|BodyPress,IronDefense,HelpingHand,TrickRoom||||||50|,,,,,Flying]Clefairy||Eviolite|FriendGuard|FollowMe,AfterYou,LifeDew,HelpingHand|||F|||50|,,,,,Steel
|inactive|Battle timer is ON: inactive players will automatically lose when time's up. (requested by LeMaitreCroissant)
|
|t:|1756936904
|teamsize|p1|4
|teamsize|p2|4
|start
|switch|p1a: Gholdengo|Gholdengo, L50|100/100
|switch|p1b: Pelipper|Pelipper, L50, M|100/100
|switch|p2a: Gallade|Gallade, L50, M|100/100
|switch|p2b: Clefairy|Clefairy, L50, F, shiny|100/100
|-weather|RainDance|[from] ability: Drizzle|[of] p1b: Pelipper
|turn|1
|inactive|battle sim trainer has 30 seconds left.
|
|t:|1756936931
|switch|p2b: Pincurchin|Pincurchin, L50, F|100/100
|-fieldstart|move: Electric Terrain|[from] ability: Electric Surge|[of] p2b: Pincurchin
|-terastallize|p2a: Gallade|Psychic
|move|p1a: Gholdengo|Make It Rain|p2a: Gallade|[spread] p2a,p2b
|-resisted|p2b: Pincurchin
|-damage|p2a: Gallade|30/100
|-damage|p2b: Pincurchin|64/100
|-unboost|p1a: Gholdengo|spa|1
|-enditem|p2b: Pincurchin|Eject Button
|
|t:|1756936948
|switch|p2b: Toxtricity|Toxtricity-Low-Key, L50, M|100/100
|move|p1b: Pelipper|Hurricane|p2a: Gallade
|-damage|p2a: Gallade|0 fnt
|faint|p2a: Gallade
|
|-weather|RainDance|[upkeep]
|upkeep
|
|t:|1756936961
|switch|p2a: Clefairy|Clefairy, L50, F, shiny|100/100
|turn|2
|
|t:|1756936975
|-terastallize|p1b: Pelipper|Ground
|move|p1a: Gholdengo|Make It Rain|p2b: Toxtricity|[spread] p2a,p2b
|-supereffective|p2a: Clefairy
|-resisted|p2b: Toxtricity
|-damage|p2a: Clefairy|26/100
|-damage|p2b: Toxtricity|75/100
|-unboost|p1a: Gholdengo|spa|1
|move|p1b: Pelipper|Weather Ball|p2b: Toxtricity
|-damage|p2b: Toxtricity|10/100
|move|p2b: Toxtricity|Overdrive|p1b: Pelipper|[spread] p1a
|-immune|p1b: Pelipper
|-crit|p1a: Gholdengo
|-damage|p1a: Gholdengo|0 fnt
|faint|p1a: Gholdengo
|-damage|p2b: Toxtricity|0 fnt|[from] item: Life Orb
|faint|p2b: Toxtricity
|move|p2a: Clefairy|Life Dew|p2a: Clefairy
|-heal|p2a: Clefairy|51/100
|
|-weather|RainDance|[upkeep]
|upkeep
|
|t:|1756936999
|switch|p1a: Archaludon|Archaludon, L50, M, shiny|100/100
|switch|p2b: Pincurchin|Pincurchin, L50, F|64/100
|turn|3
|-message|battle sim trainer forfeited.
|
|win|LeMaitreCroissant
