|j|☆bluntmaster9000
|j|☆FlashoGoing
|html|bluntmaster9000FlashoGoing    
|uhtml|bestof|Game 2 of a best-of-3
|t:|1756767775
|gametype|doubles
|player|p1|bluntmaster9000|265|1177
|player|p2|FlashoGoing|pokemaniac|1090
|gen|9
|tier|[Gen 9] VGC 2025 Reg H (Bo3)
|rated|
|rule|Species Clause: Limit one of each Pokémon
|rule|Item Clause: Limit 1 of each item
|clearpoke
|poke|p1|Charizard, L50, M|
|poke|p1|Torkoal, L50, M|
|poke|p1|Porygon2, L50|
|poke|p1|Incineroar, L50, F|
|poke|p1|Jumpluff, L50, F|
|poke|p1|Ursaluna, L50, M|
|poke|p2|Incineroar, L50, M|
|poke|p2|Rillaboom, L50, M|
|poke|p2|Primarina, L50, F|
|poke|p2|Whimsicott, L50, M|
|poke|p2|Porygon2, L50|
|poke|p2|Ursaluna, L50, M|
|teampreview|4
|showteam|p1|Charizard||ChoiceSpecs|SolarPower|HeatWave,Overheat,WeatherBall,AirSlash|||M|||50|,,,,,Ghost]Torkoal||EjectPack|Drought|Eruption,Overheat,HelpingHand,Protect|||M|||50|,,,,,Fire]Porygon2||Eviolite|Download|IceBeam,TeraBlast,TrickRoom,Recover||||||50|,,,,,Fighting]Incineroar||SitrusBerry|Intimidate|FlareBlitz,KnockOff,FakeOut,PartingShot|||F|||50|,,,,,Ghost]Jumpluff||CovertCloak|Chlorophyll|SleepPowder,SunnyDay,RagePowder,Tailwind|||F|||50|,,,,,Poison]Ursaluna||FlameOrb|Guts|HeadlongRush,Facade,Earthquake,Protect|||M|||50|,,,,,Ghost
|showteam|p2|Incineroar||SafetyGoggles|Intimidate|FakeOut,Roar,KnockOff,PartingShot|||M|||50|,,,,,Ghost]Rillaboom||AssaultVest|GrassySurge|FakeOut,WoodHammer,GrassyGlide,Uturn|||M|||50|,,,,,Fire]Primarina||LifeOrb|LiquidVoice|Moonblast,HyperVoice,AlluringVoice,Protect|||F|||50|,,,,,Water]Whimsicott||CovertCloak|Prankster|Moonblast,Tailwind,Encore,Taunt|||M|||50|,,,,,Steel]Porygon2||Eviolite|Download|TeraBlast,IceBeam,TrickRoom,Recover||||||50|,,,,,Ghost]Ursaluna||FlameOrb|Guts|Facade,HeadlongRush,Earthquake,Protect|||M|||50|,,,,,Ghost
|inactive|Battle timer is ON: inactive players will automatically lose when time's up. (requested by bluntmaster9000)
|inactive|FlashoGoing has 60 seconds left.
|
|t:|1756767810
|teamsize|p1|4
|teamsize|p2|4
|start
|switch|p1a: Jumpluff|Jumpluff, L50, F|100/100
|switch|p1b: Torkoal|Torkoal, L50, M|100/100
|switch|p2a: Whimsicott|Whimsicott, L50, M|100/100
|switch|p2b: Ursaluna|Ursaluna, L50, M|100/100
|-weather|SunnyDay|[from] ability: Drought|[of] p1b: Torkoal
|turn|1
|inactive|bluntmaster9000 has 30 seconds left.
|
|t:|1756767844
|switch|p1a: Ursaluna|Ursaluna, L50, M|100/100
|move|p2a: Whimsicott|Taunt|p1a: Ursaluna
|-start|p1a: Ursaluna|move: Taunt
|move|p2b: Ursaluna|Headlong Rush|p1b: Torkoal
|-supereffective|p1b: Torkoal
|-damage|p1b: Torkoal|8/100
|-unboost|p2b: Ursaluna|def|1
|-unboost|p2b: Ursaluna|spd|1
|move|p1b: Torkoal|Overheat|p2a: Whimsicott
|-supereffective|p2a: Whimsicott
|-damage|p2a: Whimsicott|0 fnt
|-unboost|p1b: Torkoal|spa|2
|faint|p2a: Whimsicott
|-enditem|p1b: Torkoal|Eject Pack
|inactive|bluntmaster9000 has 30 seconds left.
|
|t:|1756767871
|switch|p1b: Charizard|Charizard, L50, M|100/100
|
|-weather|SunnyDay|[upkeep]
|-damage|p1b: Charizard|88/100|[from] ability: Solar Power|[of] p1b: Charizard
|-status|p1a: Ursaluna|brn|[from] item: Flame Orb
|-status|p2b: Ursaluna|brn|[from] item: Flame Orb
|upkeep
|
|t:|1756767881
|switch|p2a: Porygon2|Porygon2, L50|100/100
|-ability|p2a: Porygon2|Download|boost
|-boost|p2a: Porygon2|spa|1
|turn|2
|
|t:|1756767892
|-terastallize|p2a: Porygon2|Ghost
|move|p2b: Ursaluna|Protect|p2b: Ursaluna
|-singleturn|p2b: Ursaluna|Protect
|move|p1b: Charizard|Heat Wave|p2a: Porygon2|[spread] p2a
|-activate|p2b: Ursaluna|move: Protect
|-crit|p2a: Porygon2
|-damage|p2a: Porygon2|0 fnt
|faint|p2a: Porygon2
|move|p1a: Ursaluna|Earthquake|p2b: Ursaluna|[spread] 
|-activate|p2b: Ursaluna|move: Protect
|-immune|p1b: Charizard
|
|-weather|SunnyDay|[upkeep]
|-damage|p1b: Charizard|76/100|[from] ability: Solar Power|[of] p1b: Charizard
|-damage|p1a: Ursaluna|95/100 brn|[from] brn
|-damage|p2b: Ursaluna|94/100 brn|[from] brn
|upkeep
|-message|FlashoGoing forfeited.
|
|win|bluntmaster9000
|raw|bluntmaster9000's rating: 1177 → 1196(+19 for winning)
|raw|FlashoGoing's rating: 1090 → 1072(-18 for losing)
|l|☆FlashoGoing
|player|p2|
