|j|☆zpoogi
|j|☆yassineVGC
|html|zpoogiyassineVGC    
|uhtml|bestof|Game 2 of a best-of-3
|t:|1757708132
|gametype|doubles
|player|p1|zpoogi|az|1125
|player|p2|yassineVGC|hilbert|1133
|gen|9
|tier|[Gen 9] VGC 2025 Reg H (Bo3)
|rated|
|rule|Species Clause: Limit one of each Pokémon
|rule|Item Clause: Limit 1 of each item
|clearpoke
|poke|p1|Chesnaught, L50, M|
|poke|p1|Indeedee, L50, M|
|poke|p1|Sneasler, L50, M|
|poke|p1|Charizard, L50, M|
|poke|p1|Whimsicott, L50, F|
|poke|p1|Torkoal, L50, M|
|poke|p2|Yanmega, L50, F|
|poke|p2|Samurott-Hisui, L50, F|
|poke|p2|Dragonite, L50, M|
|poke|p2|Ninetales-Alola, L50, F|
|poke|p2|Sneasler, L50, M|
|poke|p2|Magmar, L50, M|
|teampreview|4
|showteam|p1|Chesnaught||PsychicSeed|Bulletproof|BulkUp,KnockOff,BodyPress,Synthesis|||M|||50|,,,,,Fire]Indeedee||ChoiceScarf|PsychicSurge|ExpandingForce,TeraBlast,Trick,Protect|||M|||50|,,,,,Psychic]Sneasler||FocusSash|Unburden|CloseCombat,DireClaw,Protect,Coaching|||M|||50|,,,,,Stellar]Charizard||ChoiceSpecs|SolarPower|WeatherBall,HeatWave,DragonPulse,AirSlash|||M|||50|,,,,,Ghost]Whimsicott||CovertCloak|Prankster|Tailwind,Moonblast,HelpingHand,SunnyDay|||F|||50|,,,,,Dark]Torkoal||EjectPack|Drought|Overheat,WeatherBall,HeatWave,Protect|||M|||50|,,,,,Fire
|showteam|p2|Yanmega||FocusSash|SpeedBoost|Detect,Tailwind,AirSlash,BugBuzz|||F|||50|,,,,,Ghost]Samurott-Hisui||AssaultVest|Sharpness|SuckerPunch,AquaCutter,KnockOff,SacredSword|||F|||50|,,,,,Bug]Dragonite||ChoiceBand|InnerFocus|ExtremeSpeed,Outrage,LowKick,StompingTantrum|||M|||50|,,,,,Normal]Ninetales-Alola||CovertCloak|SnowWarning|Blizzard,FreezeDry,IcyWind,AuroraVeil|||F|||50|,,,,,Fire]Sneasler||WhiteHerb|Unburden|DireClaw,CloseCombat,Protect,Coaching|||M|||50|,,,,,Stellar]Magmar||Eviolite|VitalSpirit|Protect,Taunt,HeatWave,FollowMe|||M|||50|,,,,,Ghost
|inactive|Battle timer is ON: inactive players will automatically lose when time's up. (requested by yassineVGC)
|
|t:|1757708156
|teamsize|p1|4
|teamsize|p2|4
|start
|switch|p1a: Whimsicott|Whimsicott, L50, F|100/100
|switch|p1b: Indeedee|Indeedee, L50, M|100/100
|switch|p2a: Yanmega|Yanmega, L50, F|100/100
|switch|p2b: Dragonite|Dragonite, L50, M|100/100
|-fieldstart|move: Psychic Terrain|[from] ability: Psychic Surge|[of] p1b: Indeedee
|turn|1
|
|t:|1757708180
|move|p1b: Indeedee|Expanding Force|p2a: Yanmega|[spread] p2a,p2b
|-enditem|p2a: Yanmega|Focus Sash
|-damage|p2a: Yanmega|1/100
|-damage|p2b: Dragonite|44/100
|move|p1a: Whimsicott|Moonblast|p2a: Yanmega
|-damage|p2a: Yanmega|0 fnt
|faint|p2a: Yanmega
|move|p2b: Dragonite|Outrage|p1a: Whimsicott
|-immune|p1a: Whimsicott
|
|upkeep
|
|t:|1757708193
|switch|p2a: Samurott|Samurott-Hisui, L50, F, shiny|100/100
|turn|2
|
|t:|1757708203
|switch|p1b: Sneasler|Sneasler, L50, M|100/100
|switch|p2b: Ninetales|Ninetales-Alola, L50, F|100/100
|-weather|Snowscape|[from] ability: Snow Warning|[of] p2b: Ninetales
|move|p1a: Whimsicott|Moonblast|p2b: Ninetales
|-damage|p2b: Ninetales|69/100
|move|p2a: Samurott|Knock Off|p1b: Sneasler
|-resisted|p1b: Sneasler
|-damage|p1b: Sneasler|65/100
|-enditem|p1b: Sneasler|Focus Sash|[from] move: Knock Off|[of] p2a: Samurott
|
|-weather|Snowscape|[upkeep]
|upkeep
|turn|3
|inactive|yassineVGC has 30 seconds left.
|
|t:|1757708237
|switch|p2a: Dragonite|Dragonite, L50, M|44/100
|-terastallize|p2b: Ninetales|Fire
|move|p1a: Whimsicott|Tailwind|p1a: Whimsicott
|-sidestart|p1: zpoogi|move: Tailwind
|move|p1b: Sneasler|Dire Claw|p2b: Ninetales
|-damage|p2b: Ninetales|5/100
|move|p2b: Ninetales|Blizzard|p1a: Whimsicott|[spread] p1a,p1b
|-supereffective|p1a: Whimsicott
|-damage|p1a: Whimsicott|29/100
|-damage|p1b: Sneasler|24/100
|
|-weather|Snowscape|[upkeep]
|upkeep
|turn|4
|inactive|yassineVGC has 30 seconds left.
|inactive|yassineVGC has 20 seconds left.
|
|t:|1757708273
|move|p1b: Sneasler|Dire Claw|p2b: Ninetales
|-damage|p2b: Ninetales|0 fnt
|faint|p2b: Ninetales
|move|p1a: Whimsicott|Moonblast|p2a: Dragonite
|-supereffective|p2a: Dragonite
|-damage|p2a: Dragonite|0 fnt
|faint|p2a: Dragonite
|
|-weather|Snowscape|[upkeep]
|upkeep
|-message|yassineVGC forfeited.
|
|win|zpoogi
||yassineVGC is ready for game 3.
|inactive|zpoogi has 30 seconds to confirm battle start!
|inactive|zpoogi has 20 seconds to confirm battle start!
||zpoogi is ready for game 3.
|uhtml|next|Next: Game 3 of 3
