|j|☆big electric fan
|j|☆gamma_90
|html|big electric fangamma_90    
|uhtml|bestof|Game 2 of a best-of-3
|t:|1784070259
|gametype|doubles
|player|p1|big electric fan|liza|1072
|player|p2|gamma_90|102|1088
|gen|9
|tier|[Gen 9 Champions] VGC 2026 Reg M-B (Bo3)
|rated|
|rule|Species Clause: Limit one of each Pokémon
|rule|Item Clause: Limit 1 of each item
|clearpoke
|poke|p1|Scrafty, L50, F|
|poke|p1|Metagross, L50|
|poke|p1|Mamoswine, L50, M|
|poke|p1|Toxapex, L50, F|
|poke|p1|Dragonite, L50, F|
|poke|p1|Charizard, L50, M|
|poke|p2|Camerupt, L50, F|
|poke|p2|Sinistcha, L50|
|poke|p2|Farigiraf, L50, M|
|poke|p2|Hatterene, L50, F|
|poke|p2|Scrafty, L50, M|
|poke|p2|Torkoal, L50, F|
|teampreview|4
|showteam|p1|Scrafty||Scraftinite|Intimidate|ThroatChop,DrainPunch,FakeOut,Protect|Impish||F|||50|]Metagross||MetalCoat|ClearBody|MeteorMash,PsychicFangs,BulletPunch,Protect|Adamant|||||50|]Mamoswine||FocusSash|Oblivious|Earthquake,IcicleCrash,IceShard,Protect|Adamant||M|||50|]Toxapex||Leftovers|Regenerator|Infestation,Toxic,WideGuard,BanefulBunker|Bold||F|||50|]Dragonite||DragonFang|Multiscale|DragonClaw,ExtremeSpeed,FirePunch,Protect|Adamant||F|||50|]Charizard||CharizarditeY|Blaze|HeatWave,SolarBeam,WeatherBall,Protect|Timid||M|||50|
|showteam|p2|Camerupt||Cameruptite|MagmaArmor|HeatWave,EarthPower,AncientPower,Protect|Quiet||F|||50|]Sinistcha||MiracleSeed|Hospitality|MatchaGotcha,RagePowder,CalmMind,Protect|Modest|||||50|]Farigiraf||SitrusBerry|ArmorTail|HelpingHand,TrickRoom,Thunderbolt,TwinBeam|Bold||M|||50|]Hatterene||LifeOrb|MagicBounce|DazzlingGleam,Psychic,TrickRoom,Protect|Quiet||F|||50|]Scrafty||Scraftinite|Intimidate|DrainPunch,KnockOff,SwordsDance,Protect|Brave||M|||50|]Torkoal||Charcoal|Drought|AncientPower,HeatWave,EarthPower,Protect|Quiet||F|||50|
|inactive|Battle timer is ON: inactive players will automatically lose when time's up. (requested by gamma_90)
|
|t:|1784070272
|teamsize|p1|4
|teamsize|p2|4
|start
|switch|p1a: Charizard|Charizard, L50, M|100/100
|switch|p1b: Mamoswine|Mamoswine, L50, M|100/100
|switch|p2a: Hatterene|Hatterene, L50, F|100/100
|switch|p2b: Farigiraf|Farigiraf, L50, M|100/100
|turn|1
|
|t:|1784070283
|detailschange|p1a: Charizard|Charizard-Mega-Y, L50, M
|-mega|p1a: Charizard|Charizard|Charizardite Y
|-weather|SunnyDay|[from] ability: Drought|[of] p1a: Charizard
|move|p1a: Charizard|Weather Ball|p2b: Farigiraf
|-damage|p2b: Farigiraf|27/100
|-enditem|p2b: Farigiraf|Sitrus Berry|[eat]
|-heal|p2b: Farigiraf|51/100|[from] item: Sitrus Berry
|move|p1b: Mamoswine|Earthquake|p2b: Farigiraf|[spread] p2a,p2b
|-immune|p1a: Charizard
|-damage|p2a: Hatterene|52/100
|-damage|p2b: Farigiraf|16/100
|move|p2b: Farigiraf|Trick Room|p2b: Farigiraf
|-fieldstart|move: Trick Room|[of] p2b: Farigiraf
|move|p2a: Hatterene|Trick Room|p2a: Hatterene
|-fieldend|move: Trick Room
|
|-weather|SunnyDay|[upkeep]
|upkeep
|turn|2
|c|☆big electric fan|oops
|inactive|gamma_90 has 30 seconds left.
|
|t:|1784070312
|switch|p2b: Camerupt|Camerupt, L50, F|100/100
|move|p1a: Charizard|Weather Ball|p2a: Hatterene
|-damage|p2a: Hatterene|0 fnt
|faint|p2a: Hatterene
|move|p1b: Mamoswine|Earthquake|p2b: Camerupt|[spread] p2b
|-immune|p1a: Charizard
|-supereffective|p2b: Camerupt|1
|-damage|p2b: Camerupt|0 fnt
|faint|p2b: Camerupt
|
|-weather|SunnyDay|[upkeep]
|upkeep
|c|☆gamma_90|SMH
|c|☆gamma_90|GGS
|c|☆big electric fan|ggs
|-message|gamma_90 forfeited.
|
|win|big electric fan
|raw|big electric fan's rating: 1072 → 1103(+31 for winning)
|raw|gamma_90's rating: 1088 → 1064(-24 for losing)
|l|☆gamma_90
|player|p2|
