|j|ŌśåSculked
|j|ŌśåDrChunkalicious
|html|SculkedDrChunkalicious    
|uhtml|bestof|Game 2 of a best-of-3
|t:|1783789005
|gametype|doubles
|player|p1|Sculked|will|
|player|p2|DrChunkalicious|scientist-gen4|
|gen|9
|tier|[Gen 9 Champions] VGC 2026 Reg M-B (Bo3)
|rule|Species Clause: Limit one of each Pok├®mon
|rule|Item Clause: Limit 1 of each item
|clearpoke
|poke|p1|Blastoise, L50, M|
|poke|p1|Meowstic, L50, M|
|poke|p1|Raichu, L50, F|
|poke|p1|Dragonite, L50, F|
|poke|p1|Farigiraf, L50, M, shiny|
|poke|p1|Staraptor, L50, F, shiny|
|poke|p2|Raichu, L50, F, shiny|
|poke|p2|Sinistcha-Masterpiece, L50, shiny|
|poke|p2|Sneasler, L50, F, shiny|
|poke|p2|Primarina, L50, M, shiny|
|poke|p2|Gengar, L50, F, shiny|
|poke|p2|Ditto, L50, shiny|
|teampreview|4
|showteam|p1|Blastoise||WhiteHerb|RainDish|ShellSmash,TerrainPulse,AuraSphere,Protect|Modest||M|||50|]Meowstic||BrightPowder|Prankster|PsychicTerrain,ExpandingForce,BatonPass,CalmMind|Modest||M|||50|]Raichu||RaichuniteY|LightningRod|ZapCannon,Discharge,Protect,FocusBlast|Bold||F|||50|]Dragonite||LifeOrb|Multiscale|IceSpinner,DragonDance,ExtremeSpeed,Earthquake|Jolly||F|||50|]Farigiraf||SitrusBerry|CudChew|PsychicTerrain,EnergyBall,ExpandingForce,Wish|Bold||M|||50|]Staraptor||BlackBelt|Intimidate|CloseCombat,Roost,SteelWing,BlazeKick|Jolly||F|||50|
|showteam|p2|Raichu||RaichuniteY|LightningRod|ZapCannon,FocusBlast,Surf,NastyPlot|Timid||F|||50|]Sinistcha-Masterpiece||Leftovers|Hospitality|RagePowder,MatchaGotcha,Hex,LifeDew|Bold|||||50|]Sneasler||WhiteHerb|Unburden|Acrobatics,CloseCombat,DireClaw,FakeOut|Adamant||F|||50|]Primarina||ShedShell|LiquidVoice|PerishSong,HyperVoice,Moonblast,IceBeam|Modest||M|||50|]Gengar||Gengarite|CursedBody|DestinyBond,DarkPulse,SludgeWave,ShadowBall|Timid||F|||50|]Ditto||ChoiceScarf|Imposter|Transform|Bold|||||50|
|
|t:|1783789021
|teamsize|p1|4
|teamsize|p2|4
|start
|switch|p1a: Meowstic|Meowstic, L50, M|100/100
|switch|p1b: Rhubarb|Farigiraf, L50, M, shiny|100/100
|switch|p2a: Pavarotti|Primarina, L50, M, shiny|100/100
|switch|p2b: #bestshiny|Gengar, L50, F, shiny|100/100
|turn|1
|
|t:|1783789040
|detailschange|p2b: #bestshiny|Gengar-Mega, L50, F, shiny
|-mega|p2b: #bestshiny|Gengar|Gengarite
|move|p1a: Meowstic|Calm Mind|p1a: Meowstic
|-boost|p1a: Meowstic|spa|1
|-boost|p1a: Meowstic|spd|1
|move|p2b: #bestshiny|Dark Pulse|p1b: Rhubarb
|-supereffective|p1b: Rhubarb|1
|-damage|p1b: Rhubarb|50/100g
|move|p1b: Rhubarb|Energy Ball|p2a: Pavarotti
|-supereffective|p2a: Pavarotti|1
|-damage|p2a: Pavarotti|64/100
|move|p2a: Pavarotti|Moonblast|p1b: Rhubarb
|-damage|p1b: Rhubarb|9/100
|-enditem|p1b: Rhubarb|Sitrus Berry|[eat]
|-heal|p1b: Rhubarb|34/100|[from] item: Sitrus Berry
|
|upkeep
|turn|2
|c|ŌśåDrChunkalicious|welp
|
|t:|1783789109
|move|p2b: #bestshiny|Destiny Bond|p2b: #bestshiny
|-singlemove|p2b: #bestshiny|Destiny Bond
|move|p1a: Meowstic|Expanding Force|p2b: #bestshiny
|-supereffective|p2b: #bestshiny|1
|-damage|p2b: #bestshiny|0 fnt
|faint|p2b: #bestshiny
|-activate|p2b: #bestshiny|move: Destiny Bond
|faint|p1a: Meowstic
|move|p2a: Pavarotti|Moonblast|p1b: Rhubarb
|-damage|p1b: Rhubarb|0 fnt
|faint|p1b: Rhubarb
|
|upkeep
|c|ŌśåSculked|that gengar is a threat
|c|ŌśåDrChunkalicious|YES
|c|ŌśåDrChunkalicious|it worked
|c|ŌśåSculked|i mightve just sold
|c|ŌśåDrChunkalicious|i cannot believe that worked
|c|ŌśåDrChunkalicious|that has not worked once
|
|t:|1783789135
|switch|p2b: Salon|Sneasler, L50, F, shiny|100/100
|switch|p1a: Maple|Raichu, L50, F|100/100
|switch|p1b: Garuda|Dragonite, L50, F|100/100
|turn|3
|
|t:|1783789173
|detailschange|p1a: Maple|Raichu-Mega-Y, L50, F
|-mega|p1a: Maple|Raichu|Raichunite Y
|move|p2b: Salon|Fake Out|p1b: Garuda
|-damage|p1b: Garuda|91/100
|move|p1a: Maple|Zap Cannon|p2a: Pavarotti
|-supereffective|p2a: Pavarotti|1
|-damage|p2a: Pavarotti|0 fnt
|faint|p2a: Pavarotti
|cant|p1b: Garuda|flinch
|
|upkeep
|c|ŌśåDrChunkalicious|im giggling
|
|t:|1783789181
|switch|p2a: Spatk. go brrrr|Raichu, L50, F, shiny|100/100
|turn|4
|
|t:|1783789190
|move|p1a: Maple|Protect|p1a: Maple
|-singleturn|p1a: Maple|Protect
|move|p2a: Spatk. go brrrr|Zap Cannon|p1b: Garuda
|-damage|p1b: Garuda|36/100
|-status|p1b: Garuda|par
|move|p2b: Salon|Dire Claw|p1b: Garuda
|-damage|p1b: Garuda|0 fnt
|faint|p1b: Garuda
|
|upkeep
|turn|5
|c|ŌśåDrChunkalicious|AND THE RISK PAYS OFF
|
|t:|1783789213
|move|p2a: Spatk. go brrrr|Focus Blast|p1a: Maple
|-damage|p1a: Maple|58/100
|-unboost|p1a: Maple|spd|1
|move|p2b: Salon|Dire Claw|p1a: Maple
|-damage|p1a: Maple|11/100
|-status|p1a: Maple|slp
|cant|p1a: Maple|slp
|
|upkeep
|turn|6
|c|ŌśåDrChunkalicious|nah thats a violation
|c|ŌśåSculked|well dang it
|c|ŌśåDrChunkalicious|im sorry
|
|t:|1783789236
|move|p2a: Spatk. go brrrr|Surf|p1a: Maple|[spread] p2b,p1a
|-damage|p2b: Salon|77/100
|-damage|p1a: Maple|0 fnt
|faint|p1a: Maple
|
|win|DrChunkalicious
||DrChunkalicious is ready for game 3.
|c|ŌśåSculked|its ok
|inactive|Sculked has 30 seconds to confirm battle start!
|c|ŌśåSculked|maple will get its chance
||Sculked is ready for game 3.
|uhtml|next|Next: Game 3 of 3
|l|ŌśåDrChunkalicious
|player|p2|
