|j|☆kimius64
|j|☆Len0MWG
|html|kimius64Len0MWG    
|uhtml|bestof|Game 2 of a best-of-3
|t:|1782218874
|gametype|doubles
|player|p1|kimius64|iris-gen5bw2|1120
|player|p2|Len0MWG|266|1116
|gen|9
|tier|[Gen 9 Champions] VGC 2026 Reg M-B (Bo3)
|rated|
|rule|Species Clause: Limit one of each Pokémon
|rule|Item Clause: Limit 1 of each item
|clearpoke
|poke|p1|Sneasler, L50, F|
|poke|p1|Mawile, L50, F, shiny|
|poke|p1|Sinistcha, L50|
|poke|p1|Delphox, L50, M|
|poke|p1|Whimsicott, L50, F, shiny|
|poke|p1|Garchomp, L50, M|
|poke|p2|Floette-Eternal, L50, F|
|poke|p2|Whimsicott, L50, F|
|poke|p2|Staraptor, L50, F|
|poke|p2|Grimmsnarl, L50, M|
|poke|p2|Garchomp, L50, M|
|poke|p2|Sinistcha-Masterpiece, L50|
|teampreview|4
|showteam|p1|Sneasler||WhiteHerb|Unburden|FakeOut,CloseCombat,DireClaw,Coaching|Jolly||F|||50|]Mawile||Mawilite|HyperCutter|SuckerPunch,PlayRough,Protect,SwordsDance|Brave||F|||50|]Sinistcha||CobaBerry|Hospitality|TrickRoom,LifeDew,LeafStorm,RagePowder|Sassy|||||50|]Delphox||Delphoxite|Blaze|CalmMind,Protect,HeatWave,Psychic|Timid||M|||50|]Whimsicott||FocusSash|Prankster|Tailwind,Moonblast,SunnyDay,Protect|Timid||F|||50|]Garchomp||LifeOrb|RoughSkin|Earthquake,DragonClaw,RockSlide,Protect|Jolly||M|||50|
|showteam|p2|Floette-Eternal||Floettite|FlowerVeil|LightofRuin,Protect,CalmMind,DazzlingGleam|Modest||F|||50|]Whimsicott||FocusSash|Prankster|Tailwind,Taunt,Moonblast,Charm|Bold||F|||50|]Staraptor||Staraptite|Intimidate|CloseCombat,DualWingbeat,Protect,Roost|Adamant||F|||50|]Grimmsnarl||LightClay|Prankster|LightScreen,Reflect,PlayRough,PartingShot|Careful||M|||50|]Garchomp||SitrusBerry|RoughSkin|DragonClaw,StompingTantrum,Protect,RockSlide|Adamant||M|||50|]Sinistcha-Masterpiece||Leftovers|Hospitality|LifeDew,RagePowder,MatchaGotcha,ShadowBall|Bold|||||50|
|
|t:|1782218916
|teamsize|p1|4
|teamsize|p2|4
|start
|switch|p1a: Delphox|Delphox, L50, M|100/100
|switch|p1b: Sneasler|Sneasler, L50, F|100/100
|switch|p2a: Staraptor|Staraptor, L50, F|100/100
|switch|p2b: Whimsicott|Whimsicott, L50, F|100/100
|-ability|p2a: Staraptor|Intimidate|boost
|-unboost|p1a: Delphox|atk|1
|-unboost|p1b: Sneasler|atk|1
|-enditem|p1b: Sneasler|White Herb
|-clearnegativeboost|p1b: Sneasler|[silent]
|turn|1
|
|t:|1782218977
|detailschange|p1a: Delphox|Delphox-Mega, L50, M
|-mega|p1a: Delphox|Delphox|Delphoxite
|detailschange|p2a: Staraptor|Staraptor-Mega, L50, F
|-mega|p2a: Staraptor|Staraptor|Staraptite
|move|p2a: Staraptor|Protect|p2a: Staraptor
|-singleturn|p2a: Staraptor|Protect
|move|p1b: Sneasler|Fake Out|p2b: Whimsicott
|-damage|p2b: Whimsicott|87/100
|cant|p2b: Whimsicott|flinch
|move|p1a: Delphox|Heat Wave|p2b: Whimsicott|[spread] p2b
|-activate|p2a: Staraptor|move: Protect
|-supereffective|p2b: Whimsicott|1
|-damage|p2b: Whimsicott|0 fnt
|faint|p2b: Whimsicott
|
|upkeep
|
|t:|1782219000
|switch|p2b: Grimmsnarl|Grimmsnarl, L50, M|100/100
|turn|2
|
|t:|1782219018
|move|p2b: Grimmsnarl|Light Screen|p2b: Grimmsnarl
|-sidestart|p2: Len0MWG|move: Light Screen
|move|p1b: Sneasler|Dire Claw|p2a: Staraptor
|-damage|p2a: Staraptor|58/100
|move|p1a: Delphox|Psychic|p2a: Staraptor
|-supereffective|p2a: Staraptor|1
|-damage|p2a: Staraptor|0 fnt
|faint|p2a: Staraptor
|
|upkeep
|-message|Len0MWG forfeited.
|raw|kimius64's rating: 1120 → 1145(+25 for winning)
|raw|Len0MWG's rating: 1116 → 1091(-25 for losing)
|
|win|kimius64
|l|☆Len0MWG
|player|p2|
