|j|☆spellbreakvgc
|j|☆Cm3112
|html|spellbreakvgcCm3112    
|uhtml|bestof|Game 2 of a best-of-3
|t:|1756795317
|gametype|doubles
|player|p1|spellbreakvgc|lance|1129
|player|p2|Cm3112|169|1279
|gen|9
|tier|[Gen 9] VGC 2025 Reg H (Bo3)
|rated|
|rule|Species Clause: Limit one of each Pokémon
|rule|Item Clause: Limit 1 of each item
|clearpoke
|poke|p1|Garchomp, L50, F|
|poke|p1|Weezing-Galar, L50, M|
|poke|p1|Archaludon, L50, M|
|poke|p1|Gholdengo, L50|
|poke|p1|Talonflame, L50, F|
|poke|p1|Annihilape, L50, M|
|poke|p2|Archaludon, L50, F|
|poke|p2|Annihilape, L50, F|
|poke|p2|Maushold-Four, L50|
|poke|p2|Pelipper, L50, F|
|poke|p2|Basculegion, L50, M|
|poke|p2|Sinistcha, L50|
|teampreview|4
|showteam|p1|Garchomp||LifeOrb|RoughSkin|DragonClaw,Earthquake,StompingTantrum,Protect|||F|||50|,,,,,Ground]Weezing-Galar||FocusSash|NeutralizingGas|Protect,SludgeBomb,Taunt,StrangeSteam|||M|||50|,,,,,Flying]Archaludon||PowerHerb|Sturdy|ElectroShot,Thunderbolt,DracoMeteor,Protect|||M|||50|,,,,,Electric]Gholdengo||ChoiceSpecs|GoodasGold|ShadowBall,DazzlingGleam,PowerGem,MakeItRain||||||50|,,,,,Fairy]Talonflame||CovertCloak|GaleWings|Tailwind,DualWingbeat,WillOWisp,FlareBlitz|||F|||50|,,,,,Stellar]Annihilape||AssaultVest|Defiant|CloseCombat,RageFist,FinalGambit,IcePunch|||M|||50|,,,,,Grass
|showteam|p2|Archaludon||AssaultVest|Stamina|FlashCannon,ElectroShot,DracoMeteor,BodyPress|||F|||50|,,,,,Fairy]Annihilape||SafetyGoggles|Defiant|DrainPunch,RageFist,BulkUp,Protect|||F|||50|,,,,,Dragon]Maushold-Four||WideLens|Technician|PopulationBomb,BeatUp,FollowMe,Protect||||||50|,,,,,Ghost]Pelipper||FocusSash|Drizzle|MuddyWater,Hurricane,WideGuard,Tailwind|||F|||50|,,,,,Water]Basculegion||ChoiceBand|SwiftSwim|WaveCrash,FlipTurn,AquaJet,LastRespects|||M|||50|,,,,,Dark]Sinistcha||RockyHelmet|Hospitality|MatchaGotcha,RagePowder,StrengthSap,TrickRoom||||||50|,,,,,Fairy
|inactive|Battle timer is ON: inactive players will automatically lose when time's up. (requested by spellbreakvgc)
|inactive|spellbreakvgc has 60 seconds left.
|
|t:|1756795412
|teamsize|p1|4
|teamsize|p2|4
|start
|switch|p1a: Weezing|Weezing-Galar, L50, M|100/100
|switch|p1b: Garchomp|Garchomp, L50, F|100/100
|switch|p2a: Basculegion|Basculegion, L50, M|100/100
|switch|p2b: Archaludon|Archaludon, L50, F|100/100
|-ability|p1a: Weezing|Neutralizing Gas
|turn|1
|inactive|Cm3112 has 30 seconds left.
|
|t:|1756795443
|-terastallize|p1a: Weezing|Flying
|move|p1b: Garchomp|Earthquake|p2b: Archaludon|[spread] p2a,p2b
|-immune|p1a: Weezing
|-supereffective|p2b: Archaludon
|-crit|p2b: Archaludon
|-damage|p2a: Basculegion|37/100
|-damage|p2b: Archaludon|0 fnt
|faint|p2b: Archaludon
|-damage|p1b: Garchomp|91/100|[from] item: Life Orb
|move|p2a: Basculegion|Flip Turn|p1b: Garchomp
|-damage|p1b: Garchomp|45/100
|
|t:|1756795461
|switch|p2a: Annihilape|Annihilape, L50, F|100/100|[from] Flip Turn
|move|p1a: Weezing|Sludge Bomb|p2a: Annihilape
|-resisted|p2a: Annihilape
|-damage|p2a: Annihilape|82/100
|-status|p2a: Annihilape|psn
|
|-damage|p2a: Annihilape|70/100 psn|[from] psn
|upkeep
|
|t:|1756795469
|switch|p2b: Pelipper|Pelipper, L50, F|100/100
|turn|2
|inactive|spellbreakvgc has 30 seconds left.
|inactive|spellbreakvgc has 20 seconds left.
|inactive|spellbreakvgc has 15 seconds left.
|inactive|spellbreakvgc has 10 seconds left.
|
|t:|1756795519
|move|p1b: Garchomp|Dragon Claw|p2b: Pelipper
|-damage|p2b: Pelipper|25/100
|-damage|p1b: Garchomp|35/100|[from] item: Life Orb
|move|p2a: Annihilape|Rage Fist|p1a: Weezing
|-damage|p1a: Weezing|57/100
|move|p2b: Pelipper|Muddy Water|p1b: Garchomp|[spread] p1a,p1b
|-damage|p1a: Weezing|6/100
|-damage|p1b: Garchomp|0 fnt
|faint|p1b: Garchomp
|move|p1a: Weezing|Strange Steam|p2a: Annihilape
|-supereffective|p2a: Annihilape
|-damage|p2a: Annihilape|0 fnt
|faint|p2a: Annihilape
|
|upkeep
|
|t:|1756795541
|switch|p1b: Archaludon|Archaludon, L50, M|100/100
|switch|p2a: Basculegion|Basculegion, L50, M|37/100
|turn|3
|
|t:|1756795549
|move|p1a: Weezing|Protect|p1a: Weezing
|-singleturn|p1a: Weezing|Protect
|move|p1b: Archaludon|Electro Shot||[still]
|-prepare|p1b: Archaludon|Electro Shot
|-boost|p1b: Archaludon|spa|1
|-enditem|p1b: Archaludon|Power Herb
|-anim|p1b: Archaludon|Electro Shot|p2a: Basculegion
|-supereffective|p2a: Basculegion
|-damage|p2a: Basculegion|0 fnt
|faint|p2a: Basculegion
|move|p2b: Pelipper|Muddy Water|p1a: Weezing|[spread] 
|-activate|p1a: Weezing|move: Protect
|-miss|p2b: Pelipper|p1b: Archaludon
|
|upkeep
|turn|4
|-message|Cm3112 forfeited.
|
|win|spellbreakvgc
|l|☆Cm3112
|player|p2|
||Cm3112 is ready for game 3.
||spellbreakvgc is ready for game 3.
|uhtml|next|Next: Game 3 of 3
