|j|☆saboyita
|j|‽KiraShaMek
|html|saboyitaKiraShaMek    
|uhtml|bestof|Game 2 of a best-of-3
|t:|1756336363
|gametype|doubles
|player|p1|saboyita|grimsley|1092
|player|p2|KiraShaMek|n|1040
|gen|9
|tier|[Gen 9] VGC 2025 Reg H (Bo3)
|rated|
|rule|Species Clause: Limit one of each Pokémon
|rule|Item Clause: Limit 1 of each item
|clearpoke
|poke|p1|Amoonguss, L50, F|
|poke|p1|Hydreigon, L50, M|
|poke|p1|Whimsicott, L50, F|
|poke|p1|Maushold-Four, L50|
|poke|p1|Annihilape, L50, M|
|poke|p1|Ursaluna-Bloodmoon, L50, M|
|poke|p2|Sneasler, L50, F|
|poke|p2|Indeedee, L50, M|
|poke|p2|Ursaluna-Bloodmoon, L50, M|
|poke|p2|Electabuzz, L50, M|
|poke|p2|Incineroar, L50, M|
|poke|p2|Talonflame, L50, M|
|teampreview|4
|showteam|p1|Amoonguss||MentalHerb|Regenerator|ClearSmog,Spore,RagePowder,Protect|||F|||50|,,,,,Water]Hydreigon||ChoiceSpecs|Levitate|Snarl,HeatWave,DarkPulse,DracoMeteor|||M|||50|,,,,,Ghost]Whimsicott||CovertCloak|Prankster|BeatUp,Encore,HelpingHand,Tailwind|||F|||50|,,,,,Dark]Maushold-Four||WideLens|Technician|PopulationBomb,Taunt,FollowMe,Protect||||||50|,,,,,Ghost]Annihilape||Leftovers|Defiant|RageFist,CloseCombat,FinalGambit,Protect|||M|||50|,,,,,Water]Ursaluna-Bloodmoon||LifeOrb|MindsEye|HyperVoice,EarthPower,BloodMoon,Protect|||M|||50|,,,,,Water
|showteam|p2|Sneasler||PsychicSeed|Unburden|CloseCombat,DireClaw,ThroatChop,Protect|||F|||50|,,,,,Dark]Indeedee||FocusSash|PsychicSurge|ExpandingForce,TrickRoom,HelpingHand,Protect|||M|||50|,,,,,Psychic]Ursaluna-Bloodmoon||LifeOrb|MindsEye|BloodMoon,HyperVoice,EarthPower,Protect|||M|||50|,,,,,Normal]Electabuzz||Eviolite|VitalSpirit|Electroweb,FollowMe,Taunt,Protect|||M|||50|,,,,,Dragon]Incineroar||SafetyGoggles|Intimidate|FlareBlitz,KnockOff,PartingShot,FakeOut|||M|||50|,,,,,Ghost]Talonflame||CovertCloak|GaleWings|FlareBlitz,DualWingbeat,WillOWisp,Tailwind|||M|||50|,,,,,Fairy
|inactive|Battle timer is ON: inactive players will automatically lose when time's up. (requested by saboyita)
|inactive|saboyita has 60 seconds left.
|
|t:|1756336395
|teamsize|p1|4
|teamsize|p2|4
|start
|switch|p1a: Whimsicott|Whimsicott, L50, F|100/100
|switch|p1b: Maushold|Maushold-Four, L50|100/100
|switch|p2a: Ursaluna|Ursaluna-Bloodmoon, L50, M|100/100
|switch|p2b: Electabuzz|Electabuzz, L50, M|100/100
|turn|1
|inactive|KiraShaMek has 30 seconds left.
|
|t:|1756336425
|-terastallize|p2a: Ursaluna|Normal
|move|p2b: Electabuzz|Follow Me|p2b: Electabuzz
|-singleturn|p2b: Electabuzz|move: Follow Me
|move|p1a: Whimsicott|Tailwind|p1a: Whimsicott
|-sidestart|p1: saboyita|move: Tailwind
|move|p1b: Maushold|Population Bomb|p2b: Electabuzz|[miss]
|-miss|p1b: Maushold|p2b: Electabuzz
|move|p2a: Ursaluna|Hyper Voice|p1b: Maushold|[spread] p1a,p1b
|-damage|p1a: Whimsicott|15/100
|-damage|p1b: Maushold|0 fnt
|faint|p1b: Maushold
|-damage|p2a: Ursaluna|91/100|[from] item: Life Orb
|
|upkeep
|
|t:|1756336437
|switch|p1b: Hydreigon|Hydreigon, L50, M|100/100
|turn|2
|
|t:|1756336458
|move|p1a: Whimsicott|Helping Hand|p1b: Hydreigon
|-singleturn|p1b: Hydreigon|Helping Hand|[of] p1a: Whimsicott
|move|p2b: Electabuzz|Follow Me|p2b: Electabuzz
|-singleturn|p2b: Electabuzz|move: Follow Me
|move|p1b: Hydreigon|Snarl|p2b: Electabuzz|[spread] p2a
|-miss|p1b: Hydreigon|p2b: Electabuzz
|-damage|p2a: Ursaluna|21/100
|-unboost|p2a: Ursaluna|spa|1
|move|p2a: Ursaluna|Blood Moon|p1b: Hydreigon
|-damage|p1b: Hydreigon|0 fnt
|faint|p1b: Hydreigon
|-damage|p2a: Ursaluna|12/100|[from] item: Life Orb
|
|upkeep
|
|t:|1756336473
|switch|p1b: Amoonguss|Amoonguss, L50, F|100/100
|turn|3
|
|t:|1756336489
|move|p1a: Whimsicott|Helping Hand|p1b: Amoonguss
|-singleturn|p1b: Amoonguss|Helping Hand|[of] p1a: Whimsicott
|move|p2b: Electabuzz|Follow Me|p2b: Electabuzz
|-singleturn|p2b: Electabuzz|move: Follow Me
|move|p1b: Amoonguss|Rage Powder|p1b: Amoonguss
|-singleturn|p1b: Amoonguss|move: Rage Powder
|move|p2a: Ursaluna|Hyper Voice|p1b: Amoonguss|[spread] p1a,p1b
|-crit|p1b: Amoonguss
|-damage|p1a: Whimsicott|0 fnt
|-damage|p1b: Amoonguss|28/100
|faint|p1a: Whimsicott
|-damage|p2a: Ursaluna|2/100|[from] item: Life Orb
|
|upkeep
|turn|4
|
|t:|1756336503
|move|p2b: Electabuzz|Follow Me|p2b: Electabuzz
|-singleturn|p2b: Electabuzz|move: Follow Me
|move|p2a: Ursaluna|Blood Moon|p1b: Amoonguss
|-damage|p1b: Amoonguss|0 fnt
|faint|p1b: Amoonguss
|-damage|p2a: Ursaluna|0 fnt|[from] item: Life Orb
|faint|p2a: Ursaluna
|
|win|KiraShaMek
||saboyita is ready for game 3.
