|j|☆RegionalModeSlow
|j|‽cevlloz
|html|RegionalModeSlowcevlloz    
|uhtml|bestof|Game 2 of a best-of-3
|t:|1756315425
|gametype|doubles
|player|p1|RegionalModeSlow|steven|1035
|player|p2|cevlloz|swimmerf-gen4|1000
|gen|9
|tier|[Gen 9] VGC 2025 Reg H (Bo3)
|rated|
|rule|Species Clause: Limit one of each Pokémon
|rule|Item Clause: Limit 1 of each item
|clearpoke
|poke|p1|Noivern, L50, M|
|poke|p1|Weezing-Galar, L50, M|
|poke|p1|Gholdengo, L50|
|poke|p1|Garchomp, L50, F|
|poke|p1|Annihilape, L50, M|
|poke|p1|Magmar, L50, F|
|poke|p2|Sneasler, L50, M|
|poke|p2|Garchomp, L50, F|
|poke|p2|Metagross, L50|
|poke|p2|Kingambit, L50, M|
|poke|p2|Ninetales-Alola, L50, M|
|poke|p2|Magmar, L50, M|
|teampreview|4
|showteam|p1|Noivern||CovertCloak|Telepathy|AirSlash,SuperFang,Tailwind,Taunt|||M|||50|,,,,,Steel]Weezing-Galar||ChoiceSpecs|NeutralizingGas|DazzlingGleam,SludgeBomb,StrangeSteam,Flamethrower|||M|||50|,,,,,Flying]Gholdengo||MetalCoat|GoodasGold|MakeItRain,ShadowBall,NastyPlot,Protect||||||50|,,,,,Flying]Garchomp||LifeOrb|RoughSkin|DragonClaw,Earthquake,StompingTantrum,Protect|||F|||50|,,,,,Ground]Annihilape||AssaultVest|Defiant|CloseCombat,ShadowClaw,FinalGambit,Uturn|||M|||50|,,,,,Stellar]Magmar||Eviolite|VitalSpirit|HeatWave,WillOWisp,FollowMe,Protect|||F|||50|,,,,,Ghost
|showteam|p2|Sneasler||FocusSash|PoisonTouch|CloseCombat,FakeOut,DireClaw,Coaching|||M|||50|,,,,,Flying]Garchomp||LifeOrb|RoughSkin|DragonClaw,StompingTantrum,Earthquake,Protect|||F|||50|,,,,,Steel]Metagross||AssaultVest|ClearBody|BulletPunch,StompingTantrum,PsychicFangs,HeavySlam||||||50|,,,,,Flying]Kingambit||BlackGlasses|Defiant|Protect,KowtowCleave,SuckerPunch,SwordsDance|||M|||50|,,,,,Flying]Ninetales-Alola||NeverMeltIce|SnowWarning|AuroraVeil,FreezeDry,Blizzard,Protect|||M|||50|,,,,,Ice]Magmar||Eviolite|VitalSpirit|Protect,FollowMe,Overheat,FireSpin|||M|||50|,,,,,Fire
|inactive|Battle timer is ON: inactive players will automatically lose when time's up. (requested by cevlloz)
|inactive|RegionalModeSlow also wants the timer to be on.
|inactive|cevlloz has 60 seconds left.
|
|t:|1756315471
|teamsize|p1|4
|teamsize|p2|4
|start
|switch|p1a: Ozzy|Noivern, L50, M|100/100
|switch|p1b: Blåhaj|Garchomp, L50, F|100/100
|switch|p2a: Magmar|Magmar, L50, M|100/100
|switch|p2b: Garchomp|Garchomp, L50, F|100/100
|turn|1
|inactive|cevlloz has 30 seconds left.
|inactive|cevlloz has 20 seconds left.
|inactive|cevlloz has 15 seconds left.
|
|t:|1756315514
|-terastallize|p1b: Blåhaj|Ground
|move|p2a: Magmar|Protect|p2a: Magmar
|-singleturn|p2a: Magmar|Protect
|move|p1a: Ozzy|Tailwind|p1a: Ozzy
|-sidestart|p1: RegionalModeSlow|move: Tailwind
|move|p1b: Blåhaj|Earthquake|p2b: Garchomp|[spread] p2b
|-activate|p2a: Magmar|move: Protect
|-activate|p1a: Ozzy|ability: Telepathy
|-damage|p2b: Garchomp|20/100
|-damage|p1b: Blåhaj|91/100|[from] item: Life Orb
|move|p2b: Garchomp|Dragon Claw|p1b: Blåhaj
|-damage|p1b: Blåhaj|35/100
|-damage|p2b: Garchomp|8/100|[from] ability: Rough Skin|[of] p1b: Blåhaj
|-damage|p2b: Garchomp|0 fnt|[from] item: Life Orb
|faint|p2b: Garchomp
|
|upkeep
|
|t:|1756315537
|switch|p2b: Kingambit|Kingambit, L50, M|100/100
|turn|2
|
|t:|1756315545
|switch|p1b: Magmar|Magmar, L50, F|100/100
|move|p2b: Kingambit|Sucker Punch||[still]
|-fail|p2b: Kingambit
|move|p1a: Ozzy|Taunt|p2a: Magmar
|-start|p2a: Magmar|move: Taunt
|move|p2a: Magmar|Fire Spin|p1a: Ozzy
|-resisted|p1a: Ozzy
|-crit|p1a: Ozzy
|-damage|p1a: Ozzy|88/100
|-activate|p1a: Ozzy|move: Fire Spin|[of] p2a: Magmar
|
|-damage|p1a: Ozzy|75/100|[from] move: Fire Spin|[partiallytrapped]
|upkeep
|turn|3
|
|t:|1756315565
|move|p2b: Kingambit|Protect|p2b: Kingambit
|-singleturn|p2b: Kingambit|Protect
|move|p1a: Ozzy|Super Fang|p2a: Magmar
|-damage|p2a: Magmar|50/100
|move|p1b: Magmar|Will-O-Wisp|p2b: Kingambit
|-activate|p2b: Kingambit|move: Protect
|move|p2a: Magmar|Fire Spin|p1a: Ozzy|[miss]
|-miss|p2a: Magmar|p1a: Ozzy
|
|-damage|p1a: Ozzy|63/100|[from] move: Fire Spin|[partiallytrapped]
|upkeep
|turn|4
|inactive|RegionalModeSlow has 30 seconds left.
|inactive|cevlloz has 30 seconds left.
|
|t:|1756315594
|move|p1a: Ozzy|Super Fang|p2b: Kingambit
|-damage|p2b: Kingambit|51/100
|move|p1b: Magmar|Heat Wave|p2a: Magmar|[spread] p2a,p2b
|-resisted|p2a: Magmar
|-supereffective|p2b: Kingambit
|-damage|p2a: Magmar|41/100
|-damage|p2b: Kingambit|1/100
|move|p2a: Magmar|Fire Spin|p1b: Magmar
|-resisted|p1b: Magmar
|-damage|p1b: Magmar|95/100
|-activate|p1b: Magmar|move: Fire Spin|[of] p2a: Magmar
|move|p2b: Kingambit|Swords Dance|p2b: Kingambit
|-boost|p2b: Kingambit|atk|2
|
|-damage|p1a: Ozzy|50/100|[from] move: Fire Spin|[partiallytrapped]
|-damage|p1b: Magmar|83/100|[from] move: Fire Spin|[partiallytrapped]
|-end|p2a: Magmar|move: Taunt
|-sideend|p1: RegionalModeSlow|move: Tailwind
|upkeep
|turn|5
|inactive|cevlloz has 30 seconds left.
|inactive|cevlloz has 20 seconds left.
|l|‽cevlloz
|inactive|cevlloz disconnected and has a minute to reconnect!
|player|p2|
|inactive|cevlloz has 15 seconds left.
|inactive|cevlloz has 10 seconds left.
|j|‽cevlloz
|inactive|cevlloz reconnected and has 10 seconds left.
|player|p2|cevlloz|swimmerf-gen4|
|n|‽cevlloz|cevlloz
|inactive|cevlloz has 5 seconds left.
|
|t:|1756315649
|move|p2a: Magmar|Protect|p2a: Magmar
|-singleturn|p2a: Magmar|Protect
|move|p2b: Kingambit|Protect|p2b: Kingambit
|-singleturn|p2b: Kingambit|Protect
|move|p1a: Ozzy|Tailwind|p1a: Ozzy
|-sidestart|p1: RegionalModeSlow|move: Tailwind
|move|p1b: Magmar|Heat Wave|p2a: Magmar|[spread] 
|-activate|p2a: Magmar|move: Protect
|-activate|p2b: Kingambit|move: Protect
|
|-damage|p1a: Ozzy|38/100|[from] move: Fire Spin|[partiallytrapped]
|-damage|p1b: Magmar|71/100|[from] move: Fire Spin|[partiallytrapped]
|upkeep
|turn|6
|-message|cevlloz forfeited.
|
|win|RegionalModeSlow
|raw|RegionalModeSlow's rating: 1035 → 1066(+31 for winning)
|raw|cevlloz's rating: 1000 → 1000(+0 for losing)
|l|‽cevlloz
|player|p2|
