|j|Ōśådambro222
|j|ŌśåLemonLimeScizor
|html|dambro222LemonLimeScizor    
|uhtml|bestof|Game 2 of a best-of-3
|t:|1757064478
|gametype|doubles
|player|p1|dambro222|ethan|1217
|player|p2|LemonLimeScizor|drayden|1083
|gen|9
|tier|[Gen 9] VGC 2025 Reg H (Bo3)
|rated|
|rule|Species Clause: Limit one of each Pok├®mon
|rule|Item Clause: Limit 1 of each item
|clearpoke
|poke|p1|Dragonite, L50, M|
|poke|p1|Volcarona, L50, F|
|poke|p1|Sneasler, L50, M|
|poke|p1|Rillaboom, L50, M|
|poke|p1|Electabuzz, L50, M|
|poke|p1|Kingambit, L50, M|
|poke|p2|Scizor, L50, M|
|poke|p2|Torkoal, L50, M|
|poke|p2|Farigiraf, L50, F|
|poke|p2|Ursaluna, L50, F|
|poke|p2|Venusaur, L50, M|
|poke|p2|Charizard, L50, M|
|teampreview|4
|showteam|p1|Dragonite||LoadedDice|Multiscale|ScaleShot,ExtremeSpeed,Haze,Protect|||M|||50|,,,,,Fairy]Volcarona||CovertCloak|FlameBody|HeatWave,TeraBlast,QuiverDance,Protect|||F|||50|,,,,,Fairy]Sneasler||FocusSash|Unburden|CloseCombat,DireClaw,RockSlide,Protect|||M|||50|,,,,,Stellar]Rillaboom||AssaultVest|GrassySurge|WoodHammer,GrassyGlide,HighHorsepower,FakeOut|||M|||50|,,,,,Water]Electabuzz||Eviolite|VitalSpirit|Electroweb,FollowMe,Taunt,Protect|||M|||50|,,,,,Ghost]Kingambit||BlackGlasses|Defiant|KowtowCleave,SuckerPunch,SwordsDance,Protect|||M|||50|,,,,,Dark
|showteam|p2|Scizor||FocusSash|Technician|BulletPunch,Protect,CloseCombat,Uturn|||M|||50|,,,,,Fire]Torkoal||EjectPack|Drought|ClearSmog,HelpingHand,WeatherBall,EarthPower|||M|||50|,,,,,Flying]Farigiraf||MentalHerb|ArmorTail|TrickRoom,HyperVoice,Protect,Psychic|||F|||50|,,,,,Grass]Ursaluna||FlameOrb|Guts|Facade,HeadlongRush,Protect,Earthquake|||F|||50|,,,,,Ghost]Venusaur||WideLens|Chlorophyll|Protect,SleepPowder,SludgeBomb,EnergyBall|||M|||50|,,,,,Water]Charizard||ChoiceSpecs|SolarPower|HeatWave,WeatherBall,DragonPulse,Overheat|||M|||50|,,,,,Dragon
|inactive|Battle timer is ON: inactive players will automatically lose when time's up. (requested by dambro222)
|c|Ōśådambro222|serve it
|c|Ōśådambro222|you deserve it**
|c|ŌśåLemonLimeScizor|true
|c|Ōśådambro222|gg btw
|c|ŌśåLemonLimeScizor|ggs
|inactive|dambro222 has 60 seconds left.
|
|t:|1757064523
|teamsize|p1|4
|teamsize|p2|4
|start
|switch|p1a: Volcarona|Volcarona, L50, F|100/100
|switch|p1b: Electabuzz|Electabuzz, L50, M|100/100
|switch|p2a: Torkoal|Torkoal, L50, M|100/100
|switch|p2b: Charizard|Charizard, L50, M|100/100
|-weather|SunnyDay|[from] ability: Drought|[of] p2a: Torkoal
|turn|1
|inactive|dambro222 has 30 seconds left.
|inactive|LemonLimeScizor has 30 seconds left.
|inactive|dambro222 has 20 seconds left.
|
|t:|1757064560
|-terastallize|p2b: Charizard|Dragon
|move|p2a: Torkoal|Helping Hand|p2b: Charizard
|-singleturn|p2b: Charizard|Helping Hand|[of] p2a: Torkoal
|move|p2b: Charizard|Heat Wave|p1b: Electabuzz|[spread] p1a,p1b
|-damage|p1a: Volcarona|0 fnt
|-damage|p1b: Electabuzz|0 fnt
|faint|p1a: Volcarona
|faint|p1b: Electabuzz
|
|-weather|SunnyDay|[upkeep]
|-damage|p2b: Charizard|88/100|[from] ability: Solar Power|[of] p2b: Charizard
|upkeep
|
|t:|1757064566
|switch|p1a: Sneasler|Sneasler, L50, M|100/100
|switch|p1b: Dragonite|Dragonite, L50, M|100/100
|turn|2
|
|t:|1757064586
|switch|p2b: Venusaur|Venusaur, L50, M|100/100
|move|p1a: Sneasler|Dire Claw|p2a: Torkoal
|-damage|p2a: Torkoal|67/100
|move|p1b: Dragonite|Scale Shot|p2b: Venusaur
|-damage|p2b: Venusaur|86/100
|-damage|p2b: Venusaur|72/100
|-damage|p2b: Venusaur|57/100
|-damage|p2b: Venusaur|42/100
|-hitcount|p2b: Venusaur|4
|-unboost|p1b: Dragonite|def|1
|-boost|p1b: Dragonite|spe|1
|move|p2a: Torkoal|Earth Power|p1a: Sneasler
|-supereffective|p1a: Sneasler
|-damage|p1a: Sneasler|29/100
|
|-weather|SunnyDay|[upkeep]
|upkeep
|turn|3
|inactive|LemonLimeScizor has 30 seconds left.
|
|t:|1757064612
|-terastallize|p1a: Sneasler|Stellar
|move|p2a: Torkoal|Helping Hand|p2b: Venusaur
|-singleturn|p2b: Venusaur|Helping Hand|[of] p2a: Torkoal
|move|p2b: Venusaur|Sludge Bomb|p1b: Dragonite
|-damage|p1b: Dragonite|68/100
|move|p1b: Dragonite|Scale Shot|p2b: Venusaur|[miss]
|-miss|p1b: Dragonite|p2b: Venusaur
|move|p1a: Sneasler|Close Combat|p2a: Torkoal
|-damage|p2a: Torkoal|5/100
|-unboost|p1a: Sneasler|def|1
|-unboost|p1a: Sneasler|spd|1
|
|-weather|SunnyDay|[upkeep]
|upkeep
|turn|4
|inactive|dambro222 has 30 seconds left.
|inactive|dambro222 has 20 seconds left.
|inactive|LemonLimeScizor has 30 seconds left.
|
|t:|1757064653
|move|p1a: Sneasler|Protect|p1a: Sneasler
|-singleturn|p1a: Sneasler|Protect
|move|p2b: Venusaur|Sleep Powder|p1b: Dragonite
|-status|p1b: Dragonite|slp|[from] move: Sleep Powder
|cant|p1b: Dragonite|slp
|move|p2a: Torkoal|Earth Power|p1a: Sneasler
|-activate|p1a: Sneasler|move: Protect
|
|-weather|SunnyDay|[upkeep]
|upkeep
|turn|5
|
|t:|1757064670
|move|p1a: Sneasler|Protect||[still]
|-fail|p1a: Sneasler
|move|p2b: Venusaur|Sludge Bomb|p1a: Sneasler
|-resisted|p1a: Sneasler
|-damage|p1a: Sneasler|0 fnt
|faint|p1a: Sneasler
|cant|p1b: Dragonite|slp
|move|p2a: Torkoal|Weather Ball|p1b: Dragonite
|-resisted|p1b: Dragonite
|-damage|p1b: Dragonite|32/100 slp
|
|-weather|none
|upkeep
|turn|6
|
|t:|1757064683
|cant|p1b: Dragonite|slp
|move|p2b: Venusaur|Sludge Bomb|p1b: Dragonite
|-damage|p1b: Dragonite|0 fnt
|faint|p1b: Dragonite
|
|win|LemonLimeScizor
||LemonLimeScizor is ready for game 3.
||dambro222 is ready for game 3.
|uhtml|next|Next: Game 3 of 3
