|j|☆backonmypittbull
|j|☆TR Setter
|html|backonmypittbullTR Setter    
|uhtml|bestof|Game 2 of a best-of-3
|t:|1756065412
|gametype|doubles
|player|p1|backonmypittbull|n|1321
|player|p2|TR Setter|zinzolin|1270
|gen|9
|tier|[Gen 9] VGC 2025 Reg H (Bo3)
|rated|
|rule|Species Clause: Limit one of each Pokémon
|rule|Item Clause: Limit 1 of each item
|clearpoke
|poke|p1|Charizard, L50, F|
|poke|p1|Torkoal, L50, F|
|poke|p1|Porygon2, L50|
|poke|p1|Incineroar, L50, F|
|poke|p1|Jumpluff, L50, M|
|poke|p1|Ursaluna, L50, F|
|poke|p2|Indeedee-F, L50, F|
|poke|p2|Hatterene, L50, F|
|poke|p2|Gallade, L50, M|
|poke|p2|Annihilape, L50, F|
|poke|p2|Torkoal, L50, M|
|poke|p2|Kingambit, L50, M|
|teampreview|4
|showteam|p1|Charizard||ChoiceSpecs|SolarPower|HeatWave,Overheat,WeatherBall,AirSlash|||F|||50|,,,,,Ghost]Torkoal||EjectPack|Drought|Eruption,Overheat,HelpingHand,Protect|||F|||50|,,,,,Fire]Porygon2||Eviolite|Download|TeraBlast,IceBeam,Recover,TrickRoom||||||50|,,,,,Fighting]Incineroar||SitrusBerry|Intimidate|FlareBlitz,KnockOff,FakeOut,PartingShot|||F|||50|,,,,,Ghost]Jumpluff||CovertCloak|Chlorophyll|SleepPowder,SunnyDay,RagePowder,Tailwind|||M|||50|,,,,,Water]Ursaluna||FlameOrb|Guts|HeadlongRush,Facade,Earthquake,Protect|||F|||50|,,,,,Ghost
|showteam|p2|Indeedee-F||PsychicSeed|PsychicSurge|HelpingHand,Psychic,TrickRoom,FollowMe|||F|||50|,,,,,Grass]Hatterene||LifeOrb|MagicBounce|ExpandingForce,DazzlingGleam,TrickRoom,Protect|||F|||50|,,,,,Fire]Gallade||ClearAmulet|Sharpness|PsychoCut,SacredSword,WideGuard,TrickRoom|||M|||50|,,,,,Steel]Annihilape||ChoiceScarf|Defiant|FinalGambit,CloseCombat,RageFist,Uturn|||F|||50|,,,,,Grass]Torkoal||Charcoal|Drought|Eruption,WeatherBall,Protect,EarthPower|||M|||50|,,,,,Fire]Kingambit||SafetyGoggles|Defiant|SuckerPunch,KowtowCleave,LowKick,Protect|||M|||50|,,,,,Dark
|inactive|Battle timer is ON: inactive players will automatically lose when time's up. (requested by TR Setter)
|
|t:|1756065432
|teamsize|p1|4
|teamsize|p2|4
|start
|switch|p1a: Torkoal|Torkoal, L50, F|100/100
|switch|p1b: Charizard|Charizard, L50, F|100/100
|switch|p2a: Annihilape|Annihilape, L50, F|100/100
|switch|p2b: Indeedee|Indeedee-F, L50, F|100/100
|-fieldstart|move: Psychic Terrain|[from] ability: Psychic Surge|[of] p2b: Indeedee
|-enditem|p2b: Indeedee|Psychic Seed
|-boost|p2b: Indeedee|spd|1|[from] item: Psychic Seed
|-weather|SunnyDay|[from] ability: Drought|[of] p1a: Torkoal
|turn|1
|inactive|backonmypittbull has 30 seconds left.
|inactive|TR Setter has 30 seconds left.
|inactive|backonmypittbull has 20 seconds left.
|inactive|TR Setter has 20 seconds left.
|
|t:|1756065468
|-terastallize|p1b: Charizard|Ghost
|move|p1a: Torkoal|Helping Hand|p1b: Charizard
|-singleturn|p1b: Charizard|Helping Hand|[of] p1a: Torkoal
|move|p2a: Annihilape|Final Gambit|p1a: Torkoal
|-damage|p1a: Torkoal|0 fnt
|faint|p2a: Annihilape
|faint|p1a: Torkoal
|move|p1b: Charizard|Heat Wave|p2b: Indeedee|[miss]
|-miss|p1b: Charizard|p2b: Indeedee
|move|p2b: Indeedee|Trick Room|p2b: Indeedee
|-fieldstart|move: Trick Room|[of] p2b: Indeedee
|
|-weather|SunnyDay|[upkeep]
|-damage|p1b: Charizard|88/100|[from] ability: Solar Power|[of] p1b: Charizard
|upkeep
|c|☆backonmypittbull|hooray
|
|t:|1756065483
|switch|p1a: Incineroar|Incineroar, L50, F|100/100
|switch|p2a: Torkoal|Torkoal, L50, M|100/100
|-ability|p1a: Incineroar|Intimidate|boost
|-unboost|p2a: Torkoal|atk|1
|-unboost|p2b: Indeedee|atk|1
|turn|2
|
|t:|1756065494
|-terastallize|p2a: Torkoal|Fire
|move|p2b: Indeedee|Follow Me|p2b: Indeedee
|-singleturn|p2b: Indeedee|move: Follow Me
|move|p2a: Torkoal|Eruption|p1a: Incineroar|[spread] p1a,p1b
|-resisted|p1a: Incineroar
|-damage|p1a: Incineroar|48/100
|-damage|p1b: Charizard|0 fnt
|-enditem|p1a: Incineroar|Sitrus Berry|[eat]
|-heal|p1a: Incineroar|72/100|[from] item: Sitrus Berry
|faint|p1b: Charizard
|move|p1a: Incineroar|Knock Off|p2b: Indeedee
|-supereffective|p2b: Indeedee
|-damage|p2b: Indeedee|42/100
|
|-weather|SunnyDay|[upkeep]
|upkeep
|c|☆TR Setter|sorry abt that
|c|☆backonmypittbull|all good lol
|c|☆backonmypittbull|its not your fault, my good luck has been catching up to me today XD
|
|t:|1756065517
|switch|p1b: Porygon2|Porygon2, L50|100/100
|-ability|p1b: Porygon2|Download|boost
|-boost|p1b: Porygon2|atk|1
|turn|3
|-message|backonmypittbull forfeited.
|
|win|TR Setter
|raw|backonmypittbull's rating: 1321 → 1298(-23 for losing)
|raw|TR Setter's rating: 1270 → 1299(+29 for winning)
