|j|☆corndog7
|j|☆spellbreakvgc
|html|corndog7spellbreakvgc    
|uhtml|bestof|Game 1 of a best-of-3
|t:|1756799648
|gametype|doubles
|player|p1|corndog7|roughneck|1281
|player|p2|spellbreakvgc|lance|1181
|gen|9
|tier|[Gen 9] VGC 2025 Reg H (Bo3)
|rated|
|rule|Species Clause: Limit one of each Pokémon
|rule|Item Clause: Limit 1 of each item
|clearpoke
|poke|p1|Gholdengo, L50|
|poke|p1|Sneasler, L50, M|
|poke|p1|Rillaboom, L50, F|
|poke|p1|Volcarona, L50, M|
|poke|p1|Milotic, L50, F|
|poke|p1|Hydreigon, L50, M|
|poke|p2|Garchomp, L50, F|
|poke|p2|Weezing-Galar, L50, F|
|poke|p2|Archaludon, L50, F|
|poke|p2|Gholdengo, L50|
|poke|p2|Talonflame, L50, M|
|poke|p2|Annihilape, L50, F|
|teampreview|4
|showteam|p1|Gholdengo||LifeOrb|GoodasGold|MakeItRain,ShadowBall,NastyPlot,Protect||||||50|,,,,,Dragon]Sneasler||FocusSash|Unburden|FakeOut,DireClaw,CloseCombat,Protect|||M|||50|,,,,,Fairy]Rillaboom||AssaultVest|GrassySurge|FakeOut,GrassyGlide,WoodHammer,HighHorsepower|||F|||50|,,,,,Ground]Volcarona||CovertCloak|FlameBody|HeatWave,StruggleBug,RagePowder,Tailwind|||M|||50|,,,,,Dragon]Milotic||SitrusBerry|Competitive|Scald,MuddyWater,IcyWind,Protect|||F|||50|,,,,,Dragon]Hydreigon||SafetyGoggles|Levitate|DracoMeteor,Snarl,Taunt,Protect|||M|||50|,,,,,Ghost
|showteam|p2|Garchomp||LifeOrb|RoughSkin|DragonClaw,Earthquake,StompingTantrum,Protect|||F|||50|,,,,,Ground]Weezing-Galar||FocusSash|NeutralizingGas|Protect,SludgeBomb,Taunt,StrangeSteam|||F|||50|,,,,,Flying]Archaludon||PowerHerb|Sturdy|ElectroShot,Thunderbolt,DracoMeteor,Protect|||F|||50|,,,,,Electric]Gholdengo||ChoiceSpecs|GoodasGold|ShadowBall,DazzlingGleam,PowerGem,MakeItRain||||||50|,,,,,Fairy]Talonflame||CovertCloak|GaleWings|Tailwind,DualWingbeat,WillOWisp,FlareBlitz|||M|||50|,,,,,Stellar]Annihilape||AssaultVest|Defiant|CloseCombat,RageFist,FinalGambit,IcePunch|||F|||50|,,,,,Grass
|inactive|Battle timer is ON: inactive players will automatically lose when time's up. (requested by corndog7)
|inactive|corndog7 has 60 seconds left.
|inactive|spellbreakvgc has 60 seconds left.
|
|t:|1756799686
|teamsize|p1|4
|teamsize|p2|4
|start
|switch|p1a: Volcarona|Volcarona, L50, M|100/100
|switch|p1b: Milotic|Milotic, L50, F|100/100
|switch|p2a: Weezing|Weezing-Galar, L50, F|100/100
|switch|p2b: Garchomp|Garchomp, L50, F|100/100
|-ability|p2a: Weezing|Neutralizing Gas
|turn|1
|inactive|spellbreakvgc has 30 seconds left.
|inactive|spellbreakvgc has 20 seconds left.
|inactive|spellbreakvgc has 15 seconds left.
|inactive|spellbreakvgc has 10 seconds left.
|inactive|spellbreakvgc has 5 seconds left.
|
|t:|1756799737
|switch|p1a: Rillaboom|Rillaboom, L50, F|100/100
|-terastallize|p2a: Weezing|Flying
|move|p2b: Garchomp|Earthquake|p1a: Rillaboom|[spread] p1a,p1b
|-immune|p2a: Weezing
|-resisted|p1a: Rillaboom
|-damage|p1a: Rillaboom|74/100
|-damage|p1b: Milotic|56/100
|-damage|p2b: Garchomp|91/100|[from] item: Life Orb
|move|p2a: Weezing|Strange Steam|p1b: Milotic
|-damage|p1b: Milotic|28/100
|-enditem|p1b: Milotic|Sitrus Berry|[eat]
|-heal|p1b: Milotic|53/100|[from] item: Sitrus Berry
|move|p1b: Milotic|Icy Wind|p2b: Garchomp|[spread] p2a,p2b
|-supereffective|p2a: Weezing
|-supereffective|p2b: Garchomp
|-damage|p2a: Weezing|61/100
|-damage|p2b: Garchomp|34/100
|-unboost|p2a: Weezing|spe|1
|-unboost|p2b: Garchomp|spe|1
|
|upkeep
|turn|2
|inactive|corndog7 has 30 seconds left.
|
|t:|1756799764
|switch|p1a: Volcarona|Volcarona, L50, M|100/100
|switch|p2b: Annihilape|Annihilape, L50, F|100/100
|move|p1b: Milotic|Icy Wind|p2a: Weezing|[spread] p2a,p2b
|-supereffective|p2a: Weezing
|-damage|p2a: Weezing|18/100
|-damage|p2b: Annihilape|93/100
|-unboost|p2a: Weezing|spe|1
|-unboost|p2b: Annihilape|spe|1
|move|p2a: Weezing|Sludge Bomb|p1a: Volcarona
|-damage|p1a: Volcarona|62/100
|
|upkeep
|turn|3
|
|t:|1756799785
|-end|p2a: Weezing|ability: Neutralizing Gas
|switch|p2a: Gholdengo|Gholdengo, L50|100/100
|move|p1a: Volcarona|Heat Wave|p2b: Annihilape|[spread] p2a,p2b
|-supereffective|p2a: Gholdengo
|-damage|p2a: Gholdengo|33/100
|-damage|p2b: Annihilape|70/100
|move|p1b: Milotic|Scald|p2b: Annihilape
|-damage|p2b: Annihilape|44/100
|-status|p2b: Annihilape|brn
|move|p2b: Annihilape|Rage Fist|p1a: Volcarona
|-damage|p1a: Volcarona|21/100
|
|-damage|p2b: Annihilape|38/100 brn|[from] brn
|upkeep
|turn|4
|inactive|corndog7 has 30 seconds left.
|
|t:|1756799813
|move|p1b: Milotic|Protect|p1b: Milotic
|-singleturn|p1b: Milotic|Protect
|move|p2a: Gholdengo|Dazzling Gleam|p1b: Milotic|[spread] p1a
|-activate|p1b: Milotic|move: Protect
|-resisted|p1a: Volcarona
|-damage|p1a: Volcarona|6/100
|move|p1a: Volcarona|Tailwind|p1a: Volcarona
|-sidestart|p1: corndog7|move: Tailwind
|move|p2b: Annihilape|Rage Fist|p1b: Milotic
|-activate|p1b: Milotic|move: Protect
|
|-damage|p2b: Annihilape|31/100 brn|[from] brn
|upkeep
|turn|5
|-message|spellbreakvgc forfeited.
|
|win|corndog7
