|j|☆JaiFain
|j|☆almagroalanzarote
|html|JaiFainalmagroalanzarote    
|uhtml|bestof|Game 1 of a best-of-3
|t:|1784735789
|gametype|doubles
|player|p1|JaiFain|camper|1218
|player|p2|almagroalanzarote|nate|1300
|gen|9
|tier|[Gen 9 Champions] VGC 2026 Reg M-B (Bo3)
|rated|
|rule|Species Clause: Limit one of each Pokémon
|rule|Item Clause: Limit 1 of each item
|clearpoke
|poke|p1|Goodra-Hisui, L50, F|
|poke|p1|Grimmsnarl, L50, M|
|poke|p1|Pelipper, L50, M|
|poke|p1|Swampert, L50, F|
|poke|p1|Scrafty, L50, M|
|poke|p1|Tsareena, L50, F|
|poke|p2|Blastoise, L50, M|
|poke|p2|Delphox, L50, M|
|poke|p2|Sneasler, L50, F|
|poke|p2|Incineroar, L50, M|
|poke|p2|Kingambit, L50, F|
|poke|p2|Sinistcha, L50|
|teampreview|4
|showteam|p1|Goodra-Hisui||Leftovers|ShellArmor|Shelter,BodyPress,HeavySlam,Protect|Sassy||F|||50|]Grimmsnarl||LightClay|Prankster|LightScreen,FakeOut,FoulPlay,PartingShot|Careful||M|||50|]Pelipper||FocusSash|Drizzle|WeatherBall,Hurricane,Tailwind,Protect|Modest||M|||50|]Swampert||Swampertite|Torrent|HighHorsepower,WaveCrash,KnockOff,Protect|Adamant||F|||50|]Scrafty||Scraftinite|Intimidate|DrainPunch,KnockOff,FakeOut,Protect|Brave||M|||50|]Tsareena||ChoiceScarf|QueenlyMajesty|PowerWhip,TripleAxel,Taunt,Uturn|Jolly||F|||50|
|showteam|p2|Blastoise||Blastoisinite|RainDish|WaterSpout,DarkPulse,ShellSmash,Protect|Modest||M|||50|]Delphox||Delphoxite|Blaze|HeatWave,Psyshock,NastyPlot,Protect|Timid||M|||50|]Sneasler||FocusSash|PoisonTouch|FakeOut,CloseCombat,DireClaw,QuickGuard|Jolly||F|||50|]Incineroar||SitrusBerry|Intimidate|FakeOut,FlareBlitz,PartingShot,HelpingHand|Impish||M|||50|]Kingambit||BlackGlasses|Defiant|KowtowCleave,SuckerPunch,SwordsDance,Protect|Adamant||F|||50|]Sinistcha||OccaBerry|Hospitality|MatchaGotcha,RagePowder,TrickRoom,Protect|Bold|||||50|
|inactive|Battle timer is ON: inactive players will automatically lose when time's up. (requested by almagroalanzarote)
|inactive|JaiFain has 60 seconds left.
|inactive|almagroalanzarote has 60 seconds left.
|inactive|JaiFain has 30 seconds left.
|inactive|JaiFain has 20 seconds left.
|
|t:|1784735864
|teamsize|p1|4
|teamsize|p2|4
|start
|switch|p1a: Tsareena|Tsareena, L50, F|100/100
|switch|p1b: Scrafty|Scrafty, L50, M|100/100
|switch|p2a: Delphox|Delphox, L50, M|100/100
|switch|p2b: Sinistcha|Sinistcha, L50|100/100
|-ability|p1b: Scrafty|Intimidate|boost
|-unboost|p2a: Delphox|atk|1
|-unboost|p2b: Sinistcha|atk|1
|turn|1
|inactive|JaiFain has 30 seconds left.
|
|t:|1784735889
|switch|p2b: Sneasler|Sneasler, L50, F|100/100
|detailschange|p2a: Delphox|Delphox-Mega, L50, M
|-mega|p2a: Delphox|Delphox|Delphoxite
|detailschange|p1b: Scrafty|Scrafty-Mega, L50, M
|-mega|p1b: Scrafty|Scrafty|Scraftinite
|-ability|p1b: Scrafty|Intimidate|boost
|-unboost|p2a: Delphox|atk|1
|-unboost|p2b: Sneasler|atk|1
|move|p2a: Delphox|Protect|p2a: Delphox
|-singleturn|p2a: Delphox|Protect
|move|p1a: Tsareena|U-turn|p2b: Sneasler
|-resisted|p2b: Sneasler|2
|-damage|p2b: Sneasler|89/100
|
|t:|1784735895
|switch|p1a: Pelipper|Pelipper, L50, M|100/100|[from] U-turn
|-weather|RainDance|[from] ability: Drizzle|[of] p1a: Pelipper
|move|p1b: Scrafty|Knock Off|p2b: Sneasler
|-resisted|p2b: Sneasler|1
|-damage|p2b: Sneasler|41/100
|-enditem|p2b: Sneasler|Focus Sash|[from] move: Knock Off|[of] p1b: Scrafty
|
|-weather|RainDance|[upkeep]
|upkeep
|turn|2
|
|t:|1784735919
|switch|p1b: Tsareena|Tsareena, L50, F|100/100
|move|p2b: Sneasler|Fake Out||[still]
|cant|p1b: Tsareena|ability: Queenly Majesty|Fake Out|[of] p2b: Sneasler
|move|p2a: Delphox|Nasty Plot|p2a: Delphox
|-boost|p2a: Delphox|spa|2
|move|p1a: Pelipper|Weather Ball|p2a: Delphox
|-supereffective|p2a: Delphox|1
|-damage|p2a: Delphox|0 fnt
|faint|p2a: Delphox
|
|-weather|RainDance|[upkeep]
|upkeep
|-message|almagroalanzarote forfeited.
|
|win|JaiFain
