|j|☆nocturnallynoct
|j|☆Pupa202
|html|nocturnallynoctPupa202    
|uhtml|bestof|Game 1 of a best-of-3
|t:|1756673816
|gametype|doubles
|player|p1|nocturnallynoct|266|1062
|player|p2|Pupa202|101|1080
|gen|9
|tier|[Gen 9] VGC 2025 Reg H (Bo3)
|rated|
|rule|Species Clause: Limit one of each Pokémon
|rule|Item Clause: Limit 1 of each item
|clearpoke
|poke|p1|Sneasler, L50, F|
|poke|p1|Indeedee, L50, M|
|poke|p1|Tyranitar, L50, F|
|poke|p1|Ursaluna-Bloodmoon, L50, M|
|poke|p1|Electabuzz, L50, F|
|poke|p1|Talonflame, L50, M|
|poke|p2|Whimsicott, L50, F|
|poke|p2|Porygon2, L50|
|poke|p2|Archaludon, L50, M|
|poke|p2|Incineroar, L50, F|
|poke|p2|Rillaboom, L50, M|
|poke|p2|Rotom-Wash, L50|
|teampreview|4
|showteam|p1|Sneasler||PsychicSeed|Unburden|DireClaw,CloseCombat,ThroatChop,Protect|||F|||50|,,,,,Dark]Indeedee||FocusSash|PsychicSurge|ExpandingForce,TeraBlast,Protect,TrickRoom|||M|||50|,,,,,Fighting]Tyranitar||AssaultVest|SandStream|RockSlide,KnockOff,LowKick,TeraBlast|||F|||50|,,,,,Flying]Ursaluna-Bloodmoon||LifeOrb|MindsEye|BloodMoon,HyperVoice,EarthPower,Protect|||M|||50|,,,,,Normal]Electabuzz||Eviolite|VitalSpirit|Electroweb,FollowMe,Taunt,Protect|||F|||50|,,,,,Dragon]Talonflame||CovertCloak|GaleWings|DualWingbeat,FlareBlitz,Tailwind,WillOWisp|||M|||50|,,,,,Fairy
|showteam|p2|Whimsicott||FocusSash|Prankster|Tailwind,Encore,Taunt,Moonblast|||F|||50|,,,,,Water]Porygon2||Eviolite|Trace|TrickRoom,Recover,TriAttack,IceBeam||||||50|,,,,,Ghost]Archaludon||AssaultVest|Stamina|ElectroShot,FlashCannon,DragonPulse,BodyPress|||M|||50|,,,,,Grass]Incineroar||SafetyGoggles|Intimidate|FakeOut,KnockOff,FlareBlitz,PartingShot|||F|||50|,,,,,Grass]Rillaboom||MiracleSeed|GrassySurge|GrassyGlide,WoodHammer,FakeOut,Protect|||M|||50|,,,,,Grass]Rotom-Wash||SitrusBerry|Levitate|Thunderbolt,HydroPump,WillOWisp,Protect||||||50|,,,,,Grass
|inactive|Battle timer is ON: inactive players will automatically lose when time's up. (requested by nocturnallynoct)
|c|☆nocturnallynoct|glhf
|inactive|nocturnallynoct has 60 seconds left.
|inactive|Pupa202 has 60 seconds left.
|
|t:|1756673864
|teamsize|p1|4
|teamsize|p2|4
|start
|switch|p1a: Ursaluna|Ursaluna-Bloodmoon, L50, M|100/100
|switch|p1b: Electabuzz|Electabuzz, L50, F|100/100
|switch|p2a: Rotom|Rotom-Wash, L50|100/100
|switch|p2b: Rillaboom|Rillaboom, L50, M|100/100
|-fieldstart|move: Grassy Terrain|[from] ability: Grassy Surge|[of] p2b: Rillaboom
|turn|1
|inactive|nocturnallynoct has 30 seconds left.
|inactive|Pupa202 has 30 seconds left.
|inactive|nocturnallynoct has 20 seconds left.
|
|t:|1756673901
|switch|p1b: Sneasler|Sneasler, L50, F|100/100
|move|p1a: Ursaluna|Protect|p1a: Ursaluna
|-singleturn|p1a: Ursaluna|Protect
|move|p2b: Rillaboom|Fake Out|p1a: Ursaluna
|-activate|p1a: Ursaluna|move: Protect
|move|p2a: Rotom|Hydro Pump|p1a: Ursaluna
|-activate|p1a: Ursaluna|move: Protect
|
|upkeep
|turn|2
|inactive|nocturnallynoct has 30 seconds left.
|
|t:|1756673926
|switch|p1a: Indeedee|Indeedee, L50, M|100/100
|-fieldstart|move: Psychic Terrain|[from] ability: Psychic Surge|[of] p1a: Indeedee
|-enditem|p1b: Sneasler|Psychic Seed
|-boost|p1b: Sneasler|spd|1|[from] item: Psychic Seed
|move|p1b: Sneasler|Dire Claw|p2b: Rillaboom
|-supereffective|p2b: Rillaboom
|-damage|p2b: Rillaboom|7/100
|-status|p2b: Rillaboom|slp
|cant|p2b: Rillaboom|slp
|move|p2a: Rotom|Hydro Pump|p1a: Indeedee
|-damage|p1a: Indeedee|48/100
|
|upkeep
|turn|3
|inactive|nocturnallynoct has 30 seconds left.
|inactive|nocturnallynoct has 20 seconds left.
|
|t:|1756673965
|switch|p2b: Incineroar|Incineroar, L50, F|100/100
|-ability|p2b: Incineroar|Intimidate|boost
|-unboost|p1a: Indeedee|atk|1
|-unboost|p1b: Sneasler|atk|1
|move|p1b: Sneasler|Close Combat|p2a: Rotom
|-crit|p2a: Rotom
|-damage|p2a: Rotom|0 fnt
|-unboost|p1b: Sneasler|def|1
|-unboost|p1b: Sneasler|spd|1
|faint|p2a: Rotom
|move|p1a: Indeedee|Expanding Force|p2b: Incineroar
|-immune|p2b: Incineroar
|
|upkeep
|
|t:|1756673982
|switch|p2a: Whimsicott|Whimsicott, L50, F|100/100
|turn|4
|inactive|nocturnallynoct has 30 seconds left.
|inactive|nocturnallynoct has 20 seconds left.
|inactive|nocturnallynoct has 15 seconds left.
|inactive|nocturnallynoct has 10 seconds left.
|inactive|nocturnallynoct has 5 seconds left.
|
|t:|1756674035
|move|p2a: Whimsicott|Tailwind|p2a: Whimsicott
|-sidestart|p2: Pupa202|move: Tailwind
|move|p1b: Sneasler|Close Combat|p2b: Incineroar
|-supereffective|p2b: Incineroar
|-damage|p2b: Incineroar|19/100
|-unboost|p1b: Sneasler|def|1
|-unboost|p1b: Sneasler|spd|1
|move|p2b: Incineroar|Flare Blitz|p1b: Sneasler
|-damage|p1b: Sneasler|0 fnt
|faint|p1b: Sneasler
|-damage|p2b: Incineroar|0 fnt|[from] Recoil
|faint|p2b: Incineroar
|move|p1a: Indeedee|Trick Room|p1a: Indeedee
|-fieldstart|move: Trick Room|[of] p1a: Indeedee
|
|upkeep
|
|t:|1756674051
|switch|p2b: Rillaboom|Rillaboom, L50, M|7/100 slp
|switch|p1b: Ursaluna|Ursaluna-Bloodmoon, L50, M|100/100
|-fieldstart|move: Grassy Terrain|[from] ability: Grassy Surge|[of] p2b: Rillaboom
|turn|5
|
|t:|1756674068
|switch|p1a: Electabuzz|Electabuzz, L50, F|100/100
|cant|p2b: Rillaboom|slp
|move|p2a: Whimsicott|Encore||[still]
|-fail|p2a: Whimsicott
|move|p1b: Ursaluna|Hyper Voice|p2b: Rillaboom|[spread] p2a,p2b
|-damage|p2a: Whimsicott|36/100
|-damage|p2b: Rillaboom|0 fnt
|faint|p2b: Rillaboom
|-damage|p1b: Ursaluna|90/100|[from] item: Life Orb
|
|-heal|p1b: Ursaluna|96/100|[from] Grassy Terrain
|-heal|p2a: Whimsicott|42/100|[from] Grassy Terrain
|upkeep
|turn|6
|
|t:|1756674089
|move|p1a: Electabuzz|Follow Me|p1a: Electabuzz
|-singleturn|p1a: Electabuzz|move: Follow Me
|move|p1b: Ursaluna|Hyper Voice|p2a: Whimsicott
|-damage|p2a: Whimsicott|0 fnt
|faint|p2a: Whimsicott
|-damage|p1b: Ursaluna|86/100|[from] item: Life Orb
|
|win|nocturnallynoct
||nocturnallynoct is ready for game 2.
|inactive|Pupa202 has 30 seconds to confirm battle start!
||Pupa202 is ready for game 2.
|uhtml|next|Next: Game 2 of 3
|l|☆Pupa202
|player|p2|
