|j|☆urstepslowbro
|j|☆PandaMXL
|html|urstepslowbroPandaMXL    
|uhtml|bestof|Game 1 of a best-of-3
|t:|1784408816
|gametype|doubles
|player|p1|urstepslowbro|iono-masters|1079
|player|p2|PandaMXL|chuck|1040
|gen|9
|tier|[Gen 9 Champions] VGC 2026 Reg M-B (Bo3)
|rated|
|rule|Species Clause: Limit one of each Pokémon
|rule|Item Clause: Limit 1 of each item
|clearpoke
|poke|p1|Aerodactyl, L50, M|
|poke|p1|Kingambit, L50, M|
|poke|p1|Sylveon, L50, M|
|poke|p1|Garchomp, L50, M|
|poke|p1|Charizard, L50, M|
|poke|p1|Incineroar, L50, M|
|poke|p2|Grimmsnarl, L50, M|
|poke|p2|Sneasler, L50, F|
|poke|p2|Staraptor, L50, F|
|poke|p2|Skarmory, L50, M|
|poke|p2|Heliolisk, L50, M, shiny|
|poke|p2|Sceptile, L50, M|
|teampreview|4
|showteam|p1|Aerodactyl||Aerodactylite|Unnerve|RockSlide,IceFang,Tailwind,WideGuard|Jolly||M|||50|]Kingambit||FocusSash|Defiant|KowtowCleave,SuckerPunch,IronHead,Protect|Adamant||M|||50|]Sylveon||FairyFeather|Pixilate|Detect,HyperVoice,HyperBeam,QuickAttack|Modest||M|||50|]Garchomp||LifeOrb|RoughSkin|Earthquake,DragonClaw,StompingTantrum,Protect|Jolly||M|||50|]Charizard||CharizarditeY|Blaze|Protect,HeatWave,SolarBeam,WeatherBall|Modest||M|||50|]Incineroar||SitrusBerry|Intimidate|DarkestLariat,FlareBlitz,FakeOut,PartingShot|Impish||M|||50|
|showteam|p2|Grimmsnarl||LightClay|Prankster|PlayRough,Reflect,LightScreen,PartingShot|Impish||M|||50|]Sneasler||WhiteHerb|PoisonTouch|FakeOut,CloseCombat,DireClaw,Protect|Jolly||F|||50|]Staraptor||Staraptite|Intimidate|BraveBird,CloseCombat,Roost,Protect|Impish||F|||50|]Skarmory||Leftovers|WeakArmor|BraveBird,IronDefense,StealthRock,Tailwind|Impish||M|||50|]Heliolisk||ChoiceScarf|DrySkin|Discharge,GrassKnot,WeatherBall,Thunder|Timid||M|||50|]Sceptile||Sceptilite|Overgrow|EnergyBall,DragonPulse,EarthPower,Detect|Modest||M|||50|
|inactive|Battle timer is ON: inactive players will automatically lose when time's up. (requested by PandaMXL)
|
|t:|1784408850
|teamsize|p1|4
|teamsize|p2|4
|start
|switch|p1a: Charizard|Charizard, L50, M|100/100
|switch|p1b: Incineroar|Incineroar, L50, M|100/100
|switch|p2a: Heliolisk|Heliolisk, L50, M, shiny|100/100
|switch|p2b: Sceptile|Sceptile, L50, M|100/100
|-ability|p1b: Incineroar|Intimidate|boost
|-unboost|p2a: Heliolisk|atk|1
|-unboost|p2b: Sceptile|atk|1
|turn|1
|
|t:|1784408868
|detailschange|p2b: Sceptile|Sceptile-Mega, L50, M
|-mega|p2b: Sceptile|Sceptile|Sceptilite
|detailschange|p1a: Charizard|Charizard-Mega-Y, L50, M
|-mega|p1a: Charizard|Charizard|Charizardite Y
|-weather|SunnyDay|[from] ability: Drought|[of] p1a: Charizard
|move|p1b: Incineroar|Fake Out|p2a: Heliolisk
|-crit|p2a: Heliolisk
|-damage|p2a: Heliolisk|64/100
|cant|p2a: Heliolisk|flinch
|move|p2b: Sceptile|Dragon Pulse|p1a: Charizard
|-damage|p1a: Charizard|48/100
|move|p1a: Charizard|Heat Wave|p2b: Sceptile|[spread] p2a,p2b
|-damage|p2a: Heliolisk|0 fnt
|-damage|p2b: Sceptile|4/100
|-status|p2b: Sceptile|brn
|faint|p2a: Heliolisk
|
|-weather|SunnyDay|[upkeep]
|-damage|p2b: Sceptile|0 fnt|[from] brn
|faint|p2b: Sceptile
|upkeep
|
|t:|1784408886
|switch|p2b: Staraptor|Staraptor, L50, F|100/100
|switch|p2a: Grimmsnarl|Grimmsnarl, L50, M|100/100
|-ability|p2b: Staraptor|Intimidate|boost
|-unboost|p1a: Charizard|atk|1
|-unboost|p1b: Incineroar|atk|1
|turn|2
|
|t:|1784408904
|move|p1a: Charizard|Protect|p1a: Charizard
|-singleturn|p1a: Charizard|Protect
|move|p2a: Grimmsnarl|Light Screen|p2a: Grimmsnarl
|-sidestart|p2: PandaMXL|move: Light Screen
|move|p2b: Staraptor|Brave Bird|p1a: Charizard
|-activate|p1a: Charizard|move: Protect
|move|p1b: Incineroar|Parting Shot|p2a: Grimmsnarl
|-unboost|p2a: Grimmsnarl|atk|1
|-unboost|p2a: Grimmsnarl|spa|1
|
|t:|1784408914
|switch|p1b: Garchomp|Garchomp, L50, M|100/100|[from] Parting Shot
|
|-weather|SunnyDay|[upkeep]
|upkeep
|turn|3
|
|t:|1784408922
|switch|p1a: Incineroar|Incineroar, L50, M|100/100
|-ability|p1a: Incineroar|Intimidate|boost
|-unboost|p2a: Grimmsnarl|atk|1
|-unboost|p2b: Staraptor|atk|1
|move|p2a: Grimmsnarl|Reflect|p2a: Grimmsnarl
|-sidestart|p2: PandaMXL|Reflect
|move|p1b: Garchomp|Dragon Claw|p2b: Staraptor
|-damage|p2b: Staraptor|64/100
|-damage|p1b: Garchomp|90/100|[from] item: Life Orb
|move|p2b: Staraptor|Brave Bird|p1a: Incineroar
|-damage|p1a: Incineroar|76/100
|-damage|p2b: Staraptor|55/100|[from] Recoil
|
|-weather|SunnyDay|[upkeep]
|upkeep
|turn|4
|-message|PandaMXL forfeited.
|
|win|urstepslowbro
|l|☆PandaMXL
|player|p2|
