|j|☆subhamcheee
|j|☆CaratroncoSun
|html|subhamcheeeCaratroncoSun    
|uhtml|bestof|Game 2 of a best-of-3
|t:|1782401936
|gametype|doubles
|player|p1|subhamcheee|cynthia|1166
|player|p2|CaratroncoSun|juan|1227
|gen|9
|tier|[Gen 9 Champions] VGC 2026 Reg M-B (Bo3)
|rated|
|rule|Species Clause: Limit one of each Pokémon
|rule|Item Clause: Limit 1 of each item
|clearpoke
|poke|p1|Raichu, L50, F|
|poke|p1|Gholdengo, L50|
|poke|p1|Whimsicott, L50, F|
|poke|p1|Incineroar, L50, M|
|poke|p1|Primarina, L50, M|
|poke|p1|Garchomp, L50, M|
|poke|p2|Overqwil, L50, F, shiny|
|poke|p2|Swampert, L50, F|
|poke|p2|Pelipper, L50, M|
|poke|p2|Metagross, L50, shiny|
|poke|p2|Sneasler, L50, M|
|poke|p2|Sinistcha-Masterpiece, L50|
|teampreview|4
|showteam|p1|Raichu||RaichuniteY|Static|Protect,FakeOut,FocusBlast,ZapCannon|Timid||F|||50|]Gholdengo||LifeOrb|GoodasGold|Protect,NastyPlot,ShadowBall,MakeItRain|Modest|||||50|]Whimsicott||FocusSash|Prankster|Moonblast,FakeTears,Tailwind,Encore|Modest||F|||50|]Incineroar||SitrusBerry|Intimidate|FakeOut,PartingShot,ThroatChop,FlareBlitz|Careful||M|||50|]Primarina||MysticWater|LiquidVoice|Protect,CalmMind,HyperVoice,Moonblast|Modest||M|||50|]Garchomp||ChoiceScarf|RoughSkin|Earthquake,DragonClaw,StompingTantrum,RockSlide|Adamant||M|||50|
|showteam|p2|Overqwil||LifeOrb|SwiftSwim|Protect,PoisonJab,ThroatChop,Liquidation|Adamant||F|||50|]Swampert||Swampertite|Damp|Protect,WaveCrash,HighHorsepower,IcePunch|Adamant||F|||50|]Pelipper||FocusSash|Drizzle|RainDance,Tailwind,Hurricane,WeatherBall|Modest||M|||50|]Metagross||Metagrossite|ClearBody|Protect,PsychicFangs,IronHead,IcePunch|Jolly|||||50|]Sneasler||WhiteHerb|Unburden|Coaching,FakeOut,DireClaw,CloseCombat|Jolly||M|||50|]Sinistcha-Masterpiece||SitrusBerry|Hospitality|MatchaGotcha,TrickRoom,LifeDew,RagePowder|Bold|||||50|
|inactive|Battle timer is ON: inactive players will automatically lose when time's up. (requested by subhamcheee)
|
|t:|1782401971
|teamsize|p1|4
|teamsize|p2|4
|start
|switch|p1a: Garchomp|Garchomp, L50, M|100/100
|switch|p1b: Raichu|Raichu, L50, F|100/100
|switch|p2a: Swampert|Swampert, L50, F|100/100
|switch|p2b: Pelipper|Pelipper, L50, M|100/100
|-weather|RainDance|[from] ability: Drizzle|[of] p2b: Pelipper
|turn|1
|
|t:|1782401991
|detailschange|p1b: Raichu|Raichu-Mega-Y, L50, F
|-mega|p1b: Raichu|Raichu|Raichunite Y
|detailschange|p2a: Swampert|Swampert-Mega, L50, F
|-mega|p2a: Swampert|Swampert|Swampertite
|move|p1b: Raichu|Fake Out|p2a: Swampert
|-damage|p2a: Swampert|92/100
|cant|p2a: Swampert|flinch
|move|p1a: Garchomp|Rock Slide|p2a: Swampert|[spread] p2a,p2b
|-resisted|p2a: Swampert|1
|-supereffective|p2b: Pelipper|1
|-damage|p2a: Swampert|81/100
|-damage|p2b: Pelipper|37/100
|cant|p2b: Pelipper|flinch
|
|-weather|RainDance|[upkeep]
|upkeep
|turn|2
|inactive|subhamcheee has 30 seconds left.
|
|t:|1782402019
|switch|p1b: Whimsicott|Whimsicott, L50, F|100/100
|switch|p2b: Sneasler|Sneasler, L50, M|100/100
|move|p2a: Swampert|High Horsepower|p1b: Whimsicott
|-resisted|p1b: Whimsicott|1
|-damage|p1b: Whimsicott|60/100
|move|p1a: Garchomp|Rock Slide|p2b: Sneasler|[spread] p2a,p2b
|-resisted|p2a: Swampert|1
|-resisted|p2b: Sneasler|1
|-damage|p2a: Swampert|71/100
|-damage|p2b: Sneasler|83/100
|
|-weather|RainDance|[upkeep]
|upkeep
|turn|3
|inactive|subhamcheee has 30 seconds left.
|
|t:|1782402045
|switch|p1a: Primarina|Primarina, L50, M|100/100
|move|p2b: Sneasler|Fake Out|p1b: Whimsicott
|-damage|p1b: Whimsicott|39/100
|cant|p1b: Whimsicott|flinch
|move|p2a: Swampert|Wave Crash|p1b: Whimsicott
|-resisted|p1b: Whimsicott|1
|-damage|p1b: Whimsicott|0 fnt
|faint|p1b: Whimsicott
|-damage|p2a: Swampert|61/100|[from] Recoil
|
|-weather|RainDance|[upkeep]
|upkeep
|
|t:|1782402062
|switch|p1b: Garchomp|Garchomp, L50, M|100/100
|turn|4
|
|t:|1782402076
|move|p2a: Swampert|Ice Punch|p1b: Garchomp
|-supereffective|p1b: Garchomp|2
|-damage|p1b: Garchomp|0 fnt
|-damage|p2a: Swampert|49/100|[from] ability: Rough Skin|[of] p1b: Garchomp
|faint|p1b: Garchomp
|move|p2b: Sneasler|Dire Claw|p1a: Primarina
|-supereffective|p1a: Primarina|1
|-damage|p1a: Primarina|10/100
|move|p1a: Primarina|Moonblast|p2a: Swampert
|-damage|p2a: Swampert|5/100
|
|-weather|RainDance|[upkeep]
|upkeep
|-message|subhamcheee forfeited.
|raw|subhamcheee's rating: 1166 → 1145(-21 for losing)
|raw|CaratroncoSun's rating: 1227 → 1248(+21 for winning)
|
|win|CaratroncoSun
