|j|☆Brendu04
|j|☆fsucia
|html|Brendu04fsucia    
|uhtml|bestof|Game 2 of a best-of-3
|t:|1755566235
|gametype|doubles
|player|p1|Brendu04|gambler|1256
|player|p2|fsucia|102|1366
|gen|9
|tier|[Gen 9] VGC 2025 Reg H (Bo3)
|rated|
|rule|Species Clause: Limit one of each Pokémon
|rule|Item Clause: Limit 1 of each item
|clearpoke
|poke|p1|Sneasler, L50, M|
|poke|p1|Dondozo, L50, F|
|poke|p1|Baxcalibur, L50, F|
|poke|p1|Volcarona, L50, M|
|poke|p1|Rillaboom, L50, M|
|poke|p1|Kingambit, L50, F|
|poke|p2|Talonflame, L50, F|
|poke|p2|Rillaboom, L50, F|
|poke|p2|Primarina, L50, F|
|poke|p2|Sneasler, L50, M|
|poke|p2|Dragonite, L50, F|
|poke|p2|Gholdengo, L50|
|teampreview|4
|showteam|p1|Sneasler||FocusSash|Unburden|FakeOut,CloseCombat,DireClaw,Coaching|||M|||50|,,,,,Ghost]Dondozo||Leftovers|Unaware|Protect,Yawn,WaveCrash,Fissure|||F|||50|,,,,,Grass]Baxcalibur||LoadedDice|ThermalExchange|Protect,IceShard,ScaleShot,IcicleSpear|||F|||50|,,,,,Ghost]Volcarona||CovertCloak|FlameBody|QuiverDance,HeatWave,TeraBlast,RagePowder|||M|||50|,,,,,Fairy]Rillaboom||AssaultVest|GrassySurge|GrassyGlide,FakeOut,HighHorsepower,WoodHammer|||M|||50|,,,,,Fire]Kingambit||SafetyGoggles|Defiant|Protect,SwordsDance,KowtowCleave,SuckerPunch|||F|||50|,,,,,Dark
|showteam|p2|Talonflame||CovertCloak|GaleWings|BraveBird,Tailwind,WillOWisp,Taunt|||F|||50|,,,,,Flying]Rillaboom||AssaultVest|GrassySurge|FakeOut,WoodHammer,Uturn,GrassyGlide|||F|||50|,,,,,Fire]Primarina||ThroatSpray|LiquidVoice|HyperVoice,Haze,Moonblast,Protect|||F|||50|,,,,,Steel]Sneasler||GrassySeed|Unburden|Protect,CloseCombat,DireClaw,ThroatChop|||M|||50|,,,,,Dark]Dragonite||ChoiceBand|InnerFocus|ExtremeSpeed,Outrage,IceSpinner,StompingTantrum|||F|||50|,,,,,Normal]Gholdengo||ChoiceSpecs|GoodasGold|ShadowBall,MakeItRain,PowerGem,Trick||||||50|,,,,,Steel
|
|t:|1755566252
|teamsize|p1|4
|teamsize|p2|4
|start
|switch|p1a: Baxcalibur|Baxcalibur, L50, F|100/100
|switch|p1b: Sneasler|Sneasler, L50, M|100/100
|switch|p2a: Sneasler|Sneasler, L50, M|100/100
|switch|p2b: Talonflame|Talonflame, L50, F|100/100
|turn|1
|
|t:|1755566269
|switch|p2a: Gholdengo|Gholdengo, L50|100/100
|move|p1b: Sneasler|Coaching|p1a: Baxcalibur
|-boost|p1a: Baxcalibur|atk|1
|-boost|p1a: Baxcalibur|def|1
|move|p2b: Talonflame|Will-O-Wisp|p1b: Sneasler
|-status|p1b: Sneasler|brn
|move|p1a: Baxcalibur|Scale Shot|p2b: Talonflame|[miss]
|-miss|p1a: Baxcalibur|p2b: Talonflame
|
|-damage|p1b: Sneasler|95/100 brn|[from] brn
|upkeep
|turn|2
|-message|Brendu04 forfeited.
|
|win|fsucia
|raw|Brendu04's rating: 1256 → 1239(-17 for losing)
|raw|fsucia's rating: 1366 → 1380(+14 for winning)
