|j|☆randomguy1114s
|j|☆Lucario Palworld
|html|randomguy1114sLucario Palworld    
|uhtml|bestof|Game 3 of a best-of-3
|t:|1755494977
|gametype|doubles
|player|p1|randomguy1114s|lillie-masters|1273
|player|p2|Lucario Palworld|1|1383
|gen|9
|tier|[Gen 9] VGC 2025 Reg H (Bo3)
|rated|
|rule|Species Clause: Limit one of each Pokémon
|rule|Item Clause: Limit 1 of each item
|clearpoke
|poke|p1|Whimsicott, L50, F|
|poke|p1|Garchomp, L50, F|
|poke|p1|Typhlosion-Hisui, L50, F|
|poke|p1|Electabuzz, L50, F|
|poke|p1|Sneasler, L50, M|
|poke|p1|Indeedee, L50, M|
|poke|p2|Whimsicott, L50, F|
|poke|p2|Pelipper, L50, M|
|poke|p2|Tatsugiri, L50, M|
|poke|p2|Dondozo, L50, F|
|poke|p2|Gholdengo, L50|
|poke|p2|Perrserker, L50, M|
|teampreview|4
|showteam|p1|Whimsicott||CovertCloak|Prankster|Moonblast,SunnyDay,Encore,Tailwind|||F|||50|,,,,,Dark]Garchomp||LifeOrb|RoughSkin|Earthquake,DragonClaw,StompingTantrum,Protect|||F|||50|,,,,,Steel]Typhlosion-Hisui||ChoiceScarf|Blaze|Eruption,HeatWave,ShadowBall,Overheat|||F|||50|,,,,,Fire]Electabuzz||Eviolite|VitalSpirit|FollowMe,Thunderbolt,VoltSwitch,Protect|||F|||50|,,,,,Psychic]Sneasler||PsychicSeed|Unburden|CloseCombat,DireClaw,ThroatChop,Protect|||M|||50|,,,,,Dark]Indeedee||FocusSash|PsychicSurge|ExpandingForce,TrickRoom,Imprison,DazzlingGleam|||M|||50|,,,,,Psychic
|showteam|p2|Whimsicott||CovertCloak|Prankster|Encore,Tailwind,Endeavor,Moonblast|||F|||50|,,,,,Ghost]Pelipper||FocusSash|Drizzle|Tailwind,Hurricane,WeatherBall,WideGuard|||M|||50|,,,,,Flying]Tatsugiri||ChoiceScarf|Commander|MuddyWater,DracoMeteor,DragonPulse,IcyWind|||M|||50|,,,,,Steel]Dondozo||ClearAmulet|Unaware|Earthquake,WaveCrash,OrderUp,Protect|||F|||50|,,,,,Grass]Gholdengo||ChoiceSpecs|GoodasGold|ShadowBall,MakeItRain,FocusBlast,Thunderbolt||||||50|,,,,,Steel]Perrserker||ChopleBerry|SteelySpirit|FakeOut,IronHead,Taunt,KnockOff|||M|||50|,,,,,Flying
|
|t:|1755495038
|teamsize|p1|4
|teamsize|p2|4
|start
|switch|p1a: menacetosociety|Sneasler, L50, M, shiny|100/100
|switch|p1b: Indeedee|Indeedee, L50, M|100/100
|switch|p2a: Dondozo|Dondozo, L50, F|100/100
|switch|p2b: Gholdengo|Gholdengo, L50|100/100
|-fieldstart|move: Psychic Terrain|[from] ability: Psychic Surge|[of] p1b: Indeedee
|-enditem|p1a: menacetosociety|Psychic Seed
|-boost|p1a: menacetosociety|spd|1|[from] item: Psychic Seed
|turn|1
|
|t:|1755495081
|switch|p2b: Tatsugiri|Tatsugiri, L50, M|100/100
|-activate|p2b: Tatsugiri|ability: Commander|[of] p2a: Dondozo
|-boost|p2a: Dondozo|atk|2
|-boost|p2a: Dondozo|spa|2
|-boost|p2a: Dondozo|spe|2
|-boost|p2a: Dondozo|def|2
|-boost|p2a: Dondozo|spd|2
|move|p1a: menacetosociety|Throat Chop|p2b: Tatsugiri|[miss]
|-miss|p1a: menacetosociety|p2b: Tatsugiri
|move|p2a: Dondozo|Earthquake|p1a: menacetosociety|[spread] p1a,p1b
|-miss|p2a: Dondozo|p2b: Tatsugiri
|-supereffective|p1a: menacetosociety
|-damage|p1a: menacetosociety|0 fnt
|-damage|p1b: Indeedee|3/100
|faint|p1a: menacetosociety
|move|p1b: Indeedee|Expanding Force|p2b: Tatsugiri|[spread] p2a
|-miss|p1b: Indeedee|p2b: Tatsugiri
|-damage|p2a: Dondozo|71/100
|
|upkeep
|
|t:|1755495092
|switch|p1a: Electabuzz|Electabuzz, L50, F, shiny|100/100
|turn|2
|
|t:|1755495106
|-terastallize|p1a: Electabuzz|Psychic
|move|p2a: Dondozo|Earthquake|p1b: Indeedee|[spread] p1a,p1b
|-miss|p2a: Dondozo|p2b: Tatsugiri
|-damage|p1a: Electabuzz|50/100
|-damage|p1b: Indeedee|0 fnt
|faint|p1b: Indeedee
|move|p1a: Electabuzz|Thunderbolt|p2a: Dondozo
|-supereffective|p2a: Dondozo
|-damage|p2a: Dondozo|30/100
|
|upkeep
|
|t:|1755495114
|switch|p1b: cant stop me|Typhlosion-Hisui, L50, F|100/100
|turn|3
|
|t:|1755495120
|move|p1b: cant stop me|Shadow Ball|p2a: Dondozo
|-damage|p2a: Dondozo|5/100
|move|p2a: Dondozo|Earthquake|p1b: cant stop me|[spread] p1a,p1b
|-miss|p2a: Dondozo|p2b: Tatsugiri
|-supereffective|p1b: cant stop me
|-damage|p1a: Electabuzz|3/100
|-damage|p1b: cant stop me|0 fnt
|faint|p1b: cant stop me
|move|p1a: Electabuzz|Thunderbolt|p2a: Dondozo
|-supereffective|p2a: Dondozo
|-damage|p2a: Dondozo|0 fnt
|faint|p2a: Dondozo
|
|upkeep
|
|t:|1755495128
|switch|p2a: Whimsicott|Whimsicott, L50, F|100/100
|turn|4
|-message|randomguy1114s forfeited.
|
|win|Lucario Palworld
|raw|randomguy1114s's rating: 1273 → 1256(-17 for losing)
|raw|Lucario Palworld's rating: 1383 → 1397(+14 for winning)
|l|☆Lucario Palworld
|player|p2|
