|j|☆felasmiguel
|j|☆robby w
|html|felasmiguelrobby w    
|uhtml|bestof|Game 1 of a best-of-3
|t:|1756576869
|gametype|doubles
|player|p1|felasmiguel|scientist|1127
|player|p2|robby w|pokekid|1311
|gen|9
|tier|[Gen 9] VGC 2025 Reg H (Bo3)
|rated|
|rule|Species Clause: Limit one of each Pokémon
|rule|Item Clause: Limit 1 of each item
|clearpoke
|poke|p1|Metagross, L50|
|poke|p1|Mienshao, L50, F|
|poke|p1|Sinistcha, L50|
|poke|p1|Frosmoth, L50, F|
|poke|p1|Glimmora, L50, M|
|poke|p1|Meowscarada, L50, F|
|poke|p2|Dondozo, L50, M|
|poke|p2|Tatsugiri, L50, M|
|poke|p2|Sneasler, L50, F|
|poke|p2|Indeedee, L50, M|
|poke|p2|Annihilape, L50, F|
|poke|p2|Gholdengo, L50|
|teampreview|4
|showteam|p1|Metagross||AssaultVest|ClearBody|HardPress,PsychicFangs,BulletPunch,StompingTantrum||||||50|,,,,,Dragon]Mienshao||FocusSash|InnerFocus|CloseCombat,WideGuard,Taunt,Coaching|||F|||50|,,,,,Fighting]Sinistcha||RockyHelmet|Hospitality|LifeDew,MatchaGotcha,RagePowder,TrickRoom||||||50|,,,,,Dark]Frosmoth||SafetyGoggles|IceScales|QuiverDance,IceBeam,TeraBlast,Protect|||F|||50|,,,,,Electric]Glimmora||PowerHerb|Corrosion|MeteorBeam,Toxic,SpikyShield,EarthPower|||M|||50|,,,,,Grass]Meowscarada||ChoiceBand|Protean|FlowerTrick,KnockOff,TripleAxel,Uturn|||F|||50|,,,,,Fire
|showteam|p2|Dondozo||Leftovers|Unaware|Protect,WaveCrash,Earthquake,OrderUp|||M|||50|,,,,,Grass]Tatsugiri||ChoiceScarf|Commander|DragonPulse,IcyWind,DracoMeteor,MuddyWater|||M|||50|,,,,,Stellar]Sneasler||PsychicSeed|Unburden|DireClaw,CloseCombat,Protect,ThroatChop|||F|||50|,,,,,Dark]Indeedee||FocusSash|PsychicSurge|DazzlingGleam,HelpingHand,ExpandingForce,Protect|||M|||50|,,,,,Fairy]Annihilape||SafetyGoggles|Defiant|CloseCombat,RageFist,Protect,Taunt|||F|||50|,,,,,Fighting]Gholdengo||LifeOrb|GoodasGold|MakeItRain,Protect,NastyPlot,ShadowBall||||||50|,,,,,Fire
|inactive|Battle timer is ON: inactive players will automatically lose when time's up. (requested by robby w)
|
|t:|1756576909
|teamsize|p1|4
|teamsize|p2|4
|start
|switch|p1a: Sinistcha|Sinistcha, L50|100/100
|switch|p1b: Meowscarada|Meowscarada, L50, F|100/100
|switch|p2a: Dondozo|Dondozo, L50, M, shiny|100/100
|switch|p2b: Sneasler|Sneasler, L50, F|100/100
|turn|1
|inactive|felasmiguel has 30 seconds left.
|inactive|robby w has 30 seconds left.
|inactive|robby w has 20 seconds left.
|inactive|robby w has 15 seconds left.
|inactive|robby w has 10 seconds left.
|inactive|robby w has 5 seconds left.
|
|t:|1756576959
|switch|p2a: Indeedee|Indeedee, L50, M|100/100
|-fieldstart|move: Psychic Terrain|[from] ability: Psychic Surge|[of] p2a: Indeedee
|-enditem|p2b: Sneasler|Psychic Seed
|-boost|p2b: Sneasler|spd|1|[from] item: Psychic Seed
|-terastallize|p2b: Sneasler|Dark
|move|p1a: Sinistcha|Rage Powder|p1a: Sinistcha
|-singleturn|p1a: Sinistcha|move: Rage Powder
|move|p2b: Sneasler|Throat Chop|p1a: Sinistcha
|-supereffective|p1a: Sinistcha
|-damage|p1a: Sinistcha|25/100
|-start|p1a: Sinistcha|Throat Chop|[silent]
|-damage|p2b: Sneasler|84/100|[from] item: Rocky Helmet|[of] p1a: Sinistcha
|move|p1b: Meowscarada|Triple Axel|p2b: Sneasler|[miss]
|-start|p1b: Meowscarada|typechange|Ice|[from] ability: Protean
|-miss|p1b: Meowscarada|p2b: Sneasler
|
|upkeep
|turn|2
|inactive|felasmiguel has 30 seconds left.
|inactive|robby w has 30 seconds left.
|
|t:|1756576990
|-terastallize|p1a: Sinistcha|Dark
|move|p1a: Sinistcha|Rage Powder|p1a: Sinistcha
|-singleturn|p1a: Sinistcha|move: Rage Powder
|move|p2b: Sneasler|Close Combat|p1a: Sinistcha
|-supereffective|p1a: Sinistcha
|-damage|p1a: Sinistcha|0 fnt
|-unboost|p2b: Sneasler|def|1
|-unboost|p2b: Sneasler|spd|1
|-damage|p2b: Sneasler|68/100|[from] item: Rocky Helmet|[of] p1a: Sinistcha
|faint|p1a: Sinistcha
|move|p1b: Meowscarada|Triple Axel|p2a: Indeedee
|-damage|p2a: Indeedee|69/100
|-damage|p2a: Indeedee|14/100
|-hitcount|p2a: Indeedee|2
|move|p2a: Indeedee|Expanding Force|p1b: Meowscarada
|-damage|p1b: Meowscarada|0 fnt
|faint|p1b: Meowscarada
|
|upkeep
|-message|felasmiguel forfeited.
|
|win|robby w
|l|☆felasmiguel
|player|p1|
||felasmiguel is ready for game 2.
||robby w is ready for game 2.
|uhtml|next|Next: Game 2 of 3
