|j|☆sono babbonat
|j|☆Tedi2002
|html|sono babbonatTedi2002    
|uhtml|bestof|Game 1 of a best-of-3
|t:|1756542124
|gametype|doubles
|player|p1|sono babbonat|volkner|1105
|player|p2|Tedi2002|red|1036
|gen|9
|tier|[Gen 9] VGC 2025 Reg H (Bo3)
|rated|
|rule|Species Clause: Limit one of each Pokémon
|rule|Item Clause: Limit 1 of each item
|clearpoke
|poke|p1|Whimsicott, L50, M|
|poke|p1|Gholdengo, L50|
|poke|p1|Indeedee, L50, M|
|poke|p1|Sneasler, L50, M|
|poke|p1|Ursaluna-Bloodmoon, L50, M|
|poke|p1|Archaludon, L50, M|
|poke|p2|Ninetales, L50, F|
|poke|p2|Charizard, L50, M|
|poke|p2|Jumpluff, L50, F|
|poke|p2|Lilligant-Hisui, L50, F|
|poke|p2|Indeedee-F, L50, F|
|poke|p2|Garchomp, L50, M|
|teampreview|4
|showteam|p1|Whimsicott||CovertCloak|Prankster|Moonblast,Taunt,Tailwind,FakeTears|||M|||50|,,,,,Water]Gholdengo||MetalCoat|GoodasGold|MakeItRain,ShadowBall,NastyPlot,Protect||||||50|,,,,,Flying]Indeedee||FocusSash|PsychicSurge|ExpandingForce,TeraBlast,Imprison,TrickRoom|||M|||50|,,,,,Psychic]Sneasler||PsychicSeed|Unburden|CloseCombat,DireClaw,ThroatChop,Protect|||M|||50|,,,,,Dark]Ursaluna-Bloodmoon||LifeOrb|MindsEye|HyperVoice,BloodMoon,EarthPower,Protect|||M|||50|,,,,,Normal]Archaludon||PowerHerb|Stalwart|ElectroShot,DragonPulse,Thunderbolt,Protect|||M|||50|,,,,,Electric
|showteam|p2|Ninetales||ChoiceSpecs|Drought|HeatWave,Overheat,SolarBeam,Snarl|||F|||50|,,,,,Grass]Charizard||LifeOrb|SolarPower|HeatWave,AirSlash,TeraBlast,Protect|||M|||50|,,,,,Dark]Jumpluff||CovertCloak|Chlorophyll|SleepPowder,Tailwind,RagePowder,SunnyDay|||F|||50|,,,,,Water]Lilligant-Hisui||FocusSash|Chlorophyll|LeafBlade,CloseCombat,TripleAxel,Protect|||F|||50|,,,,,Grass]Indeedee-F||RockyHelmet|PsychicSurge|Psychic,TrickRoom,HelpingHand,FollowMe|||F|||50|,,,,,Grass]Garchomp||ClearAmulet|RoughSkin|Earthquake,StompingTantrum,ScaleShot,Protect|||M|||50|,,,,,Fire
|inactive|Battle timer is ON: inactive players will automatically lose when time's up. (requested by sono babbonat)
|j| hachi123456
|inactive|Tedi2002 has 60 seconds left.
|
|t:|1756542161
|teamsize|p1|4
|teamsize|p2|4
|start
|switch|p1a: Whimsicott|Whimsicott, L50, M|100/100
|switch|p1b: Ursaluna|Ursaluna-Bloodmoon, L50, M|100/100
|switch|p2a: Ninetales|Ninetales, L50, F|100/100
|switch|p2b: Jumpluff|Jumpluff, L50, F|100/100
|-weather|SunnyDay|[from] ability: Drought|[of] p2a: Ninetales
|turn|1
|
|t:|1756542183
|-terastallize|p1a: Whimsicott|Water
|move|p1b: Ursaluna|Protect|p1b: Ursaluna
|-singleturn|p1b: Ursaluna|Protect
|move|p1a: Whimsicott|Taunt|p2b: Jumpluff
|-start|p2b: Jumpluff|move: Taunt
|cant|p2b: Jumpluff|move: Taunt|Tailwind
|move|p2a: Ninetales|Solar Beam||[still]
|-prepare|p2a: Ninetales|Solar Beam
|-anim|p2a: Ninetales|Solar Beam|p1b: Ursaluna
|-activate|p1b: Ursaluna|move: Protect
|
|-weather|SunnyDay|[upkeep]
|upkeep
|turn|2
|
|t:|1756542193
|switch|p2b: Charizard|Charizard, L50, M|100/100
|move|p1a: Whimsicott|Tailwind|p1a: Whimsicott
|-sidestart|p1: sono babbonat|move: Tailwind
|move|p1b: Ursaluna|Blood Moon|p2a: Ninetales
|-damage|p2a: Ninetales|0 fnt
|faint|p2a: Ninetales
|-damage|p1b: Ursaluna|91/100|[from] item: Life Orb
|
|-weather|SunnyDay|[upkeep]
|-damage|p2b: Charizard|88/100|[from] ability: Solar Power|[of] p2b: Charizard
|upkeep
|
|t:|1756542201
|switch|p2a: Lilligant|Lilligant-Hisui, L50, F|100/100
|turn|3
|
|t:|1756542208
|move|p1a: Whimsicott|Moonblast|p2a: Lilligant
|-supereffective|p2a: Lilligant
|-damage|p2a: Lilligant|25/100
|move|p2a: Lilligant|Leaf Blade|p1a: Whimsicott
|-supereffective|p1a: Whimsicott
|-damage|p1a: Whimsicott|0 fnt
|faint|p1a: Whimsicott
|move|p1b: Ursaluna|Hyper Voice|p2a: Lilligant|[spread] p2a,p2b
|-damage|p2a: Lilligant|0 fnt
|-damage|p2b: Charizard|23/100
|faint|p2a: Lilligant
|-damage|p1b: Ursaluna|81/100|[from] item: Life Orb
|move|p2b: Charizard|Heat Wave|p1b: Ursaluna|[miss]
|-miss|p2b: Charizard|p1b: Ursaluna
|
|-weather|SunnyDay|[upkeep]
|-damage|p2b: Charizard|10/100|[from] ability: Solar Power|[of] p2b: Charizard
|upkeep
|
|t:|1756542221
|switch|p1a: Sneasler|Sneasler, L50, M|100/100
|switch|p2a: Jumpluff|Jumpluff, L50, F|100/100
|turn|4
|l| hachi123456
|
|t:|1756542229
|move|p2b: Charizard|Protect|p2b: Charizard
|-singleturn|p2b: Charizard|Protect
|move|p2a: Jumpluff|Sleep Powder|p1b: Ursaluna|[miss]
|-miss|p2a: Jumpluff|p1b: Ursaluna
|move|p1a: Sneasler|Dire Claw|p2b: Charizard
|-activate|p2b: Charizard|move: Protect
|move|p1b: Ursaluna|Blood Moon|p2a: Jumpluff
|-damage|p2a: Jumpluff|0 fnt
|faint|p2a: Jumpluff
|-damage|p1b: Ursaluna|72/100|[from] item: Life Orb
|
|-weather|SunnyDay|[upkeep]
|-damage|p2b: Charizard|0 fnt|[from] ability: Solar Power|[of] p2b: Charizard
|faint|p2b: Charizard
|
|win|sono babbonat
