|j|☆Chatter Mane
|j|☆OceanicGamer
|html|Chatter ManeOceanicGamer    
|uhtml|bestof|Game 1 of a best-of-3
|t:|1783198647
|gametype|doubles
|player|p1|Chatter Mane|zinnia|
|player|p2|OceanicGamer|#agwliiikyogres|
|gen|9
|tier|[Gen 9 Champions] VGC 2026 Reg M-B (Bo3)
|rule|Species Clause: Limit one of each Pokémon
|rule|Item Clause: Limit 1 of each item
|clearpoke
|poke|p1|Froslass, L50, F, shiny|
|poke|p1|Scovillain, L50, M, shiny|
|poke|p1|Rotom-Wash, L50, shiny|
|poke|p1|Glimmora, L50, F, shiny|
|poke|p1|Aegislash, L50, M, shiny|
|poke|p1|Kommo-o, L50, M|
|poke|p2|Tyranitar, L50, M, shiny|
|poke|p2|Excadrill, L50, F, shiny|
|poke|p2|Talonflame, L50, M, shiny|
|poke|p2|Rotom-Mow, L50, shiny|
|poke|p2|Tinkaton, L50, F|
|poke|p2|Samurott-Hisui, L50, M|
|teampreview|4
|showteam|p1|Froslass||Froslassite|CursedBody|Blizzard,ShadowBall,AuroraVeil,Protect|Modest||F|||50|]Scovillain||Scovillainite|Moody|Overheat,GigaDrain,RagePowder,Protect|Calm||M|||50|]Rotom-Wash||ChoiceScarf|Levitate|HydroPump,Thunderbolt,Electroweb,Trick|Timid|||||50|]Glimmora||FocusSash|ToxicDebris|SludgeBomb,PowerGem,EarthPower,SpikyShield|Modest||F|||50|]Aegislash||LifeOrb|StanceChange|Poltergeist,IronHead,ShadowSneak,KingsShield|Adamant||M|||50|]Kommo-o||Leftovers|Bulletproof|ClangingScales,AuraSphere,ClangorousSoul,Protect|Modest||M|||50|
|showteam|p2|Tyranitar||Tyranitarite|SandStream|Protect,RockSlide,KnockOff,LowKick|Adamant||M|||50|]Excadrill||FocusSash|SandRush|HighHorsepower,IronHead,SwordsDance,Protect|Adamant||F|||50|]Talonflame||LifeOrb|GaleWings|FlareBlitz,BraveBird,Protect,Tailwind|Adamant||M|||50|]Rotom-Mow||SitrusBerry|Levitate|LeafStorm,Electroweb,WillOWisp,Protect|Modest|||||50|]Tinkaton||MetalCoat|OwnTempo|FakeOut,GigatonHammer,PlayRough,Protect|Jolly||F|||50|]Samurott-Hisui||BlackGlasses|Sharpness|CeaselessEdge,SuckerPunch,RazorShell,Protect|Jolly||M|||50|
|inactive|Battle timer is ON: inactive players will automatically lose when time's up. (requested by OceanicGamer)
|c|☆Chatter Mane|Glhf
|c|☆OceanicGamer|ugh. mega scov.
|c|☆OceanicGamer|u2
|inactive|OceanicGamer has 60 seconds left.
|j| slitherwingfan6
|
|t:|1783198700
|teamsize|p1|4
|teamsize|p2|4
|start
|switch|p1a: Rotom|Rotom-Wash, L50, shiny|100/100
|switch|p1b: Aegislash|Aegislash, L50, M, shiny|100/100
|switch|p2a: Talonflame|Talonflame, L50, M, shiny|100/100
|switch|p2b: Tyranitar|Tyranitar, L50, M, shiny|100/100
|-weather|Sandstorm|[from] ability: Sand Stream|[of] p2b: Tyranitar
|turn|1
|inactive|OceanicGamer has 30 seconds left.
|inactive|OceanicGamer has 20 seconds left.
|
|t:|1783198736
|switch|p2a: Rotom|Rotom-Mow, L50, shiny|100/100
|detailschange|p2b: Tyranitar|Tyranitar-Mega, L50, M, shiny
|-mega|p2b: Tyranitar|Tyranitar|Tyranitarite
|move|p1a: Rotom|Electroweb|p2a: Rotom|[spread] p2a,p2b
|-resisted|p2a: Rotom|2
|-crit|p2a: Rotom
|-damage|p2a: Rotom|92/100
|-damage|p2b: Tyranitar|89/100
|-unboost|p2a: Rotom|spe|1
|-unboost|p2b: Tyranitar|spe|1
|-formechange|p1b: Aegislash|Aegislash-Blade|
|move|p1b: Aegislash|Iron Head|p2b: Tyranitar
|-supereffective|p2b: Tyranitar|1
|-damage|p2b: Tyranitar|9/100
|-damage|p1b: Aegislash|90/100|[from] item: Life Orb
|move|p2b: Tyranitar|Knock Off|p1b: Aegislash
|-supereffective|p1b: Aegislash|1
|-damage|p1b: Aegislash|0 fnt
|-enditem|p1b: Aegislash|Life Orb|[from] move: Knock Off|[of] p2b: Tyranitar
|faint|p1b: Aegislash
|
|-weather|Sandstorm|[upkeep]
|-damage|p1a: Rotom|94/100|[from] Sandstorm
|-damage|p2a: Rotom|87/100|[from] Sandstorm
|upkeep
|
|t:|1783198745
|switch|p1b: Kommo-o|Kommo-o, L50, M|100/100
|turn|2
|c| slitherwingfan6|yo andre you're ass
|c|☆OceanicGamer|:sob:
|inactive|OceanicGamer has 30 seconds left.
|inactive|OceanicGamer has 20 seconds left.
|inactive|OceanicGamer has 15 seconds left.
|inactive|OceanicGamer has 10 seconds left.
|
|t:|1783198792
|switch|p1a: Scovillain|Scovillain, L50, M, shiny|100/100
|move|p1b: Kommo-o|Clangorous Soul|p1b: Kommo-o
|-boost|p1b: Kommo-o|atk|1
|-boost|p1b: Kommo-o|def|1
|-boost|p1b: Kommo-o|spa|1
|-boost|p1b: Kommo-o|spd|1
|-boost|p1b: Kommo-o|spe|1
|-damage|p1b: Kommo-o|67/100
|move|p2a: Rotom|Electroweb|p1b: Kommo-o|[spread] p1a,p1b
|-resisted|p1a: Scovillain|1
|-resisted|p1b: Kommo-o|1
|-damage|p1a: Scovillain|91/100
|-damage|p1b: Kommo-o|61/100
|-unboost|p1a: Scovillain|spe|1
|-unboost|p1b: Kommo-o|spe|1
|move|p2b: Tyranitar|Knock Off|p1b: Kommo-o
|-resisted|p1b: Kommo-o|1
|-damage|p1b: Kommo-o|41/100
|-enditem|p1b: Kommo-o|Leftovers|[from] move: Knock Off|[of] p2b: Tyranitar
|
|-weather|Sandstorm|[upkeep]
|-damage|p1b: Kommo-o|35/100|[from] Sandstorm
|-damage|p2a: Rotom|81/100|[from] Sandstorm
|-damage|p1a: Scovillain|85/100|[from] Sandstorm
|-ability|p1a: Scovillain|Moody|boost
|-boost|p1a: Scovillain|spd|2
|-unboost|p1a: Scovillain|spa|1
|upkeep
|turn|3
|c|☆OceanicGamer|not the moody
|inactive|Chatter Mane has 30 seconds left.
|inactive|OceanicGamer has 30 seconds left.
|c| slitherwingfan6|W moody spa drop
|inactive|Chatter Mane has 20 seconds left.
|inactive|Chatter Mane has 15 seconds left.
|inactive|OceanicGamer has 20 seconds left.
|inactive|Chatter Mane has 10 seconds left.
|
|t:|1783198837
|move|p2b: Tyranitar|Protect|p2b: Tyranitar
|-singleturn|p2b: Tyranitar|Protect
|move|p1b: Kommo-o|Clanging Scales|p2a: Rotom|[spread] p2a
|-activate|p2b: Tyranitar|move: Protect
|-damage|p2a: Rotom|28/100
|-enditem|p2a: Rotom|Sitrus Berry|[eat]
|-heal|p2a: Rotom|52/100|[from] item: Sitrus Berry
|-unboost|p1b: Kommo-o|def|1
|move|p2a: Rotom|Electroweb|p1b: Kommo-o|[spread] p1a,p1b
|-resisted|p1a: Scovillain|1
|-resisted|p1b: Kommo-o|1
|-damage|p1a: Scovillain|81/100
|-damage|p1b: Kommo-o|30/100
|-unboost|p1a: Scovillain|spe|1
|-unboost|p1b: Kommo-o|spe|1
|move|p1a: Scovillain|Overheat|p2a: Rotom
|-supereffective|p2a: Rotom|1
|-damage|p2a: Rotom|0 fnt
|-unboost|p1a: Scovillain|spa|2
|faint|p2a: Rotom
|
|-weather|Sandstorm|[upkeep]
|-damage|p1b: Kommo-o|23/100|[from] Sandstorm
|-damage|p1a: Scovillain|75/100|[from] Sandstorm
|-ability|p1a: Scovillain|Moody|boost
|-boost|p1a: Scovillain|atk|2
|-unboost|p1a: Scovillain|def|1
|upkeep
|
|t:|1783198861
|switch|p2a: Talonflame|Talonflame, L50, M, shiny|100/100
|turn|4
|
|t:|1783198871
|detailschange|p1a: Scovillain|Scovillain-Mega, L50, M, shiny
|-mega|p1a: Scovillain|Scovillain|Scovillainite
|move|p1a: Scovillain|Rage Powder|p1a: Scovillain
|-singleturn|p1a: Scovillain|move: Rage Powder
|move|p2a: Talonflame|Brave Bird|p1a: Scovillain
|-supereffective|p1a: Scovillain|1
|-damage|p1a: Scovillain|0 fnt
|-immune|p2a: Talonflame
|faint|p1a: Scovillain
|-damage|p2a: Talonflame|72/100|[from] Recoil
|-damage|p2a: Talonflame|62/100|[from] item: Life Orb
|move|p1b: Kommo-o|Clanging Scales|p2b: Tyranitar|[spread] p2a,p2b
|-crit|p2a: Talonflame
|-damage|p2a: Talonflame|0 fnt
|-damage|p2b: Tyranitar|0 fnt
|faint|p2a: Talonflame
|faint|p2b: Tyranitar
|-unboost|p1b: Kommo-o|def|1
|
|-weather|Sandstorm|[upkeep]
|-damage|p1b: Kommo-o|17/100|[from] Sandstorm
|upkeep
|
|t:|1783198885
|switch|p1a: Rotom|Rotom-Wash, L50, shiny|94/100
|switch|p2b: Excadrill|Excadrill, L50, F, shiny|100/100
|turn|5
|c|☆OceanicGamer|welp
|c|☆OceanicGamer|ggs lol
|c|☆OceanicGamer|wish i had rock slide
|c| slitherwingfan6|don't say that
|c| slitherwingfan6|when there's a will there's a way
|
|t:|1783198904
|move|p2b: Excadrill|Iron Head|p1b: Kommo-o
|-damage|p1b: Kommo-o|0 fnt
|faint|p1b: Kommo-o
|move|p1a: Rotom|Trick|p2b: Excadrill
|-activate|p1a: Rotom|move: Trick|[of] p2b: Excadrill
|-item|p2b: Excadrill|Choice Scarf|[from] move: Trick
|-item|p1a: Rotom|Focus Sash|[from] move: Trick
|
|-weather|none
|upkeep
|turn|6
|c| slitherwingfan6|15 hydro pump misses
|
|t:|1783198912
|move|p2b: Excadrill|Iron Head|p1a: Rotom
|-resisted|p1a: Rotom|2
|-damage|p1a: Rotom|80/100
|move|p1a: Rotom|Hydro Pump|p2b: Excadrill
|-supereffective|p2b: Excadrill|1
|-damage|p2b: Excadrill|0 fnt
|faint|p2b: Excadrill
|
|win|Chatter Mane
|c|☆OceanicGamer|rip
||Chatter Mane is ready for game 2.
|c| slitherwingfan6|LMAO
|c| slitherwingfan6|rip
||OceanicGamer is ready for game 2.
|uhtml|next|Next: Game 2 of 3
|l|☆Chatter Mane
|player|p1|
|l| slitherwingfan6
