|j|‽Moitamo
|j|☆viatles
|html|Moitamoviatles    
|uhtml|bestof|Game 2 of a best-of-3
|t:|1756280820
|gametype|doubles
|player|p1|Moitamo|flint|1132
|player|p2|viatles|hiker|1016
|gen|9
|tier|[Gen 9] VGC 2025 Reg H (Bo3)
|rated|
|rule|Species Clause: Limit one of each Pokémon
|rule|Item Clause: Limit 1 of each item
|clearpoke
|poke|p1|Amoonguss, L50, F|
|poke|p1|Metagross, L50|
|poke|p1|Annihilape, L50, M|
|poke|p1|Gothitelle, L50, M|
|poke|p1|Politoed, L50, M|
|poke|p1|Salamence, L50, F|
|poke|p2|Oricorio-Sensu, L50, M|
|poke|p2|Volcarona, L50, F|
|poke|p2|Sylveon, L50, F|
|poke|p2|Murkrow, L50, M|
|poke|p2|Dragapult, L50, F|
|poke|p2|Baxcalibur, L50, M|
|teampreview|4
|showteam|p1|Amoonguss||EjectButton|Regenerator|Spore,PollenPuff,Protect,RagePowder|||F|||50|,,,,,Water]Metagross||WeaknessPolicy|ClearBody|Earthquake,Bulldoze,PsychicFangs,Protect||||||50|,,,,,Water]Annihilape||ChoiceScarf|Defiant|CloseCombat,FinalGambit,PhantomForce,Uturn|||M|||50|,,,,,Grass]Gothitelle||SitrusBerry|ShadowTag|Psychic,Protect,FakeOut,TrickRoom|||M|||50|,,,,,Dark]Politoed||SafetyGoggles|Drizzle|Protect,WeatherBall,PerishSong,Encore|||M|||50|,,,,,Grass]Salamence||CovertCloak|Intimidate|Tailwind,DragonPulse,Bulldoze,Protect|||F|||50|,,,,,Steel
|showteam|p2|Oricorio-Sensu||FocusSash|Dancer|QuiverDance,BatonPass,RevelationDance,Protect|||M|||50|,,,,,Fighting]Volcarona||SitrusBerry|FlameBody|QuiverDance,GigaDrain,FieryDance,Protect|||F|||50|,,,,,Grass]Sylveon||ChoiceScarf|Pixilate|HyperVoice,TeraBlast,StoredPower,SleepTalk|||F|||50|,,,,,Ground]Murkrow||Eviolite|Prankster|Tailwind,FoulPlay,Haze,FeatherDance|||M|||50|,,,,,Dark]Dragapult||CovertCloak|ClearBody|DragonCheer,DragonDarts,Protect,PhantomForce|||F|||50|,,,,,Stellar]Baxcalibur||LoadedDice|ThermalExchange|IcicleSpear,ScaleShot,GlaiveRush,Protect|||M|||50|,,,,,Grass
|inactive|Battle timer is ON: inactive players will automatically lose when time's up. (requested by viatles)
|
|t:|1756280829
|teamsize|p1|4
|teamsize|p2|4
|start
|switch|p1a: Amoonguss|Amoonguss, L50, F|100/100
|switch|p1b: Metagross|Metagross, L50|100/100
|switch|p2a: Oricorio|Oricorio-Sensu, L50, M|100/100
|switch|p2b: Volcarona|Volcarona, L50, F|100/100
|turn|1
|
|t:|1756280847
|switch|p1a: Politoed|Politoed, L50, M|100/100
|-weather|RainDance|[from] ability: Drizzle|[of] p1a: Politoed
|-terastallize|p2b: Volcarona|Grass
|move|p2a: Oricorio|Quiver Dance|p2a: Oricorio
|-boost|p2a: Oricorio|spa|1
|-boost|p2a: Oricorio|spd|1
|-boost|p2a: Oricorio|spe|1
|move|p2b: Volcarona|Giga Drain|p1a: Politoed
|-supereffective|p1a: Politoed
|-damage|p1a: Politoed|45/100
|move|p1b: Metagross|Psychic Fangs|p2b: Volcarona
|-damage|p2b: Volcarona|48/100
|-status|p1b: Metagross|brn|[from] ability: Flame Body|[of] p2b: Volcarona
|-enditem|p2b: Volcarona|Sitrus Berry|[eat]
|-heal|p2b: Volcarona|73/100|[from] item: Sitrus Berry
|
|-weather|RainDance|[upkeep]
|-damage|p1b: Metagross|94/100 brn|[from] brn
|upkeep
|turn|2
|inactive|viatles has 30 seconds left.
|
|t:|1756280874
|move|p1a: Politoed|Protect|p1a: Politoed
|-singleturn|p1a: Politoed|Protect
|move|p2a: Oricorio|Revelation Dance|p1b: Metagross
|-supereffective|p1b: Metagross
|-damage|p1b: Metagross|0 fnt
|faint|p1b: Metagross
|move|p2b: Volcarona|Quiver Dance|p2b: Volcarona
|-boost|p2b: Volcarona|spa|1
|-boost|p2b: Volcarona|spd|1
|-boost|p2b: Volcarona|spe|1
|-activate|p2a: Oricorio|ability: Dancer
|move|p2a: Oricorio|Quiver Dance|p2a: Oricorio|[from] ability: Dancer
|-boost|p2a: Oricorio|spa|1
|-boost|p2a: Oricorio|spd|1
|-boost|p2a: Oricorio|spe|1
|
|-weather|RainDance|[upkeep]
|upkeep
|-message|Moitamo forfeited.
|
|win|viatles
|l|‽Moitamo
|player|p1|
||Moitamo is ready for game 3.
||viatles is ready for game 3.
|uhtml|next|Next: Game 3 of 3
