|j|☆no_dupes
|j|☆Beeetch
|html|no_dupesBeeetch    
|uhtml|bestof|Game 1 of a best-of-3
|t:|1757119447
|gametype|doubles
|player|p1|no_dupes|brock-gen2|1298
|player|p2|Beeetch|beauty-gen4dp|1304
|gen|9
|tier|[Gen 9] VGC 2025 Reg H (Bo3)
|rated|
|rule|Species Clause: Limit one of each Pokémon
|rule|Item Clause: Limit 1 of each item
|clearpoke
|poke|p1|Sneasler, L50, M|
|poke|p1|Indeedee, L50, M|
|poke|p1|Volcarona, L50, F|
|poke|p1|Ursaluna-Bloodmoon, L50, M|
|poke|p1|Annihilape, L50, F|
|poke|p1|Tyranitar, L50, M|
|poke|p2|Excadrill, L50, M|
|poke|p2|Tyranitar, L50, M|
|poke|p2|Sneasler, L50, F|
|poke|p2|Indeedee, L50, M|
|poke|p2|Corviknight, L50, M|
|poke|p2|Annihilape, L50, F|
|teampreview|4
|showteam|p1|Sneasler||PsychicSeed|Unburden|CloseCombat,DireClaw,ThroatChop,Protect|||M|||50|,,,,,Dark]Indeedee||ChoiceScarf|PsychicSurge|ExpandingForce,TeraBlast,Trick,Protect|||M|||50|,,,,,Psychic]Volcarona||SitrusBerry|FlameBody|Overheat,StruggleBug,RagePowder,Tailwind|||F|||50|,,,,,Grass]Ursaluna-Bloodmoon||LifeOrb|MindsEye|BloodMoon,HyperVoice,EarthPower,Protect|||M|||50|,,,,,Normal]Annihilape||SafetyGoggles|Defiant|CloseCombat,RageFist,Taunt,FinalGambit|||F|||50|,,,,,Fairy]Tyranitar||AssaultVest|SandStream|RockSlide,KnockOff,TeraBlast,LowKick|||M|||50|,,,,,Flying
|showteam|p2|Excadrill||FocusSash|SandRush|IronHead,HighHorsepower,Earthquake,Protect|||M|||50|,,,,,Stellar]Tyranitar||AssaultVest|SandStream|RockSlide,KnockOff,TeraBlast,LowKick|||M|||50|,,,,,Flying]Sneasler||PsychicSeed|Unburden|DireClaw,CloseCombat,ThroatChop,Protect|||F|||50|,,,,,Dark]Indeedee||ChoiceScarf|PsychicSurge|ExpandingForce,TeraBlast,Protect,Trick|||M|||50|,,,,,Psychic]Corviknight||Leftovers|MirrorArmor|BraveBird,BulkUp,Roost,Tailwind|||M|||50|,,,,,Dragon]Annihilape||SafetyGoggles|Defiant|CloseCombat,FinalGambit,RageFist,Taunt|||F|||50|,,,,,Water
|inactive|Battle timer is ON: inactive players will automatically lose when time's up. (requested by Beeetch)
|
|t:|1757119529
|teamsize|p1|4
|teamsize|p2|4
|start
|switch|p1a: Caesar|Annihilape, L50, F, shiny|100/100
|switch|p1b: Sneasler|Sneasler, L50, M, shiny|100/100
|switch|p2a: Tyranitar|Tyranitar, L50, M, shiny|100/100
|switch|p2b: Excadrill|Excadrill, L50, M, shiny|100/100
|-weather|Sandstorm|[from] ability: Sand Stream|[of] p2a: Tyranitar
|turn|1
|inactive|Beeetch has 30 seconds left.
|
|t:|1757119559
|switch|p2a: Corviknight|Corviknight, L50, M|100/100
|-terastallize|p2b: Excadrill|Stellar
|-terastallize|p1b: Sneasler|Dark
|move|p2b: Excadrill|Earthquake|p1b: Sneasler|[spread] p1a,p1b
|-immune|p2a: Corviknight
|-damage|p1a: Caesar|48/100
|-damage|p1b: Sneasler|11/100
|move|p1b: Sneasler|Throat Chop|p2b: Excadrill
|-damage|p2b: Excadrill|37/100
|-start|p2b: Excadrill|Throat Chop|[silent]
|move|p1a: Caesar|Final Gambit|p2a: Corviknight
|-damage|p2a: Corviknight|49/100
|faint|p1a: Caesar
|
|-weather|Sandstorm|[upkeep]
|-damage|p1b: Sneasler|6/100|[from] Sandstorm
|-heal|p2a: Corviknight|55/100|[from] item: Leftovers
|upkeep
|
|t:|1757119562
|switch|p1a: Indeedee|Indeedee, L50, M|100/100
|-fieldstart|move: Psychic Terrain|[from] ability: Psychic Surge|[of] p1a: Indeedee
|-enditem|p1b: Sneasler|Psychic Seed
|-boost|p1b: Sneasler|spd|1|[from] item: Psychic Seed
|turn|2
|
|t:|1757119581
|move|p2b: Excadrill|Protect|p2b: Excadrill
|-singleturn|p2b: Excadrill|Protect
|move|p1b: Sneasler|Close Combat|p2a: Corviknight
|-damage|p2a: Corviknight|0 fnt
|-unboost|p1b: Sneasler|def|1
|-unboost|p1b: Sneasler|spd|1
|faint|p2a: Corviknight
|move|p1a: Indeedee|Expanding Force|p2b: Excadrill
|-activate|p2b: Excadrill|move: Protect
|
|-weather|Sandstorm|[upkeep]
|-damage|p1b: Sneasler|0 fnt|[from] Sandstorm
|-damage|p1a: Indeedee|95/100|[from] Sandstorm
|faint|p1b: Sneasler
|-end|p2b: Excadrill|Throat Chop|[silent]
|upkeep
|
|t:|1757119598
|switch|p1b: Volcarona|Volcarona, L50, F, shiny|100/100
|switch|p2a: Tyranitar|Tyranitar, L50, M, shiny|100/100
|turn|3
|-message|no_dupes forfeited.
|
|win|Beeetch
