|j|☆uglybeast
|j|☆Capravolante97
|html|uglybeastCapravolante97    
|uhtml|bestof|Game 2 of a best-of-3
|t:|1756414389
|gametype|doubles
|player|p1|uglybeast|lucas|1320
|player|p2|Capravolante97|fantina|1400
|gen|9
|tier|[Gen 9] VGC 2025 Reg H (Bo3)
|rated|
|rule|Species Clause: Limit one of each Pokémon
|rule|Item Clause: Limit 1 of each item
|clearpoke
|poke|p1|Murkrow, L50, M|
|poke|p1|Ursaluna-Bloodmoon, L50, M|
|poke|p1|Sneasler, L50, F|
|poke|p1|Dragapult, L50, F|
|poke|p1|Armarouge, L50, F|
|poke|p1|Indeedee-F, L50, F|
|poke|p2|Whimsicott, L50, F|
|poke|p2|Meowscarada, L50, M|
|poke|p2|Indeedee, L50, M|
|poke|p2|Sneasler, L50, M|
|poke|p2|Ursaluna-Bloodmoon, L50, M|
|poke|p2|Archaludon, L50, F|
|teampreview|4
|showteam|p1|Murkrow||Eviolite|Prankster|Haze,SunnyDay,Tailwind,BraveBird|||M|||50|,,,,,Ghost]Ursaluna-Bloodmoon||LifeOrb|MindsEye|BloodMoon,HyperVoice,Protect,EarthPower|||M|||50|,,,,,Normal]Sneasler||PsychicSeed|Unburden|ThroatChop,DireClaw,CloseCombat,Protect|||F|||50|,,,,,Dark]Dragapult||ChoiceBand|ClearBody|DragonDarts,Outrage,Uturn,PhantomForce|||F|||50|,,,,,Dragon]Armarouge||PowerHerb|FlashFire|HeatWave,MeteorBeam,ExpandingForce,Protect|||F|||50|,,,,,Grass]Indeedee-F||RockyHelmet|PsychicSurge|DazzlingGleam,FollowMe,HelpingHand,TrickRoom|||F|||50|,,,,,Grass
|showteam|p2|Whimsicott||CovertCloak|Prankster|Moonblast,Taunt,Tailwind,FakeTears|||F|||50|,,,,,Water]Meowscarada||ChoiceBand|Protean|FlowerTrick,TripleAxel,Uturn,KnockOff|||M|||50|,,,,,Ghost]Indeedee||FocusSash|PsychicSurge|ExpandingForce,TeraBlast,Imprison,TrickRoom|||M|||50|,,,,,Psychic]Sneasler||PsychicSeed|Unburden|CloseCombat,DireClaw,ThroatChop,Protect|||M|||50|,,,,,Dark]Ursaluna-Bloodmoon||LifeOrb|MindsEye|HyperVoice,BloodMoon,EarthPower,Protect|||M|||50|,,,,,Normal]Archaludon||PowerHerb|Stalwart|ElectroShot,DragonPulse,Thunderbolt,Protect|||F|||50|,,,,,Electric
|inactive|Battle timer is ON: inactive players will automatically lose when time's up. (requested by Capravolante97)
|j| Arkhept
|l| Arkhept
|inactive|uglybeast has 60 seconds left.
|inactive|uglybeast has 30 seconds left.
|inactive|uglybeast has 20 seconds left.
|inactive|uglybeast has 15 seconds left.
|inactive|uglybeast has 10 seconds left.
|inactive|uglybeast has 5 seconds left.
|
|t:|1756414477
|teamsize|p1|4
|teamsize|p2|4
|start
|switch|p1a: Laz|Dragapult, L50, F|100/100
|switch|p1b: Blade|Indeedee-F, L50, F|100/100
|switch|p2a: Indeedee|Indeedee, L50, M|100/100
|switch|p2b: Sneasler|Sneasler, L50, M|100/100
|-fieldstart|move: Psychic Terrain|[from] ability: Psychic Surge|[of] p2a: Indeedee
|-enditem|p2b: Sneasler|Psychic Seed
|-boost|p2b: Sneasler|spd|1|[from] item: Psychic Seed
|turn|1
|inactive|Capravolante97 has 30 seconds left.
|
|t:|1756414506
|-terastallize|p1a: Laz|Dragon
|-terastallize|p2a: Indeedee|Psychic
|move|p1b: Blade|Follow Me|p1b: Blade
|-singleturn|p1b: Blade|move: Follow Me
|move|p2b: Sneasler|Throat Chop|p1b: Blade
|-supereffective|p1b: Blade
|-damage|p1b: Blade|39/100
|-start|p1b: Blade|Throat Chop|[silent]
|-damage|p2b: Sneasler|84/100|[from] item: Rocky Helmet|[of] p1b: Blade
|move|p1a: Laz|Dragon Darts|p2b: Sneasler
|-damage|p2b: Sneasler|0 fnt
|-anim|p1a: Laz|Dragon Darts|p2a: Indeedee
|-enditem|p2a: Indeedee|Focus Sash
|-damage|p2a: Indeedee|1/100
|faint|p2b: Sneasler
|move|p2a: Indeedee|Expanding Force|p1b: Blade|[spread] p1a,p1b
|-resisted|p1b: Blade
|-damage|p1a: Laz|4/100
|-damage|p1b: Blade|6/100
|
|upkeep
|
|t:|1756414526
|switch|p2b: Ursaluna|Ursaluna-Bloodmoon, L50, M|100/100
|turn|2
|
|t:|1756414542
|move|p1b: Blade|Helping Hand|p1a: Laz
|-singleturn|p1a: Laz|Helping Hand|[of] p1b: Blade
|move|p1a: Laz|Dragon Darts|p2b: Ursaluna
|-damage|p2b: Ursaluna|36/100
|-anim|p1a: Laz|Dragon Darts|p2a: Indeedee
|-damage|p2a: Indeedee|0 fnt
|faint|p2a: Indeedee
|move|p2b: Ursaluna|Hyper Voice|p1b: Blade|[spread] p1a,p1b
|-damage|p1a: Laz|0 fnt
|-damage|p1b: Blade|0 fnt
|faint|p1a: Laz
|faint|p1b: Blade
|-damage|p2b: Ursaluna|26/100|[from] item: Life Orb
|
|upkeep
|
|t:|1756414549
|switch|p1a: Anagnoman|Sneasler, L50, F|100/100
|switch|p2a: Meowscarada|Meowscarada, L50, M|100/100
|switch|p1b: Giandam|Armarouge, L50, F|100/100
|-enditem|p1a: Anagnoman|Psychic Seed
|-boost|p1a: Anagnoman|spd|1|[from] item: Psychic Seed
|turn|3
|inactive|uglybeast has 30 seconds left.
|inactive|uglybeast has 20 seconds left.
|inactive|uglybeast has 15 seconds left.
|
|t:|1756414590
|move|p1b: Giandam|Protect|p1b: Giandam
|-singleturn|p1b: Giandam|Protect
|move|p2b: Ursaluna|Protect|p2b: Ursaluna
|-singleturn|p2b: Ursaluna|Protect
|move|p1a: Anagnoman|Dire Claw|p2a: Meowscarada
|-supereffective|p2a: Meowscarada
|-damage|p2a: Meowscarada|0 fnt
|faint|p2a: Meowscarada
|
|upkeep
|turn|4
|-message|Capravolante97 forfeited.
|
|win|uglybeast
|raw|uglybeast's rating: 1320 → 1345(+25 for winning)
|raw|Capravolante97's rating: 1400 → 1375(-25 for losing)
|l|☆Capravolante97
|player|p2|
