|j|☆MizzleWaterCooler
|j|☆belinvgc
|html|MizzleWaterCoolerbelinvgc    
|uhtml|bestof|Game 1 of a best-of-3
|t:|1756256729
|gametype|doubles
|player|p1|MizzleWaterCooler|brycen|1127
|player|p2|belinvgc|170|1205
|gen|9
|tier|[Gen 9] VGC 2025 Reg H (Bo3)
|rated|
|rule|Species Clause: Limit one of each Pokémon
|rule|Item Clause: Limit 1 of each item
|clearpoke
|poke|p1|Whimsicott, L50, F|
|poke|p1|Ursaluna-Bloodmoon, L50, M|
|poke|p1|Archaludon, L50, F|
|poke|p1|Flamigo, L50, F|
|poke|p1|Typhlosion-Hisui, L50, F|
|poke|p1|Rillaboom, L50, F|
|poke|p2|Ursaluna-Bloodmoon, L50, M|
|poke|p2|Sinistcha, L50|
|poke|p2|Rillaboom, L50, F|
|poke|p2|Incineroar, L50, F|
|poke|p2|Sneasler, L50, F|
|poke|p2|Kingambit, L50, M|
|teampreview|4
|showteam|p1|Whimsicott||CovertCloak|Prankster|Moonblast,Tailwind,Encore,SunnyDay|||F|||50|,,,,,Water]Ursaluna-Bloodmoon||LifeOrb|MindsEye|HyperVoice,BloodMoon,EarthPower,Protect|||M|||50|,,,,,Normal]Archaludon||PowerHerb|Sturdy|FlashCannon,DracoMeteor,ElectroShot,Protect|||F|||50|,,,,,Stellar]Flamigo||FocusSash|Scrappy|CloseCombat,WideGuard,DualWingbeat,Detect|||F|||50|,,,,,Ghost]Typhlosion-Hisui||ChoiceSpecs|Blaze|Eruption,HeatWave,Overheat,ShadowBall|||F|||50|,,,,,Fire]Rillaboom||AssaultVest|GrassySurge|GrassyGlide,WoodHammer,FakeOut,HighHorsepower|||F|||50|,,,,,Fire
|showteam|p2|Ursaluna-Bloodmoon||Leftovers|MindsEye|BloodMoon,EarthPower,CalmMind,Protect|||M|||50|,,,,,Water]Sinistcha||SitrusBerry|Hospitality|MatchaGotcha,RagePowder,LifeDew,TrickRoom||||||50|,,,,,Water]Rillaboom||AssaultVest|GrassySurge|GrassyGlide,DrumBeating,Uturn,FakeOut|||F|||50|,,,,,Fire]Incineroar||FigyBerry|Intimidate|FlareBlitz,KnockOff,PartingShot,FakeOut|||F|||50|,,,,,Grass]Sneasler||GrassySeed|Unburden|DireClaw,CloseCombat,Taunt,Protect|||F|||50|,,,,,Stellar]Kingambit||SafetyGoggles|Defiant|KowtowCleave,SuckerPunch,SwordsDance,Protect|||M|||50|,,,,,Dark
|inactive|Battle timer is ON: inactive players will automatically lose when time's up. (requested by MizzleWaterCooler)
|inactive|MizzleWaterCooler has 60 seconds left.
|inactive|belinvgc has 60 seconds left.
|inactive|belinvgc has 30 seconds left.
|inactive|belinvgc has 20 seconds left.
|inactive|belinvgc has 15 seconds left.
|inactive|belinvgc has 10 seconds left.
|inactive|belinvgc has 5 seconds left.
|
|t:|1756256815
|teamsize|p1|4
|teamsize|p2|4
|start
|switch|p1a: Whimsicott|Whimsicott, L50, F|100/100
|switch|p1b: Flamigo|Flamigo, L50, F|100/100
|switch|p2a: Sneasler|Sneasler, L50, F|100/100
|switch|p2b: Rillaboom|Rillaboom, L50, F, shiny|100/100
|-fieldstart|move: Grassy Terrain|[from] ability: Grassy Surge|[of] p2b: Rillaboom
|-enditem|p2a: Sneasler|Grassy Seed
|-boost|p2a: Sneasler|def|1|[from] item: Grassy Seed
|turn|1
|inactive|MizzleWaterCooler has 30 seconds left.
|inactive|MizzleWaterCooler has 20 seconds left.
|inactive|belinvgc has 30 seconds left.
|inactive|MizzleWaterCooler has 15 seconds left.
|inactive|MizzleWaterCooler has 10 seconds left.
|inactive|belinvgc has 20 seconds left.
|inactive|belinvgc has 15 seconds left.
|
|t:|1756256869
|-terastallize|p1b: Flamigo|Ghost
|move|p1a: Whimsicott|Tailwind|p1a: Whimsicott
|-sidestart|p1: MizzleWaterCooler|move: Tailwind
|move|p2a: Sneasler|Dire Claw|p1a: Whimsicott
|-supereffective|p1a: Whimsicott
|-damage|p1a: Whimsicott|0 fnt
|faint|p1a: Whimsicott
|move|p1b: Flamigo|Dual Wingbeat|p2a: Sneasler
|-supereffective|p2a: Sneasler
|-damage|p2a: Sneasler|54/100
|-supereffective|p2a: Sneasler
|-damage|p2a: Sneasler|12/100
|-hitcount|p2a: Sneasler|2
|move|p2b: Rillaboom|Drum Beating|p1b: Flamigo
|-damage|p1b: Flamigo|16/100
|-unboost|p1b: Flamigo|spe|1
|
|-heal|p2a: Sneasler|18/100|[from] Grassy Terrain
|-heal|p1b: Flamigo|22/100|[from] Grassy Terrain
|upkeep
|
|t:|1756256886
|switch|p1a: Typhlosion|Typhlosion-Hisui, L50, F|100/100
|turn|2
|inactive|belinvgc has 30 seconds left.
|
|t:|1756256915
|-terastallize|p2b: Rillaboom|Fire
|move|p1b: Flamigo|Detect|p1b: Flamigo
|-singleturn|p1b: Flamigo|Protect
|move|p2b: Rillaboom|Grassy Glide|p1b: Flamigo
|-activate|p1b: Flamigo|move: Protect
|move|p2a: Sneasler|Dire Claw|p1a: Typhlosion
|-resisted|p1a: Typhlosion
|-damage|p1a: Typhlosion|67/100
|-status|p1a: Typhlosion|slp
|cant|p1a: Typhlosion|slp
|
|-heal|p2a: Sneasler|24/100|[from] Grassy Terrain
|-heal|p1a: Typhlosion|73/100 slp|[from] Grassy Terrain
|-heal|p1b: Flamigo|28/100|[from] Grassy Terrain
|upkeep
|turn|3
|
|t:|1756256935
|switch|p1b: Rillaboom|Rillaboom, L50, F|100/100
|move|p2a: Sneasler|Dire Claw|p1b: Rillaboom
|-supereffective|p1b: Rillaboom
|-damage|p1b: Rillaboom|5/100
|-status|p1b: Rillaboom|slp
|cant|p1a: Typhlosion|slp
|move|p2b: Rillaboom|Drum Beating|p1a: Typhlosion
|-resisted|p1a: Typhlosion
|-damage|p1a: Typhlosion|32/100 slp
|-unboost|p1a: Typhlosion|spe|1
|
|-heal|p2a: Sneasler|30/100|[from] Grassy Terrain
|-heal|p1b: Rillaboom|11/100 slp|[from] Grassy Terrain
|-heal|p1a: Typhlosion|38/100 slp|[from] Grassy Terrain
|upkeep
|turn|4
|
|t:|1756256952
|move|p2b: Rillaboom|Grassy Glide|p1a: Typhlosion
|-resisted|p1a: Typhlosion
|-damage|p1a: Typhlosion|11/100 slp
|move|p2a: Sneasler|Dire Claw|p1a: Typhlosion
|-resisted|p1a: Typhlosion
|-damage|p1a: Typhlosion|0 fnt
|faint|p1a: Typhlosion
|cant|p1b: Rillaboom|slp
|
|-heal|p2a: Sneasler|37/100|[from] Grassy Terrain
|-heal|p1b: Rillaboom|17/100 slp|[from] Grassy Terrain
|-sideend|p1: MizzleWaterCooler|move: Tailwind
|upkeep
|
|t:|1756256954
|switch|p1a: Flamigo|Flamigo, L50, F, tera:Ghost|28/100
|turn|5
|
|t:|1756256962
|move|p2b: Rillaboom|Grassy Glide|p1b: Rillaboom
|-resisted|p1b: Rillaboom
|-damage|p1b: Rillaboom|0 fnt
|faint|p1b: Rillaboom
|move|p2a: Sneasler|Dire Claw|p1a: Flamigo
|-resisted|p1a: Flamigo
|-damage|p1a: Flamigo|0 fnt
|faint|p1a: Flamigo
|
|win|belinvgc
||belinvgc is ready for game 2.
||MizzleWaterCooler is ready for game 2.
|uhtml|next|Next: Game 2 of 3
|l|☆belinvgc
|player|p2|
