|j|☆HOPE AND DESIRE
|j|☆rouzthunder
|html|HOPE AND DESIRErouzthunder    
|uhtml|bestof|Game 2 of a best-of-3
|t:|1783857728
|gametype|doubles
|player|p1|HOPE AND DESIRE|gambler|1184
|player|p2|rouzthunder|phoebe-masters|1079
|gen|9
|tier|[Gen 9 Champions] VGC 2026 Reg M-B (Bo3)
|rated|
|rule|Species Clause: Limit one of each Pokémon
|rule|Item Clause: Limit 1 of each item
|clearpoke
|poke|p1|Charizard, L50, F|
|poke|p1|Whimsicott, L50, F|
|poke|p1|Garchomp, L50, M|
|poke|p1|Basculegion, L50, M|
|poke|p1|Glimmora, L50, M|
|poke|p1|Kingambit, L50, M|
|poke|p2|Falinks, L50|
|poke|p2|Pelipper, L50, F|
|poke|p2|Archaludon, L50, F|
|poke|p2|Sinistcha, L50|
|poke|p2|Incineroar, L50, F|
|poke|p2|Garchomp, L50, M|
|teampreview|4
|showteam|p1|Charizard||CharizarditeY|Blaze|WeatherBall,HeatWave,SolarBeam,Protect|Modest||F|||50|]Whimsicott||FairyFeather|Prankster|Moonblast,TrickRoom,Encore,Tailwind|Bold||F|||50|]Garchomp||SitrusBerry|RoughSkin|DragonClaw,Earthquake,RockSlide,Protect|Adamant||M|||50|]Basculegion||MysticWater|Adaptability|WaveCrash,AquaJet,LastRespects,Protect|Adamant||M|||50|]Glimmora||FocusSash|ToxicDebris|PowerGem,SludgeBomb,SpikyShield,EarthPower|Modest||M|||50|]Kingambit||ChopleBerry|Defiant|KowtowCleave,SuckerPunch,IronHead,LowKick|Adamant||M|||50|
|showteam|p2|Falinks||Falinksite|Defiant|CloseCombat,NoRetreat,FirstImpression,Protect|Adamant|||||50|]Pelipper||SitrusBerry|Drizzle|Hurricane,WeatherBall,Tailwind,WideGuard|Bold||F|||50|]Archaludon||Leftovers|Stamina|ElectroShot,Protect,DragonPulse,FlashCannon|Modest||F|||50|]Sinistcha||KasibBerry|Hospitality|MatchaGotcha,RagePowder,Protect,TrickRoom|Bold|||||50|]Incineroar||PasshoBerry|Intimidate|FakeOut,PartingShot,FlareBlitz,Protect|Relaxed||F|||50|]Garchomp||LifeOrb|RoughSkin|DragonClaw,Earthquake,Protect,RockSlide|Jolly||M|||50|
|inactive|Battle timer is ON: inactive players will automatically lose when time's up. (requested by HOPE AND DESIRE)
|
|t:|1783857756
|teamsize|p1|4
|teamsize|p2|4
|start
|switch|p1a: Golden Mushroom|Whimsicott, L50, F|100/100
|switch|p1b: Poison Blooper|Glimmora, L50, M|100/100
|switch|p2a: Garchomp|Garchomp, L50, M|100/100
|switch|p2b: Pelipper|Pelipper, L50, F|100/100
|-weather|RainDance|[from] ability: Drizzle|[of] p2b: Pelipper
|turn|1
|
|t:|1783857775
|move|p2a: Garchomp|Earthquake|p1a: Golden Mushroom|[spread] p1a,p1b
|-immune|p2b: Pelipper
|-resisted|p1a: Golden Mushroom|1
|-supereffective|p1b: Poison Blooper|2
|-damage|p1a: Golden Mushroom|74/100
|-enditem|p1b: Poison Blooper|Focus Sash
|-damage|p1b: Poison Blooper|1/100
|-activate|p1b: Poison Blooper|ability: Toxic Debris
|-sidestart|p2: rouzthunder|move: Toxic Spikes
|-damage|p2a: Garchomp|90/100|[from] item: Life Orb
|move|p1b: Poison Blooper|Power Gem|p2b: Pelipper
|-supereffective|p2b: Pelipper|1
|-damage|p2b: Pelipper|0 fnt
|faint|p2b: Pelipper
|move|p1a: Golden Mushroom|Trick Room|p1a: Golden Mushroom
|-fieldstart|move: Trick Room|[of] p1a: Golden Mushroom
|
|-weather|RainDance|[upkeep]
|upkeep
|
|t:|1783857789
|switch|p2b: Falinks|Falinks, L50|100/100
|-status|p2b: Falinks|psn
|turn|2
|
|t:|1783857806
|switch|p1b: SuperStar|Charizard, L50, F|100/100
|detailschange|p2b: Falinks|Falinks-Mega, L50
|-mega|p2b: Falinks|Falinks|Falinksite
|move|p2a: Garchomp|Protect|p2a: Garchomp
|-singleturn|p2a: Garchomp|Protect
|move|p2b: Falinks|First Impression|p1a: Golden Mushroom
|-damage|p1a: Golden Mushroom|39/100
|move|p1a: Golden Mushroom|Encore|p2a: Garchomp
|-activate|p2a: Garchomp|move: Protect
|
|-weather|RainDance|[upkeep]
|-damage|p2b: Falinks|88/100 psn|[from] psn
|upkeep
|turn|3
|
|t:|1783857826
|detailschange|p1b: SuperStar|Charizard-Mega-Y, L50, F
|-mega|p1b: SuperStar|Charizard|Charizardite Y
|-weather|SunnyDay|[from] ability: Drought|[of] p1b: SuperStar
|move|p1a: Golden Mushroom|Encore|p2a: Garchomp
|-start|p2a: Garchomp|Encore
|move|p2a: Garchomp|Protect||[still]
|-fail|p2a: Garchomp
|move|p1b: SuperStar|Heat Wave|p2b: Falinks|[spread] p2a,p2b
|-resisted|p2a: Garchomp|1
|-damage|p2a: Garchomp|56/100
|-damage|p2b: Falinks|0 fnt
|faint|p2b: Falinks
|
|-weather|SunnyDay|[upkeep]
|upkeep
|
|t:|1783857834
|switch|p2b: Incineroar|Incineroar, L50, F|100/100
|-status|p2b: Incineroar|psn
|-ability|p2b: Incineroar|Intimidate|boost
|-unboost|p1a: Golden Mushroom|atk|1
|-unboost|p1b: SuperStar|atk|1
|turn|4
|-message|rouzthunder forfeited.
|
|win|HOPE AND DESIRE
|raw|HOPE AND DESIRE's rating: 1184 → 1202(+18 for winning)
|raw|rouzthunder's rating: 1079 → 1064(-15 for losing)
|c|☆HOPE AND DESIRE|gg
