|j|☆NegaiFreak
|j|☆impassw
|html|NegaiFreakimpassw    
|uhtml|bestof|Game 1 of a best-of-3
|t:|1756302204
|gametype|doubles
|player|p1|NegaiFreak|265|1100
|player|p2|impassw|giovanni|1119
|gen|9
|tier|[Gen 9] VGC 2025 Reg H (Bo3)
|rated|
|rule|Species Clause: Limit one of each Pokémon
|rule|Item Clause: Limit 1 of each item
|clearpoke
|poke|p1|Ceruledge, L50, F|
|poke|p1|Sneasler, L50, F|
|poke|p1|Rillaboom, L50, M|
|poke|p1|Salamence, L50, M|
|poke|p1|Milotic, L50, F|
|poke|p1|Ninetales-Alola, L50, M|
|poke|p2|Typhlosion-Hisui, L50, M|
|poke|p2|Whimsicott, L50, M|
|poke|p2|Ursaluna-Bloodmoon, L50, M|
|poke|p2|Primarina, L50, F|
|poke|p2|Meowscarada, L50, M|
|poke|p2|Farigiraf, L50, M|
|teampreview|4
|showteam|p1|Ceruledge||ClearAmulet|FlashFire|BitterBlade,ShadowSneak,BulkUp,Protect|||F|||50|,,,,,Grass]Sneasler||GrassySeed|Unburden|DireClaw,CloseCombat,Coaching,Protect|||F|||50|,,,,,Stellar]Rillaboom||AssaultVest|GrassySurge|FakeOut,GrassyGlide,WoodHammer,HighHorsepower|||M|||50|,,,,,Fire]Salamence||LifeOrb|Intimidate|AirSlash,DracoMeteor,Tailwind,Protect|||M|||50|,,,,,Steel]Milotic||Leftovers|Competitive|Scald,IceBeam,Haze,Protect|||F|||50|,,,,,Dragon]Ninetales-Alola||FocusSash|SnowWarning|FreezeDry,Moonblast,AuroraVeil,Protect|||M|||50|,,,,,Ice
|showteam|p2|Typhlosion-Hisui||Charcoal|Blaze|Eruption,HeatWave,ShadowBall,Protect|||M|||50|,,,,,Fire]Whimsicott||CovertCloak|Prankster|Tailwind,Moonblast,SunnyDay,Encore|||M|||50|,,,,,Dark]Ursaluna-Bloodmoon||LifeOrb|MindsEye|HyperVoice,BloodMoon,EarthPower,Protect|||M|||50|,,,,,Normal]Primarina||ThroatSpray|LiquidVoice|Moonblast,HyperVoice,Haze,Protect|||F|||50|,,,,,Grass]Meowscarada||FocusSash|Protean|FlowerTrick,KnockOff,Uturn,Protect|||M|||50|,,,,,Grass]Farigiraf||SafetyGoggles|ArmorTail|PsychicNoise,HyperVoice,HelpingHand,TrickRoom|||M|||50|,,,,,Fire
|c|☆NegaiFreak|GLHF
|inactive|Battle timer is ON: inactive players will automatically lose when time's up. (requested by impassw)
|c|☆impassw|u2!
|
|t:|1756302269
|teamsize|p1|4
|teamsize|p2|4
|start
|switch|p1a: Ceruledge|Ceruledge, L50, F, shiny|100/100
|switch|p1b: Sneasler|Sneasler, L50, F|100/100
|switch|p2a: Whimsicott|Whimsicott, L50, M|100/100
|switch|p2b: Farigiraf|Farigiraf, L50, M|100/100
|turn|1
|inactive|impassw has 30 seconds left.
|inactive|impassw has 20 seconds left.
|inactive|impassw has 15 seconds left.
|inactive|impassw has 10 seconds left.
|
|t:|1756302317
|switch|p2a: Typhlosion|Typhlosion-Hisui, L50, M|100/100
|move|p1b: Sneasler|Coaching|p1a: Ceruledge
|-boost|p1a: Ceruledge|atk|1
|-boost|p1a: Ceruledge|def|1
|move|p1a: Ceruledge|Bitter Blade|p2a: Typhlosion
|-resisted|p2a: Typhlosion
|-damage|p2a: Typhlosion|54/100
|move|p2b: Farigiraf|Psychic Noise|p1a: Ceruledge
|-damage|p1a: Ceruledge|74/100
|-start|p1a: Ceruledge|move: Heal Block
|
|upkeep
|turn|2
|inactive|NegaiFreak has 30 seconds left.
|inactive|impassw has 30 seconds left.
|inactive|impassw has 20 seconds left.
|inactive|impassw has 15 seconds left.
|inactive|impassw has 10 seconds left.
|inactive|impassw has 5 seconds left.
|
|t:|1756302370
|move|p1a: Ceruledge|Protect|p1a: Ceruledge
|-singleturn|p1a: Ceruledge|Protect
|move|p1b: Sneasler|Dire Claw|p2b: Farigiraf
|-damage|p2b: Farigiraf|60/100
|-status|p2b: Farigiraf|psn
|move|p2a: Typhlosion|Shadow Ball|p1a: Ceruledge
|-activate|p1a: Ceruledge|move: Protect
|move|p2b: Farigiraf|Hyper Voice|p1b: Sneasler|[spread] p1b
|-activate|p1a: Ceruledge|move: Protect
|-damage|p1b: Sneasler|64/100
|
|-damage|p2b: Farigiraf|48/100 psn|[from] psn
|-end|p1a: Ceruledge|move: Heal Block
|upkeep
|turn|3
|inactive|NegaiFreak has 30 seconds left.
|
|t:|1756302403
|switch|p2b: Whimsicott|Whimsicott, L50, M|100/100
|-terastallize|p1a: Ceruledge|Grass
|move|p1b: Sneasler|Coaching|p1a: Ceruledge
|-boost|p1a: Ceruledge|atk|1
|-boost|p1a: Ceruledge|def|1
|move|p2a: Typhlosion|Shadow Ball|p1a: Ceruledge
|-damage|p1a: Ceruledge|40/100
|move|p1a: Ceruledge|Bitter Blade|p2a: Typhlosion
|-resisted|p2a: Typhlosion
|-damage|p2a: Typhlosion|0 fnt
|-heal|p1a: Ceruledge|63/100|[from] drain|[of] p2a: Typhlosion
|faint|p2a: Typhlosion
|
|upkeep
|inactive|impassw has 30 seconds left.
|-message|impassw forfeited.
|
|win|NegaiFreak
||impassw is ready for game 2.
