|j|☆lets buy packs
|j|☆nicven
|html|lets buy packsnicven    
|uhtml|bestof|Game 1 of a best-of-3
|t:|1783897773
|gametype|doubles
|player|p1|lets buy packs|red-masters3|1192
|player|p2|nicven|ghetsis|1210
|gen|9
|tier|[Gen 9 Champions] VGC 2026 Reg M-B (Bo3)
|rated|
|rule|Species Clause: Limit one of each Pokémon
|rule|Item Clause: Limit 1 of each item
|clearpoke
|poke|p1|Farigiraf, L50, M|
|poke|p1|Incineroar, L50, F|
|poke|p1|Gardevoir, L50, M, shiny|
|poke|p1|Torkoal, L50, F|
|poke|p1|Mudsdale, L50, F|
|poke|p1|Vivillon-Marine, L50, F|
|poke|p2|Charizard, L50, M|
|poke|p2|Whimsicott, L50, M|
|poke|p2|Basculegion, L50, M|
|poke|p2|Garchomp, L50, M|
|poke|p2|Farigiraf, L50, F|
|poke|p2|Mawile, L50, F|
|teampreview|4
|showteam|p1|Farigiraf||ColburBerry|ArmorTail|Psychic,Thunderbolt,TrickRoom,Protect|Sassy||M|||50|]Incineroar||BlackGlasses|Intimidate|FakeOut,PartingShot,FlareBlitz,DarkestLariat|Adamant||F|||50|]Gardevoir||Gardevoirite|Telepathy|HyperVoice,Psychic,TrickRoom,Protect|Quiet||M|||50|]Torkoal||Charcoal|Drought|Eruption,Flamethrower,SolarBeam,Protect|Quiet||F|||50|]Mudsdale||LifeOrb|InnerFocus|Earthquake,HighHorsepower,RockSlide,HeavySlam|Brave||F|||50|]Vivillon-Marine||FocusSash|CompoundEyes|Hurricane,RagePowder,SleepPowder,Protect|Timid||F|||50|
|showteam|p2|Charizard||CharizarditeY|Blaze|HeatWave,SolarBeam,WeatherBall,Protect|Modest||M|||50|]Whimsicott||FocusSash|Prankster|Moonblast,Tailwind,Encore,Protect|Timid||M|||50|]Basculegion||SitrusBerry|Adaptability|WaveCrash,LastRespects,AquaJet,Protect|Adamant||M|||50|]Garchomp||LifeOrb|RoughSkin|Earthquake,DragonClaw,RockSlide,Protect|Jolly||M|||50|]Farigiraf||ColburBerry|ArmorTail|Psychic,HyperVoice,TrickRoom,HelpingHand|Modest||F|||50|]Mawile||Mawilite|HyperCutter|PlayRough,RockSlide,SuckerPunch,Protect|Adamant||F|||50|
|inactive|Battle timer is ON: inactive players will automatically lose when time's up. (requested by lets buy packs)
|
|t:|1783897799
|teamsize|p1|4
|teamsize|p2|4
|start
|switch|p1a: Incineroar|Incineroar, L50, F|100/100
|switch|p1b: Farigiraf|Farigiraf, L50, M|100/100
|switch|p2a: Farigiraf|Farigiraf, L50, F|100/100
|switch|p2b: Charizard|Charizard, L50, M|100/100
|-ability|p1a: Incineroar|Intimidate|boost
|-unboost|p2a: Farigiraf|atk|1
|-unboost|p2b: Charizard|atk|1
|turn|1
|inactive|lets buy packs has 30 seconds left.
|inactive|nicven has 30 seconds left.
|
|t:|1783897825
|detailschange|p2b: Charizard|Charizard-Mega-Y, L50, M
|-mega|p2b: Charizard|Charizard|Charizardite Y
|-weather|SunnyDay|[from] ability: Drought|[of] p2b: Charizard
|move|p2b: Charizard|Heat Wave|p1b: Farigiraf|[spread] p1a,p1b
|-resisted|p1a: Incineroar|1
|-damage|p1a: Incineroar|73/100
|-damage|p1b: Farigiraf|53/100
|move|p2a: Farigiraf|Hyper Voice|p1b: Farigiraf|[spread] p1a,p1b
|-damage|p1a: Incineroar|49/100
|-damage|p1b: Farigiraf|31/100
|move|p1a: Incineroar|Darkest Lariat|p2b: Charizard
|-damage|p2b: Charizard|42/100
|move|p1b: Farigiraf|Thunderbolt|p2b: Charizard
|-supereffective|p2b: Charizard|1
|-damage|p2b: Charizard|2/100
|
|-weather|SunnyDay|[upkeep]
|upkeep
|turn|2
|
|t:|1783897845
|move|p2a: Farigiraf|Helping Hand|p2b: Charizard
|-singleturn|p2b: Charizard|Helping Hand|[of] p2a: Farigiraf
|move|p1b: Farigiraf|Protect|p1b: Farigiraf
|-singleturn|p1b: Farigiraf|Protect
|move|p2b: Charizard|Weather Ball|p1a: Incineroar
|-resisted|p1a: Incineroar|1
|-damage|p1a: Incineroar|0 fnt
|faint|p1a: Incineroar
|
|-weather|SunnyDay|[upkeep]
|upkeep
|
|t:|1783897850
|switch|p1a: Mudsdale|Mudsdale, L50, F|100/100
|turn|3
|
|t:|1783897872
|move|p2b: Charizard|Weather Ball|p1b: Farigiraf
|-damage|p1b: Farigiraf|0 fnt
|faint|p1b: Farigiraf
|move|p2a: Farigiraf|Psychic|p1a: Mudsdale
|-damage|p1a: Mudsdale|66/100
|move|p1a: Mudsdale|Rock Slide|p2b: Charizard|[spread] p2b
|-miss|p1a: Mudsdale|p2a: Farigiraf
|-supereffective|p2b: Charizard|2
|-damage|p2b: Charizard|0 fnt
|faint|p2b: Charizard
|-damage|p1a: Mudsdale|57/100|[from] item: Life Orb
|
|-weather|SunnyDay|[upkeep]
|upkeep
|
|t:|1783897885
|switch|p2b: Garchomp|Garchomp, L50, M|100/100
|switch|p1b: Gardevoir|Gardevoir, L50, M, shiny|100/100
|turn|4
|
|t:|1783897897
|detailschange|p1b: Gardevoir|Gardevoir-Mega, L50, M, shiny
|-mega|p1b: Gardevoir|Gardevoir|Gardevoirite
|move|p2a: Farigiraf|Helping Hand|p2b: Garchomp
|-singleturn|p2b: Garchomp|Helping Hand|[of] p2a: Farigiraf
|move|p2b: Garchomp|Earthquake|p1b: Gardevoir|[spread] p2a,p1a,p1b
|-damage|p2a: Farigiraf|29/100
|-damage|p1a: Mudsdale|0 fnt
|-damage|p1b: Gardevoir|0 fnt
|faint|p1a: Mudsdale
|faint|p1b: Gardevoir
|-damage|p2b: Garchomp|90/100|[from] item: Life Orb
|
|win|nicven
