|j|☆freudianbreath
|j|☆zpoogi
|html|freudianbreathzpoogi    
|uhtml|bestof|Game 1 of a best-of-3
|t:|1756606482
|gametype|doubles
|player|p1|freudianbreath|266|1145
|player|p2|zpoogi|az|1109
|gen|9
|tier|[Gen 9] VGC 2025 Reg H (Bo3)
|rated|
|rule|Species Clause: Limit one of each Pokémon
|rule|Item Clause: Limit 1 of each item
|clearpoke
|poke|p1|Farigiraf, L50, M|
|poke|p1|Rillaboom, L50, F|
|poke|p1|Kingambit, L50, M|
|poke|p1|Dragonite, L50, F|
|poke|p1|Incineroar, L50, M|
|poke|p1|Mismagius, L50, F|
|poke|p2|Volbeat, L50, M|
|poke|p2|Primarina, L50, F|
|poke|p2|Espathra, L50, M|
|poke|p2|Typhlosion-Hisui, L50, F|
|poke|p2|Indeedee-F, L50, F|
|poke|p2|Archaludon, L50, M|
|teampreview|4
|showteam|p1|Farigiraf||ThroatSpray|ArmorTail|HyperVoice,Psyshock,TrickRoom,Protect|||M|||50|,,,,,Fairy]Rillaboom||AssaultVest|GrassySurge|WoodHammer,GrassyGlide,FakeOut,HighHorsepower|||F|||50|,,,,,Fire]Kingambit||SafetyGoggles|Defiant|KowtowCleave,SuckerPunch,Protect,SwordsDance|||M|||50|,,,,,Dark]Dragonite||LoadedDice|Multiscale|Protect,ScaleShot,ExtremeSpeed,StompingTantrum|||F|||50|,,,,,Steel]Incineroar||SitrusBerry|Intimidate|FakeOut,KnockOff,FlareBlitz,WillOWisp|||M|||50|,,,,,Grass]Mismagius||ChoiceSpecs|Levitate|ShadowSneak,ShadowBall,Thunderbolt,DazzlingGleam|||F|||50|,,,,,Electric
|showteam|p2|Volbeat||CobaBerry|Prankster|Encore,SunnyDay,Tailwind,RainDance|||M|||50|,,,,,Dark]Primarina||ChoiceSpecs|LiquidVoice|HyperVoice,WeatherBall,DazzlingGleam,Moonblast|||F|||50|,,,,,Steel]Espathra||FocusSash|SpeedBoost|Protect,LuminaCrash,ExpandingForce,DazzlingGleam|||M|||50|,,,,,Psychic]Typhlosion-Hisui||Charcoal|Blaze|Eruption,Protect,ShadowBall,Flamethrower|||F|||50|,,,,,Fire]Indeedee-F||SafetyGoggles|PsychicSurge|FollowMe,HyperVoice,TrickRoom,Imprison|||F|||50|,,,,,Fairy]Archaludon||PowerHerb|Stamina|Protect,ElectroShot,AuraSphere,DragonPulse|||M|||50|,,,,,Grass
|inactive|Battle timer is ON: inactive players will automatically lose when time's up. (requested by zpoogi)
|inactive|freudianbreath has 60 seconds left.
|inactive|freudianbreath has 30 seconds left.
|inactive|freudianbreath has 20 seconds left.
|inactive|freudianbreath has 15 seconds left.
|inactive|freudianbreath has 10 seconds left.
|inactive|freudianbreath has 5 seconds left.
|
|t:|1756606606
|teamsize|p1|4
|teamsize|p2|4
|start
|switch|p1a: Kingambit|Kingambit, L50, M|100/100
|switch|p1b: Farigiraf|Farigiraf, L50, M|100/100
|switch|p2a: Typhlosion|Typhlosion-Hisui, L50, F|100/100
|switch|p2b: Primarina|Primarina, L50, F|100/100
|turn|1
|inactive|freudianbreath has 30 seconds left.
|inactive|freudianbreath has 20 seconds left.
|inactive|freudianbreath has 15 seconds left.
|inactive|freudianbreath has 10 seconds left.
|
|t:|1756606655
|switch|p2b: Indeedee|Indeedee-F, L50, F|100/100
|-fieldstart|move: Psychic Terrain|[from] ability: Psychic Surge|[of] p2b: Indeedee
|-terastallize|p2a: Typhlosion|Fire
|move|p1a: Kingambit|Protect|p1a: Kingambit
|-singleturn|p1a: Kingambit|Protect
|move|p2a: Typhlosion|Eruption|p1a: Kingambit|[spread] p1b
|-activate|p1a: Kingambit|move: Protect
|-damage|p1b: Farigiraf|24/100
|move|p1b: Farigiraf|Trick Room|p1b: Farigiraf
|-fieldstart|move: Trick Room|[of] p1b: Farigiraf
|
|upkeep
|turn|2
|inactive|freudianbreath has 30 seconds left.
|inactive|freudianbreath has 20 seconds left.
|inactive|freudianbreath has 15 seconds left.
|
|t:|1756606699
|-terastallize|p1a: Kingambit|Dark
|move|p2b: Indeedee|Follow Me|p2b: Indeedee
|-singleturn|p2b: Indeedee|move: Follow Me
|move|p1a: Kingambit|Kowtow Cleave|p2b: Indeedee
|-supereffective|p2b: Indeedee
|-damage|p2b: Indeedee|0 fnt
|faint|p2b: Indeedee
|move|p1b: Farigiraf|Hyper Voice|p2a: Typhlosion
|-damage|p2a: Typhlosion|44/100
|-enditem|p1b: Farigiraf|Throat Spray
|-boost|p1b: Farigiraf|spa|1|[from] item: Throat Spray
|move|p2a: Typhlosion|Eruption|p1a: Kingambit|[spread] p1a,p1b
|-damage|p1a: Kingambit|61/100
|-damage|p1b: Farigiraf|0 fnt
|faint|p1b: Farigiraf
|
|upkeep
|inactive|freudianbreath has 30 seconds left.
|
|t:|1756606731
|switch|p1b: Rillaboom|Rillaboom, L50, F|100/100
|switch|p2b: Primarina|Primarina, L50, F|100/100
|-fieldstart|move: Grassy Terrain|[from] ability: Grassy Surge|[of] p1b: Rillaboom
|turn|3
|inactive|freudianbreath has 30 seconds left.
|inactive|freudianbreath has 20 seconds left.
|inactive|freudianbreath has 15 seconds left.
|
|t:|1756606771
|switch|p2a: Volbeat|Volbeat, L50, M|100/100
|move|p1a: Kingambit|Protect|p1a: Kingambit
|-singleturn|p1a: Kingambit|Protect
|move|p1b: Rillaboom|Grassy Glide|p2b: Primarina
|-supereffective|p2b: Primarina
|-damage|p2b: Primarina|0 fnt
|faint|p2b: Primarina
|
|-heal|p1a: Kingambit|67/100|[from] Grassy Terrain
|upkeep
|-message|zpoogi forfeited.
|
|win|freudianbreath
|l|☆zpoogi
|player|p2|
||zpoogi is ready for game 2.
