|j|☆Dis_Plot
|j|☆KaiserBN1
|html|Dis_PlotKaiserBN1    
|uhtml|bestof|Game 1 of a best-of-3
|t:|1756348197
|gametype|doubles
|player|p1|Dis_Plot|psychicf-gen4|1076
|player|p2|KaiserBN1|n|1000
|gen|9
|tier|[Gen 9] VGC 2025 Reg H (Bo3)
|rated|
|rule|Species Clause: Limit one of each Pokémon
|rule|Item Clause: Limit 1 of each item
|clearpoke
|poke|p1|Dragapult, L50, M|
|poke|p1|Volcarona, L50, M|
|poke|p1|Electabuzz, L50, F|
|poke|p1|Whimsicott, L50, M|
|poke|p1|Sneasler, L50, M|
|poke|p1|Primarina, L50, M|
|poke|p2|Maushold-Four, L50|
|poke|p2|Ursaluna, L50, F|
|poke|p2|Hatterene, L50, F|
|poke|p2|Indeedee-F, L50, F|
|poke|p2|Gallade, L50, M|
|poke|p2|Torkoal, L50, M|
|teampreview|4
|showteam|p1|Dragapult||ChoiceBand|ClearBody|DragonDarts,Outrage,PhantomForce,Uturn|||M|||50|,,,,,Dragon]Volcarona||Leftovers|FlameBody|HeatWave,QuiverDance,Protect,TeraBlast|||M|||50|,,,,,Fairy]Electabuzz||Eviolite|VitalSpirit|FollowMe,Electroweb,Protect,HelpingHand|||F|||50|,,,,,Ghost]Whimsicott||CovertCloak|Prankster|Tailwind,Moonblast,Encore,Taunt|||M|||50|,,,,,Dark]Sneasler||WhiteHerb|Unburden|DireClaw,CloseCombat,FakeOut,Protect|||M|||50|,,,,,Ghost]Primarina||SafetyGoggles|LiquidVoice|HyperVoice,Moonblast,Haze,Protect|||M|||50|,,,,,Poison
|showteam|p2|Maushold-Four||WideLens|Technician|PopulationBomb,FollowMe,Taunt,Protect||||||50|,,,,,Poison]Ursaluna||FlameOrb|Guts|Facade,HeadlongRush,Earthquake,Protect|||F|||50|,,,,,Ghost]Hatterene||CovertCloak|MagicBounce|ExpandingForce,DazzlingGleam,TeraBlast,TrickRoom|||F|||50|,,,,,Fire]Indeedee-F||PsychicSeed|PsychicSurge|FollowMe,HelpingHand,TrickRoom,Psychic|||F|||50|,,,,,Water]Gallade||ClearAmulet|Sharpness|SacredSword,PsychoCut,WideGuard,TrickRoom|||M|||50|,,,,,Grass]Torkoal||ChoiceSpecs|Drought|Eruption,HeatWave,WeatherBall,EarthPower|||M|||50|,,,,,Fire
|inactive|Battle timer is ON: inactive players will automatically lose when time's up. (requested by KaiserBN1)
|inactive|Dis_Plot also wants the timer to be on.
|inactive|Dis_Plot has 60 seconds left.
|inactive|KaiserBN1 has 60 seconds left.
|inactive|KaiserBN1 has 30 seconds left.
|inactive|KaiserBN1 has 20 seconds left.
|inactive|KaiserBN1 has 15 seconds left.
|inactive|KaiserBN1 has 10 seconds left.
|inactive|KaiserBN1 has 5 seconds left.
|
|t:|1756348283
|teamsize|p1|4
|teamsize|p2|4
|start
|switch|p1a: Electabuzz|Electabuzz, L50, F|100/100
|switch|p1b: Primarina|Primarina, L50, M|100/100
|switch|p2a: Indeedee|Indeedee-F, L50, F|100/100
|switch|p2b: Maushold|Maushold-Four, L50|100/100
|-fieldstart|move: Psychic Terrain|[from] ability: Psychic Surge|[of] p2a: Indeedee
|-enditem|p2a: Indeedee|Psychic Seed
|-boost|p2a: Indeedee|spd|1|[from] item: Psychic Seed
|turn|1
|inactive|KaiserBN1 has 30 seconds left.
|inactive|KaiserBN1 has 20 seconds left.
|
|t:|1756348319
|move|p1a: Electabuzz|Protect|p1a: Electabuzz
|-singleturn|p1a: Electabuzz|Protect
|move|p2b: Maushold|Population Bomb|p1b: Primarina
|-damage|p1b: Primarina|84/100
|-damage|p1b: Primarina|69/100
|-damage|p1b: Primarina|53/100
|-damage|p1b: Primarina|37/100
|-damage|p1b: Primarina|22/100
|-damage|p1b: Primarina|6/100
|-damage|p1b: Primarina|0 fnt
|faint|p1b: Primarina
|-hitcount|p1: Primarina|7
|move|p2a: Indeedee|Trick Room|p2a: Indeedee
|-fieldstart|move: Trick Room|[of] p2a: Indeedee
|
|upkeep
|
|t:|1756348333
|switch|p1b: Volcarona|Volcarona, L50, M|100/100
|turn|2
|
|t:|1756348357
|move|p1a: Electabuzz|Helping Hand|p1b: Volcarona
|-singleturn|p1b: Volcarona|Helping Hand|[of] p1a: Electabuzz
|move|p2a: Indeedee|Psychic|p1b: Volcarona
|-damage|p1b: Volcarona|66/100
|move|p1b: Volcarona|Heat Wave|p2b: Maushold|[spread] p2a,p2b
|-crit|p2b: Maushold
|-damage|p2a: Indeedee|64/100
|-damage|p2b: Maushold|0 fnt
|faint|p2b: Maushold
|
|-heal|p1b: Volcarona|72/100|[from] item: Leftovers
|upkeep
|
|t:|1756348367
|switch|p2b: Ursaluna|Ursaluna, L50, F|100/100
|turn|3
|inactive|KaiserBN1 has 30 seconds left.
|inactive|KaiserBN1 has 20 seconds left.
|inactive|KaiserBN1 has 15 seconds left.
|inactive|KaiserBN1 has 10 seconds left.
|inactive|KaiserBN1 has 5 seconds left.
|
|t:|1756348418
|move|p2a: Indeedee|Helping Hand|p2b: Ursaluna
|-singleturn|p2b: Ursaluna|Helping Hand|[of] p2a: Indeedee
|move|p1a: Electabuzz|Helping Hand|p1b: Volcarona
|-singleturn|p1b: Volcarona|Helping Hand|[of] p1a: Electabuzz
|move|p2b: Ursaluna|Headlong Rush|p1a: Electabuzz
|-supereffective|p1a: Electabuzz
|-damage|p1a: Electabuzz|0 fnt
|-unboost|p2b: Ursaluna|def|1
|-unboost|p2b: Ursaluna|spd|1
|faint|p1a: Electabuzz
|move|p1b: Volcarona|Heat Wave|p2b: Ursaluna|[spread] p2a,p2b
|-damage|p2a: Indeedee|30/100
|-damage|p2b: Ursaluna|33/100
|
|-heal|p1b: Volcarona|78/100|[from] item: Leftovers
|-status|p2b: Ursaluna|brn|[from] item: Flame Orb
|upkeep
|
|t:|1756348436
|switch|p1a: Sneasler|Sneasler, L50, M|100/100
|turn|4
|inactive|KaiserBN1 has 30 seconds left.
|
|t:|1756348462
|move|p1b: Volcarona|Protect|p1b: Volcarona
|-singleturn|p1b: Volcarona|Protect
|move|p1a: Sneasler|Protect|p1a: Sneasler
|-singleturn|p1a: Sneasler|Protect
|move|p2a: Indeedee|Follow Me|p2a: Indeedee
|-singleturn|p2a: Indeedee|move: Follow Me
|move|p2b: Ursaluna|Earthquake|p1b: Volcarona|[spread] p2a
|-activate|p1a: Sneasler|move: Protect
|-activate|p1b: Volcarona|move: Protect
|-crit|p2a: Indeedee
|-damage|p2a: Indeedee|0 fnt
|faint|p2a: Indeedee
|
|-heal|p1b: Volcarona|84/100|[from] item: Leftovers
|-damage|p2b: Ursaluna|27/100 brn|[from] brn
|upkeep
|
|t:|1756348476
|switch|p2a: Gallade|Gallade, L50, M|100/100
|turn|5
|inactive|Dis_Plot has 30 seconds left.
|
|t:|1756348501
|-terastallize|p2b: Ursaluna|Ghost
|-terastallize|p1b: Volcarona|Fairy
|move|p2b: Ursaluna|Facade|p1b: Volcarona
|-damage|p1b: Volcarona|0 fnt
|faint|p1b: Volcarona
|move|p2a: Gallade|Psycho Cut|p1a: Sneasler
|-supereffective|p1a: Sneasler
|-crit|p1a: Sneasler
|-damage|p1a: Sneasler|0 fnt
|faint|p1a: Sneasler
|
|win|KaiserBN1
|l|☆Dis_Plot
|player|p1|
|inactive|Dis_Plot has 30 seconds to confirm battle start!
|inactive|KaiserBN1 has 30 seconds to confirm battle start!
||Dis_Plot is ready for game 2.
||KaiserBN1 is ready for game 2.
|uhtml|next|Next: Game 2 of 3
