|j|Ōśåloosecannon69
|j|ŌśåGodther
|html|loosecannon69Godther    
|uhtml|bestof|Game 2 of a best-of-3
|t:|1784098264
|gametype|doubles
|player|p1|loosecannon69|serena|
|player|p2|Godther|dawn|
|gen|9
|tier|[Gen 9 Champions] VGC 2026 Reg M-B (Bo3)
|rule|Species Clause: Limit one of each Pok├®mon
|rule|Item Clause: Limit 1 of each item
|clearpoke
|poke|p1|Charizard, L50, M|
|poke|p1|Whimsicott, L50, F|
|poke|p1|Gholdengo, L50|
|poke|p1|Venusaur, L50, M|
|poke|p1|Incineroar, L50, F|
|poke|p1|Farigiraf, L50, M|
|poke|p2|Ceruledge, L50, M, shiny|
|poke|p2|Raichu, L50, M|
|poke|p2|Zoroark-Hisui, L50, F|
|poke|p2|Tsareena, L50, F|
|poke|p2|Pelipper, L50, M|
|poke|p2|Basculegion, L50, M|
|teampreview|4
|showteam|p1|Charizard||CharizarditeY|SolarPower|HeatWave,WeatherBall,SolarBeam,Protect|Modest||M|||50|]Whimsicott||FocusSash|Prankster|Tailwind,Protect,Encore,Moonblast|Timid||F|||50|]Gholdengo||WideLens|GoodasGold|MakeItRain,Protect,PowerGem,ShadowBall|Modest|||||50|]Venusaur||LifeOrb|Chlorophyll|GigaDrain,SludgeBomb,Protect,EarthPower|Modest||M|||50|]Incineroar||SitrusBerry|Intimidate|FakeOut,FlareBlitz,PartingShot,DarkestLariat|Adamant||F|||50|]Farigiraf||ColburBerry|ArmorTail|Psychic,Thunderbolt,TrickRoom,HelpingHand|Relaxed||M|||50|
|showteam|p2|Ceruledge||ColburBerry|FlashFire|BulkUp,ShadowSneak,BitterBlade,Protect|Adamant||M|||50|]Raichu||RaichuniteY|LightningRod|FakeOut,FocusBlast,ZapCannon,Protect|Timid||M|||50|]Zoroark-Hisui||FocusSash|Illusion|IcyWind,BitterMalice,HyperVoice,Protect|Timid||F|||50|]Tsareena||WideLens|QueenlyMajesty|Taunt,TripleAxel,PowerWhip,Protect|Impish||F|||50|]Pelipper||DampRock|Drizzle|Tailwind,Hurricane,WeatherBall,WideGuard|Modest||M|||50|]Basculegion||ChoiceScarf|Adaptability|AquaJet,WaveCrash,LastRespects,FlipTurn|Adamant||M|||50|
|
|t:|1784098322
|teamsize|p1|4
|teamsize|p2|4
|start
|switch|p1a: Incineroar|Incineroar, L50, F|100/100
|switch|p1b: Farigiraf|Farigiraf, L50, M|100/100
|switch|p2a: Raichu|Raichu, L50, M|100/100
|switch|p2b: Ceruledge|Ceruledge, L50, M, shiny|100/100
|-ability|p1a: Incineroar|Intimidate|boost
|-unboost|p2a: Raichu|atk|1
|-unboost|p2b: Ceruledge|atk|1
|turn|1
|
|t:|1784098359
|switch|p2a: Pelipper|Pelipper, L50, M|100/100
|-weather|RainDance|[from] ability: Drizzle|[of] p2a: Pelipper
|move|p1a: Incineroar|Fake Out|p2a: Pelipper
|-damage|p2a: Pelipper|85/100
|move|p2b: Ceruledge|Hyper Voice|p1a: Incineroar|[spread] p1a,p1b
|-damage|p1a: Incineroar|68/100
|-damage|p1b: Farigiraf|67/100
|move|p1b: Farigiraf|Trick Room|p1b: Farigiraf
|-fieldstart|move: Trick Room|[of] p1b: Farigiraf
|
|-weather|RainDance|[upkeep]
|upkeep
|turn|2
|
|t:|1784098411
|move|p1b: Farigiraf|Thunderbolt|p2a: Pelipper
|-supereffective|p2a: Pelipper|2
|-damage|p2a: Pelipper|0 fnt
|faint|p2a: Pelipper
|move|p1a: Incineroar|Darkest Lariat|p2b: Ceruledge
|-supereffective|p2b: Ceruledge|1
|-crit|p2b: Ceruledge
|-enditem|p2b: Ceruledge|Focus Sash
|-damage|p2b: Ceruledge|1/100
|replace|p2b: Zoroark|Zoroark-Hisui, L50, F
|-end|p2b: Zoroark|Illusion
|move|p2b: Zoroark|Hyper Voice|p1a: Incineroar|[spread] p1a,p1b
|-damage|p1a: Incineroar|35/100
|-damage|p1b: Farigiraf|33/100
|-enditem|p1a: Incineroar|Sitrus Berry|[eat]
|-heal|p1a: Incineroar|60/100|[from] item: Sitrus Berry
|
|-weather|RainDance|[upkeep]
|upkeep
|
|t:|1784098427
|switch|p2a: Raichu|Raichu, L50, M|100/100
|turn|3
|
|t:|1784098457
|switch|p2b: Ceruledge|Ceruledge, L50, M, shiny|100/100
|detailschange|p2a: Raichu|Raichu-Mega-Y, L50, M
|-mega|p2a: Raichu|Raichu|Raichunite Y
|move|p1b: Farigiraf|Psychic|p2a: Raichu
|-damage|p2a: Raichu|53/100
|move|p1a: Incineroar|Darkest Lariat|p2a: Raichu
|-damage|p2a: Raichu|0 fnt
|faint|p2a: Raichu
|
|-weather|RainDance|[upkeep]
|upkeep
|
|t:|1784098459
|switch|p2a: Ceruledge|Ceruledge, L50, M, shiny|1/100
|turn|4
|c|Ōśåloosecannon69|well well well
|c|Ōśåloosecannon69|looks like it's gonna be a 3-1 buddy
|c|ŌśåGodther|You didnt play good I just played bad
|c|Ōśåloosecannon69|lmao
|c|Ōśåloosecannon69|keep crying bro
|c|Ōśåloosecannon69|wahwahwahwahwah
|c|ŌśåGodther|not only that but it would be 2-0 if you werent lucky
|c|Ōśåloosecannon69|bro I hit 1750 in the last reg
|c|ŌśåGodther|I bet you havent ever cracked 1500
|c|Ōśåloosecannon69|lmao
|c|ŌśåGodther|I hit top 15 reg A
|c|Ōśåloosecannon69|good job i guess
|c|Ōśåloosecannon69|I hit 2200 on the ingame ladder as well mate
|c|ŌśåGodther|I dont play champions in game so idk how good that is
|c|Ōśåloosecannon69|gen9championsvgc2026regma	1411	64.4%	1613 ┬▒ 55
|c|Ōśåloosecannon69|this you?
|c|Ōśåloosecannon69|lmao
|c|ŌśåGodther|earlier on
|inactive|Battle timer is ON: inactive players will automatically lose when time's up. (requested by loosecannon69)
|c|ŌśåGodther|I didnt say I finished top 15 bro
|c|ŌśåGodther|genius over here
|inactive|Godther has 60 seconds left.
|inactive|Godther has 30 seconds left.
|inactive|Godther has 20 seconds left.
|c|Ōśåloosecannon69|yeah
|inactive|Godther has 15 seconds left.
|c|Ōśåloosecannon69|gg bro
|inactive|Godther has 10 seconds left.
|inactive|Godther has 5 seconds left.
|
|t:|1784098699
|move|p2b: Ceruledge|Protect|p2b: Ceruledge
|-singleturn|p2b: Ceruledge|Protect
|move|p2a: Ceruledge|Protect|p2a: Ceruledge
|-singleturn|p2a: Ceruledge|Protect
|move|p1b: Farigiraf|Thunderbolt|p2a: Ceruledge
|-activate|p2a: Ceruledge|move: Protect
|move|p1a: Incineroar|Darkest Lariat|p2b: Ceruledge
|-activate|p2b: Ceruledge|move: Protect
|
|-weather|RainDance|[upkeep]
|upkeep
|turn|5
|inactive|loosecannon69 has 30 seconds left.
|inactive|Godther has 30 seconds left.
|inactive|loosecannon69 has 20 seconds left.
|inactive|Godther has 20 seconds left.
|inactive|loosecannon69 has 15 seconds left.
|inactive|Godther has 15 seconds left.
|c|ŌśåGodther|Why arent you above 1500?
|inactive|Godther has 10 seconds left.
|c|Ōśåloosecannon69|because i started late
|
|t:|1784098747
|move|p2b: Ceruledge|Protect||[still]
|-fail|p2b: Ceruledge
|move|p2a: Ceruledge|Protect||[still]
|-fail|p2a: Ceruledge
|move|p1b: Farigiraf|Psychic|p2a: Ceruledge
|-damage|p2a: Ceruledge|0 fnt
|replace|p2a: Zoroark|Zoroark-Hisui, L50, F
|-end|p2a: Zoroark|Illusion
|faint|p2a: Zoroark
|move|p1a: Incineroar|Darkest Lariat|p2b: Ceruledge
|-supereffective|p2b: Ceruledge|1
|-crit|p2b: Ceruledge
|-enditem|p2b: Ceruledge|Colbur Berry|[eat]
|-enditem|p2b: Ceruledge|Colbur Berry|[weaken]
|-damage|p2b: Ceruledge|17/100
|
|-weather|RainDance|[upkeep]
|-fieldend|move: Trick Room
|upkeep
|turn|6
|c|ŌśåGodther|I started late and was, then dropped to use a new team
|c|Ōśåloosecannon69|had some trouble building my homebrew team
|c|ŌśåGodther|you are just bad
|inactive|loosecannon69 has 30 seconds left.
|inactive|Godther has 30 seconds left.
|c|Ōśåloosecannon69|yeah
|inactive|Godther has 20 seconds left.
|c|Ōśåloosecannon69|whatever keeps you asleep at night bud
|inactive|Godther has 15 seconds left.
|inactive|Godther has 10 seconds left.
|
|t:|1784098794
|move|p2b: Ceruledge|Protect|p2b: Ceruledge
|-singleturn|p2b: Ceruledge|Protect
|move|p1a: Incineroar|Darkest Lariat|p2b: Ceruledge
|-activate|p2b: Ceruledge|move: Protect
|move|p1b: Farigiraf|Psychic|p2b: Ceruledge
|-activate|p2b: Ceruledge|move: Protect
|
|-weather|RainDance|[upkeep]
|upkeep
|turn|7
|c|ŌśåGodther|thats not a saying
|inactive|loosecannon69 has 30 seconds left.
|inactive|Godther has 30 seconds left.
|inactive|Godther has 20 seconds left.
|inactive|Godther has 15 seconds left.
|inactive|Godther has 10 seconds left.
|c|ŌśåGodther|cant get 1500 with the best pokemon on your team?
|inactive|Godther has 5 seconds left.
|
|t:|1784098845
|move|p2b: Ceruledge|Protect||[still]
|-fail|p2b: Ceruledge
|move|p1a: Incineroar|Darkest Lariat|p2b: Ceruledge
|-supereffective|p2b: Ceruledge|1
|-damage|p2b: Ceruledge|0 fnt
|faint|p2b: Ceruledge
|
|win|loosecannon69
|c|Ōśåloosecannon69|just shut up bro
|c|ŌśåGodther|its true
|c|ŌśåGodther|I could with scrafty and you cant with charizard?
|c|ŌśåGodther|trouble teambuilding a charizard+venasaur+whimsicott team?
|c|ŌśåGodther|incineroar, special
|c|ŌśåGodther|alright im done wasting our time
|l|Ōśåloosecannon69
|player|p1|
|j|Ōśåloosecannon69
|player|p1|loosecannon69|serena|
|l|Ōśåloosecannon69
|player|p1|
|j|Ōśåloosecannon69
|player|p1|loosecannon69|serena|
