|j|☆HADES055
|j|☆ivanthesaxophonist
|html|HADES055ivanthesaxophonist    
|uhtml|bestof|Game 2 of a best-of-3
|t:|1756510961
|gametype|doubles
|player|p1|HADES055|pokemaniac|1069
|player|p2|ivanthesaxophonist|acetrainer-gen4dp|1113
|gen|9
|tier|[Gen 9] VGC 2025 Reg H (Bo3)
|rated|
|rule|Species Clause: Limit one of each Pokémon
|rule|Item Clause: Limit 1 of each item
|clearpoke
|poke|p1|Charizard, L50, M|
|poke|p1|Torkoal, L50, M|
|poke|p1|Porygon2, L50|
|poke|p1|Incineroar, L50, M|
|poke|p1|Jumpluff, L50, F|
|poke|p1|Ursaluna, L50, F|
|poke|p2|Zoroark-Hisui, L50, F|
|poke|p2|Annihilape, L50, F|
|poke|p2|Archaludon, L50, M|
|poke|p2|Maushold-Four, L50|
|poke|p2|Sinistcha-Masterpiece, L50|
|poke|p2|Milotic, L50, F|
|teampreview|4
|showteam|p1|Charizard||ChoiceSpecs|SolarPower|HeatWave,Overheat,WeatherBall,AirSlash|||M|||50|,,,,,Ghost]Torkoal||EjectPack|Drought|Eruption,Overheat,HelpingHand,Protect|||M|||50|,,,,,Fire]Porygon2||Eviolite|Download|IceBeam,TeraBlast,TrickRoom,Recover||||||50|,,,,,Fighting]Incineroar||SitrusBerry|Intimidate|FlareBlitz,KnockOff,FakeOut,PartingShot|||M|||50|,,,,,Ghost]Jumpluff||CovertCloak|Chlorophyll|SleepPowder,SunnyDay,RagePowder,Tailwind|||F|||50|,,,,,Water]Ursaluna||FlameOrb|Guts|HeadlongRush,Facade,Earthquake,Protect|||F|||50|,,,,,Ghost
|showteam|p2|Zoroark-Hisui||ChoiceSpecs|Illusion|HyperVoice,ShadowBall,TeraBlast,IcyWind|||F|||50|,,,,,Fairy]Annihilape||SafetyGoggles|Defiant|RageFist,CloseCombat,BulkUp,Protect|||F|||50|,,,,,Fire]Archaludon||AssaultVest|Stamina|BodyPress,DragonPulse,ElectroShot,FlashCannon|||M|||50|,,,,,Grass]Maushold-Four||WideLens|Technician|PopulationBomb,FollowMe,Taunt,Protect||||||50|,,,,,Ghost]Sinistcha-Masterpiece||SitrusBerry|Hospitality|MatchaGotcha,LifeDew,RagePowder,ShadowBall||||||50|,,,,,Water]Milotic||Leftovers|Competitive|AlluringVoice,IcyWind,Scald,Protect|||F|||50|,,,,,Grass
|inactive|Battle timer is ON: inactive players will automatically lose when time's up. (requested by HADES055)
|
|t:|1756510986
|teamsize|p1|4
|teamsize|p2|4
|start
|switch|p1a: Torkoal|Torkoal, L50, M|100/100
|switch|p1b: Jumpluff|Jumpluff, L50, F|100/100
|switch|p2a: Annihilape|Annihilape, L50, F|100/100
|switch|p2b: Maushold|Maushold-Four, L50|100/100
|-weather|SunnyDay|[from] ability: Drought|[of] p1a: Torkoal
|turn|1
|inactive|ivanthesaxophonist has 30 seconds left.
|
|t:|1756511014
|-terastallize|p1a: Torkoal|Fire
|move|p2b: Maushold|Protect|p2b: Maushold
|-singleturn|p2b: Maushold|Protect
|move|p1b: Jumpluff|Rage Powder|p1b: Jumpluff
|-singleturn|p1b: Jumpluff|move: Rage Powder
|move|p2a: Annihilape|Rage Fist|p1a: Torkoal
|-damage|p1a: Torkoal|86/100
|move|p1a: Torkoal|Eruption|p2b: Maushold|[spread] p2a
|-activate|p2b: Maushold|move: Protect
|-damage|p2a: Annihilape|28/100
|
|-weather|SunnyDay|[upkeep]
|upkeep
|turn|2
|inactive|ivanthesaxophonist has 30 seconds left.
|inactive|ivanthesaxophonist has 20 seconds left.
|inactive|ivanthesaxophonist has 15 seconds left.
|
|t:|1756511056
|-terastallize|p2a: Annihilape|Fire
|move|p1b: Jumpluff|Tailwind|p1b: Jumpluff
|-sidestart|p1: HADES055|move: Tailwind
|move|p2b: Maushold|Population Bomb|p1b: Jumpluff
|-damage|p1b: Jumpluff|88/100
|-damage|p1b: Jumpluff|75/100
|-damage|p1b: Jumpluff|62/100
|-damage|p1b: Jumpluff|50/100
|-damage|p1b: Jumpluff|36/100
|-damage|p1b: Jumpluff|23/100
|-damage|p1b: Jumpluff|10/100
|-damage|p1b: Jumpluff|0 fnt
|faint|p1b: Jumpluff
|-hitcount|p1: Jumpluff|8
|move|p2a: Annihilape|Close Combat|p1a: Torkoal
|-damage|p1a: Torkoal|51/100
|-unboost|p2a: Annihilape|def|1
|-unboost|p2a: Annihilape|spd|1
|move|p1a: Torkoal|Overheat|p2b: Maushold
|-damage|p2b: Maushold|0 fnt
|-unboost|p1a: Torkoal|spa|2
|faint|p2b: Maushold
|-enditem|p1a: Torkoal|Eject Pack
|
|t:|1756511065
|switch|p1a: Ursaluna|Ursaluna, L50, F|100/100
|
|-weather|SunnyDay|[upkeep]
|-status|p1a: Ursaluna|brn|[from] item: Flame Orb
|upkeep
|
|t:|1756511085
|switch|p2b: Sinistcha|Sinistcha-Masterpiece, L50|100/100
|switch|p1b: Charizard|Charizard, L50, M|100/100
|-heal|p2a: Annihilape|53/100|[from] ability: Hospitality|[of] p2b: Sinistcha
|turn|3
|
|t:|1756511102
|move|p2a: Annihilape|Protect|p2a: Annihilape
|-singleturn|p2a: Annihilape|Protect
|move|p1b: Charizard|Weather Ball|p2b: Sinistcha
|-supereffective|p2b: Sinistcha
|-damage|p2b: Sinistcha|0 fnt
|faint|p2b: Sinistcha
|move|p1a: Ursaluna|Earthquake|p2a: Annihilape|[spread] 
|-activate|p2a: Annihilape|move: Protect
|-immune|p1b: Charizard
|
|-weather|SunnyDay|[upkeep]
|-damage|p1b: Charizard|88/100|[from] ability: Solar Power|[of] p1b: Charizard
|-damage|p1a: Ursaluna|95/100 brn|[from] brn
|upkeep
|
|t:|1756511114
|switch|p2b: Milotic|Milotic, L50, F|100/100
|turn|4
|
|t:|1756511119
|move|p1b: Charizard|Weather Ball|p2a: Annihilape
|-resisted|p2a: Annihilape
|-damage|p2a: Annihilape|0 fnt
|faint|p2a: Annihilape
|move|p1a: Ursaluna|Facade|p2b: Milotic
|-damage|p2b: Milotic|0 fnt
|faint|p2b: Milotic
|
|win|HADES055
||HADES055 is ready for game 3.
||ivanthesaxophonist is ready for game 3.
|uhtml|next|Next: Game 3 of 3
|l|☆HADES055
|player|p1|
