|j|☆viatles
|j|☆Gabros.010
|html|viatlesGabros.010    
|uhtml|bestof|Game 1 of a best-of-3
|t:|1757798029
|gametype|doubles
|player|p1|viatles|hiker|1054
|player|p2|Gabros.010|170|1012
|gen|9
|tier|[Gen 9] VGC 2025 Reg H (Bo3)
|rated|
|rule|Species Clause: Limit one of each Pokémon
|rule|Item Clause: Limit 1 of each item
|clearpoke
|poke|p1|Scizor, L50, M|
|poke|p1|Talonflame, L50, F|
|poke|p1|Rillaboom, L50, M|
|poke|p1|Garchomp, L50, M|
|poke|p1|Kilowattrel, L50, F|
|poke|p1|Garganacl, L50, M|
|poke|p2|Sneasler, L50, M|
|poke|p2|Indeedee, L50, M|
|poke|p2|Ursaluna-Bloodmoon, L50, M|
|poke|p2|Electabuzz, L50, M|
|poke|p2|Incineroar, L50, M|
|poke|p2|Pawmot, L50, M|
|teampreview|4
|showteam|p1|Scizor||LifeOrb|Technician|BulletPunch,BugBite,DualWingbeat,Protect|||M|||50|,,,,,Fire]Talonflame||CovertCloak|GaleWings|DualWingbeat,Tailwind,Taunt,FlareBlitz|||F|||50|,,,,,Flying]Rillaboom||AssaultVest|GrassySurge|FakeOut,GrassyGlide,Uturn,WoodHammer|||M|||50|,,,,,Fairy]Garchomp||ClearAmulet|RoughSkin|IronHead,Earthquake,DragonClaw,Protect|||M|||50|,,,,,Steel]Kilowattrel||FocusSash|Competitive|Discharge,AirSlash,Tailwind,Protect|||F|||50|,,,,,Ghost]Garganacl||Leftovers|PurifyingSalt|SaltCure,Recover,Protect,RockSlide|||M|||50|,,,,,Grass
|showteam|p2|Sneasler||PsychicSeed|Unburden|CloseCombat,DireClaw,ThroatChop,Protect|||M|||50|,,,,,Dark]Indeedee||FocusSash|PsychicSurge|ExpandingForce,TrickRoom,HelpingHand,Protect|||M|||50|,,,,,Psychic]Ursaluna-Bloodmoon||LifeOrb|MindsEye|BloodMoon,HyperVoice,EarthPower,Protect|||M|||50|,,,,,Normal]Electabuzz||Eviolite|VitalSpirit|Electroweb,FollowMe,Taunt,Protect|||M|||50|,,,,,Dragon]Incineroar||SafetyGoggles|Intimidate|FlareBlitz,KnockOff,PartingShot,FakeOut|||M|||50|,,,,,Ghost]Pawmot||LeppaBerry|VoltAbsorb|FakeOut,RevivalBlessing,VoltSwitch,Wish|||M|||50|,,,,,Electric
|inactive|Battle timer is ON: inactive players will automatically lose when time's up. (requested by Gabros.010)
|c|☆viatles|gl hf
|inactive|viatles has 60 seconds left.
|
|t:|1757798064
|teamsize|p1|4
|teamsize|p2|4
|start
|switch|p1a: Kilowattrel|Kilowattrel, L50, F|100/100
|switch|p1b: Garchomp|Garchomp, L50, M|100/100
|switch|p2a: Yung Beef|Sneasler, L50, M, shiny|100/100
|switch|p2b: Hoke|Indeedee, L50, M, shiny|100/100
|-fieldstart|move: Psychic Terrain|[from] ability: Psychic Surge|[of] p2b: Hoke
|-enditem|p2a: Yung Beef|Psychic Seed
|-boost|p2a: Yung Beef|spd|1|[from] item: Psychic Seed
|turn|1
|
|t:|1757798081
|move|p2a: Yung Beef|Dire Claw|p1a: Kilowattrel
|-damage|p1a: Kilowattrel|18/100
|-status|p1a: Kilowattrel|psn
|move|p1a: Kilowattrel|Discharge|p2a: Yung Beef|[spread] p2a,p2b
|-immune|p1b: Garchomp
|-damage|p2a: Yung Beef|77/100
|-damage|p2b: Hoke|63/100
|move|p2b: Hoke|Expanding Force|p1a: Kilowattrel|[spread] p1a,p1b
|-damage|p1a: Kilowattrel|0 fnt
|-damage|p1b: Garchomp|45/100
|faint|p1a: Kilowattrel
|move|p1b: Garchomp|Earthquake|p2a: Yung Beef|[spread] p2a,p2b
|-supereffective|p2a: Yung Beef
|-damage|p2a: Yung Beef|0 fnt
|-damage|p2b: Hoke|0 fnt
|faint|p2a: Yung Beef
|faint|p2b: Hoke
|
|upkeep
|
|t:|1757798099
|switch|p1a: Rillaboom|Rillaboom, L50, M|100/100
|switch|p2a: Quevedo|Ursaluna-Bloodmoon, L50, M|100/100
|switch|p2b: Raul Clyde|Pawmot, L50, M, shiny|100/100
|-fieldstart|move: Grassy Terrain|[from] ability: Grassy Surge|[of] p1a: Rillaboom
|turn|2
|inactive|viatles has 30 seconds left.
|
|t:|1757798127
|-terastallize|p2a: Quevedo|Normal
|move|p2b: Raul Clyde|Fake Out|p1a: Rillaboom
|-damage|p1a: Rillaboom|91/100
|cant|p1a: Rillaboom|flinch
|move|p1b: Garchomp|Dragon Claw|p2a: Quevedo
|-damage|p2a: Quevedo|59/100
|move|p2a: Quevedo|Hyper Voice|p1a: Rillaboom|[spread] p1a,p1b
|-damage|p1a: Rillaboom|39/100
|-damage|p1b: Garchomp|0 fnt
|faint|p1b: Garchomp
|-damage|p2a: Quevedo|50/100|[from] item: Life Orb
|
|-heal|p1a: Rillaboom|45/100|[from] Grassy Terrain
|-heal|p2a: Quevedo|56/100|[from] Grassy Terrain
|upkeep
|
|t:|1757798141
|switch|p1b: Scizor|Scizor, L50, M|100/100
|turn|3
|
|t:|1757798157
|move|p1a: Rillaboom|Grassy Glide|p2b: Raul Clyde
|-damage|p2b: Raul Clyde|45/100
|move|p1b: Scizor|Bullet Punch|p2b: Raul Clyde
|-resisted|p2b: Raul Clyde
|-damage|p2b: Raul Clyde|12/100
|-damage|p1b: Scizor|91/100|[from] item: Life Orb
|move|p2b: Raul Clyde|Revival Blessing|p2b: Raul Clyde
|-enditem|p2b: Raul Clyde|Leppa Berry|[eat]
|-activate|p2b: Raul Clyde|item: Leppa Berry|Revival Blessing|[consumed]
|
|t:|1757798167
|-heal|p2: Yung Beef|50/100|[from] move: Revival Blessing
|move|p2a: Quevedo|Hyper Voice|p1a: Rillaboom|[spread] p1a,p1b
|-resisted|p1b: Scizor
|-damage|p1a: Rillaboom|0 fnt
|-damage|p1b: Scizor|46/100
|faint|p1a: Rillaboom
|-damage|p2a: Quevedo|46/100|[from] item: Life Orb
|
|-heal|p2b: Raul Clyde|18/100|[from] Grassy Terrain
|-heal|p2a: Quevedo|52/100|[from] Grassy Terrain
|-heal|p1b: Scizor|52/100|[from] Grassy Terrain
|upkeep
|turn|4
|
|t:|1757798184
|move|p2b: Raul Clyde|Volt Switch|p1b: Scizor
|-damage|p1b: Scizor|32/100
|
|t:|1757798187
|switch|p2b: Yung Beef|Sneasler, L50, M, shiny|50/100|[from] Volt Switch
|move|p2a: Quevedo|Blood Moon|p1b: Scizor
|-resisted|p1b: Scizor
|-damage|p1b: Scizor|0 fnt
|faint|p1b: Scizor
|-damage|p2a: Quevedo|42/100|[from] item: Life Orb
|
|win|Gabros.010
||Gabros.010 is ready for game 2.
||viatles is ready for game 2.
|uhtml|next|Next: Game 2 of 3
