|j|☆Len0MWG
|j|☆Magicalarcher57
|html|Len0MWGMagicalarcher57    
|uhtml|bestof|Game 2 of a best-of-3
|t:|1783261398
|gametype|doubles
|player|p1|Len0MWG|266|1052
|player|p2|Magicalarcher57|2|1061
|gen|9
|tier|[Gen 9 Champions] VGC 2026 Reg M-B (Bo3)
|rated|
|rule|Species Clause: Limit one of each Pokémon
|rule|Item Clause: Limit 1 of each item
|clearpoke
|poke|p1|Floette-Eternal, L50, F|
|poke|p1|Whimsicott, L50, F|
|poke|p1|Staraptor, L50, M|
|poke|p1|Grimmsnarl, L50, M|
|poke|p1|Garchomp, L50, F|
|poke|p1|Sinistcha-Masterpiece, L50|
|poke|p2|Raichu, L50, F, shiny|
|poke|p2|Garchomp, L50, M, shiny|
|poke|p2|Whimsicott, L50, M, shiny|
|poke|p2|Kingambit, L50, M, shiny|
|poke|p2|Basculegion, L50, M, shiny|
|poke|p2|Charizard, L50, F, shiny|
|teampreview|4
|showteam|p1|Floette-Eternal||Floettite|FlowerVeil|LightofRuin,Protect,CalmMind,DazzlingGleam|Modest||F|||50|]Whimsicott||FocusSash|Prankster|Tailwind,Taunt,Moonblast,Charm|Bold||F|||50|]Staraptor||Staraptite|Intimidate|CloseCombat,DualWingbeat,Protect,Roost|Adamant||M|||50|]Grimmsnarl||LightClay|Prankster|LightScreen,Reflect,PlayRough,PartingShot|Careful||M|||50|]Garchomp||SitrusBerry|RoughSkin|DragonClaw,StompingTantrum,Protect,RockSlide|Adamant||F|||50|]Sinistcha-Masterpiece||Leftovers|Hospitality|LifeDew,RagePowder,MatchaGotcha,ShadowBall|Bold|||||50|
|showteam|p2|Raichu||RaichuniteY|LightningRod|FakeOut,FocusBlast,ZapCannon,Protect|Timid||F|||50|]Garchomp||LifeOrb|RoughSkin|DragonClaw,Earthquake,StompingTantrum,Protect|Jolly||M|||50|]Whimsicott||FocusSash|Prankster|Moonblast,Tailwind,SunnyDay,Encore|Timid||M|||50|]Kingambit||BlackGlasses|Defiant|SuckerPunch,KowtowCleave,IronHead,Protect|Adamant||M|||50|]Basculegion||MysticWater|Adaptability|LastRespects,WaveCrash,Protect,AquaJet|Adamant||M|||50|]Charizard||CharizarditeY|Blaze|WeatherBall,SolarBeam,HeatWave,Protect|Modest||F|||50|
|inactive|Battle timer is ON: inactive players will automatically lose when time's up. (requested by Magicalarcher57)
|
|t:|1783261413
|teamsize|p1|4
|teamsize|p2|4
|start
|switch|p1a: Grimmsnarl|Grimmsnarl, L50, M|100/100
|switch|p1b: Garchomp|Garchomp, L50, F|100/100
|switch|p2a: Garchomp|Garchomp, L50, M, shiny|100/100
|switch|p2b: Whimsicott|Whimsicott, L50, M, shiny|100/100
|turn|1
|
|t:|1783261430
|move|p1a: Grimmsnarl|Reflect|p1a: Grimmsnarl
|-sidestart|p1: Len0MWG|Reflect
|move|p2b: Whimsicott|Moonblast|p1b: Garchomp
|-supereffective|p1b: Garchomp|1
|-damage|p1b: Garchomp|33/100
|-enditem|p1b: Garchomp|Sitrus Berry|[eat]
|-heal|p1b: Garchomp|57/100|[from] item: Sitrus Berry
|move|p2a: Garchomp|Earthquake|p1b: Garchomp|[spread] p2b,p1a,p1b
|-resisted|p2b: Whimsicott|1
|-damage|p2b: Whimsicott|68/100
|-damage|p1a: Grimmsnarl|55/100
|-damage|p1b: Garchomp|29/100
|-damage|p2a: Garchomp|90/100|[from] item: Life Orb
|move|p1b: Garchomp|Dragon Claw|p2a: Garchomp
|-supereffective|p2a: Garchomp|1
|-damage|p2a: Garchomp|0 fnt
|-damage|p1b: Garchomp|17/100|[from] ability: Rough Skin|[of] p2a: Garchomp
|faint|p2a: Garchomp
|
|upkeep
|
|t:|1783261449
|switch|p2a: Charizard|Charizard, L50, F, shiny|100/100
|turn|2
|inactive|Len0MWG has 30 seconds left.
|
|t:|1783261481
|detailschange|p2a: Charizard|Charizard-Mega-Y, L50, F, shiny
|-mega|p2a: Charizard|Charizard|Charizardite Y
|-weather|SunnyDay|[from] ability: Drought|[of] p2a: Charizard
|move|p1b: Garchomp|Protect|p1b: Garchomp
|-singleturn|p1b: Garchomp|Protect
|move|p2b: Whimsicott|Moonblast|p1a: Grimmsnarl
|-supereffective|p1a: Grimmsnarl|1
|-damage|p1a: Grimmsnarl|1/100
|move|p2a: Charizard|Heat Wave|p1a: Grimmsnarl|[spread] p1a
|-activate|p1b: Garchomp|move: Protect
|-damage|p1a: Grimmsnarl|0 fnt
|faint|p1a: Grimmsnarl
|
|-weather|SunnyDay|[upkeep]
|upkeep
|
|t:|1783261497
|switch|p1a: Whimsicott|Whimsicott, L50, F|100/100
|turn|3
|
|t:|1783261503
|move|p2b: Whimsicott|Tailwind|p2b: Whimsicott
|-sidestart|p2: Magicalarcher57|move: Tailwind
|move|p1a: Whimsicott|Tailwind|p1a: Whimsicott
|-sidestart|p1: Len0MWG|move: Tailwind
|move|p2a: Charizard|Heat Wave|p1b: Garchomp|[spread] p1a,p1b
|-supereffective|p1a: Whimsicott|1
|-resisted|p1b: Garchomp|1
|-enditem|p1a: Whimsicott|Focus Sash
|-damage|p1a: Whimsicott|1/100
|-damage|p1b: Garchomp|0 fnt
|faint|p1b: Garchomp
|
|-weather|SunnyDay|[upkeep]
|upkeep
|
|t:|1783261515
|switch|p1b: Staraptor|Staraptor, L50, M|100/100
|-ability|p1b: Staraptor|Intimidate|boost
|-unboost|p2a: Charizard|atk|1
|-unboost|p2b: Whimsicott|atk|1
|turn|4
|
|t:|1783261528
|detailschange|p1b: Staraptor|Staraptor-Mega, L50, M
|-mega|p1b: Staraptor|Staraptor|Staraptite
|move|p1a: Whimsicott|Charm|p1b: Staraptor
|-boost|p1b: Staraptor|atk|2
|move|p2b: Whimsicott|Moonblast|p1b: Staraptor
|-supereffective|p1b: Staraptor|1
|-damage|p1b: Staraptor|29/100
|move|p2a: Charizard|Heat Wave|p1a: Whimsicott|[spread] p1a,p1b
|-supereffective|p1a: Whimsicott|1
|-damage|p1a: Whimsicott|0 fnt
|-damage|p1b: Staraptor|0 fnt
|faint|p1a: Whimsicott
|faint|p1b: Staraptor
|
|win|Magicalarcher57
|raw|Len0MWG's rating: 1052 → 1035(-17 for losing)
|raw|Magicalarcher57's rating: 1061 → 1091(+30 for winning)
