|j|☆aqueousbloop
|j|☆Dametrix
|html|aqueousbloopDametrix    
|uhtml|bestof|Game 1 of a best-of-3
|t:|1756220090
|gametype|doubles
|player|p1|aqueousbloop|101|1164
|player|p2|Dametrix|caitlin|1228
|gen|9
|tier|[Gen 9] VGC 2025 Reg H (Bo3)
|rated|
|rule|Species Clause: Limit one of each Pokémon
|rule|Item Clause: Limit 1 of each item
|clearpoke
|poke|p1|Sneasler, L50, F|
|poke|p1|Basculegion, L50, M|
|poke|p1|Pelipper, L50, M|
|poke|p1|Indeedee-F, L50, F|
|poke|p1|Lurantis, L50, F|
|poke|p1|Hatterene, L50, F|
|poke|p2|Gardevoir, L50, F|
|poke|p2|Indeedee, L50, M|
|poke|p2|Sneasler, L50, M|
|poke|p2|Tyranitar, L50, M|
|poke|p2|Excadrill, L50, M|
|poke|p2|Salamence, L50, F|
|teampreview|4
|showteam|p1|Sneasler||SafetyGoggles|PoisonTouch|ThroatChop,CloseCombat,DireClaw,FakeOut|||F|||50|,,,,,Dark]Basculegion||ChoiceBand|SwiftSwim|FlipTurn,WaveCrash,LastRespects,AquaJet|||M|||50|,,,,,Grass]Pelipper||FocusSash|Drizzle|Hurricane,WeatherBall,WideGuard,Protect|||M|||50|,,,,,Ghost]Indeedee-F||PsychicSeed|PsychicSurge|TrickRoom,FollowMe,HelpingHand,Psychic|||F|||50|,,,,,Fairy]Lurantis||AssaultVest|Contrary|Superpower,LeafBlade,KnockOff,LeechLife|||F|||50|,,,,,Poison]Hatterene||LifeOrb|MagicBounce|TrickRoom,ExpandingForce,DazzlingGleam,Protect|||F|||50|,,,,,Psychic
|showteam|p2|Gardevoir||ChoiceScarf|Telepathy|ExpandingForce,DazzlingGleam,Moonblast,Trick|||F|||50|,,,,,Psychic]Indeedee||FocusSash|PsychicSurge|ExpandingForce,TeraBlast,TrickRoom,Imprison|||M|||50|,,,,,Fighting]Sneasler||PsychicSeed|Unburden|CloseCombat,DireClaw,ThroatChop,Protect|||M|||50|,,,,,Stellar]Tyranitar||AssaultVest|SandStream|RockSlide,KnockOff,LowKick,TeraBlast|||M|||50|,,,,,Flying]Excadrill||ClearAmulet|SandRush|Earthquake,IronHead,HighHorsepower,Protect|||M|||50|,,,,,Ghost]Salamence||SafetyGoggles|Intimidate|DracoMeteor,AirSlash,HeatWave,Protect|||F|||50|,,,,,Fairy
|inactive|Battle timer is ON: inactive players will automatically lose when time's up. (requested by aqueousbloop)
|
|t:|1756220148
|teamsize|p1|4
|teamsize|p2|4
|start
|switch|p1a: Sneasler|Sneasler, L50, F|100/100
|switch|p1b: Lurantis|Lurantis, L50, F|100/100
|switch|p2a: Gardevoir|Gardevoir, L50, F|100/100
|switch|p2b: Sneasler|Sneasler, L50, M|100/100
|turn|1
|inactive|aqueousbloop has 30 seconds left.
|inactive|Dametrix has 30 seconds left.
|inactive|aqueousbloop has 20 seconds left.
|inactive|Dametrix has 20 seconds left.
|
|t:|1756220187
|switch|p2b: Indeedee|Indeedee, L50, M|100/100
|-fieldstart|move: Psychic Terrain|[from] ability: Psychic Surge|[of] p2b: Indeedee
|move|p1a: Sneasler|Fake Out|p2b: Indeedee
|-activate|p2b: Indeedee|move: Psychic Terrain
|move|p2a: Gardevoir|Expanding Force|p1a: Sneasler|[spread] p1a,p1b
|-supereffective|p1a: Sneasler
|-damage|p1a: Sneasler|0 fnt
|-damage|p1b: Lurantis|57/100
|faint|p1a: Sneasler
|move|p1b: Lurantis|Knock Off|p2a: Gardevoir
|-damage|p2a: Gardevoir|42/100
|-enditem|p2a: Gardevoir|Choice Scarf|[from] move: Knock Off|[of] p1b: Lurantis
|
|upkeep
|inactive|aqueousbloop has 30 seconds left.
|
|t:|1756220216
|switch|p1a: Basculegion|Basculegion, L50, M|100/100
|turn|2
|inactive|aqueousbloop has 30 seconds left.
|inactive|aqueousbloop has 20 seconds left.
|inactive|aqueousbloop has 15 seconds left.
|inactive|aqueousbloop has 10 seconds left.
|
|t:|1756220266
|move|p2b: Indeedee|Expanding Force|p1b: Lurantis|[spread] p1a,p1b
|-damage|p1a: Basculegion|42/100
|-damage|p1b: Lurantis|22/100
|move|p2a: Gardevoir|Expanding Force|p1a: Basculegion|[spread] p1a,p1b
|-crit|p1a: Basculegion
|-damage|p1a: Basculegion|0 fnt
|-damage|p1b: Lurantis|0 fnt
|faint|p1a: Basculegion
|faint|p1b: Lurantis
|
|upkeep
|-message|aqueousbloop forfeited.
|
|win|Dametrix
||aqueousbloop is ready for game 2.
||Dametrix is ready for game 2.
|uhtml|next|Next: Game 2 of 3
|l|☆Dametrix
|player|p2|
