|j|☆EnigmaEUW
|j|☆Rodrigo21amz
|html|EnigmaEUWRodrigo21amz    
|uhtml|bestof|Game 1 of a best-of-3
|t:|1756320265
|gametype|doubles
|player|p1|EnigmaEUW|ingo|1034
|player|p2|Rodrigo21amz|volkner|1033
|gen|9
|tier|[Gen 9] VGC 2025 Reg H (Bo3)
|rated|
|rule|Species Clause: Limit one of each Pokémon
|rule|Item Clause: Limit 1 of each item
|clearpoke
|poke|p1|Pelipper, L50, M|
|poke|p1|Archaludon, L50, F|
|poke|p1|Grimmsnarl, L50, M|
|poke|p1|Hydreigon, L50, M|
|poke|p1|Ursaluna, L50, F|
|poke|p1|Amoonguss, L50, M|
|poke|p2|Whimsicott, L50, F|
|poke|p2|Ursaluna-Bloodmoon, L50, M|
|poke|p2|Typhlosion-Hisui, L50, F|
|poke|p2|Sneasler, L50, F|
|poke|p2|Dragapult, L50, F|
|poke|p2|Indeedee, L50, M|
|teampreview|4
|showteam|p1|Pelipper||CovertCloak|Drizzle|WeatherBall,Hurricane,Tailwind,Protect|||M|||50|,,,,,Grass]Archaludon||AssaultVest|Stamina|ElectroShot,BodyPress,DracoMeteor,FlashCannon|||F|||50|,,,,,Bug]Grimmsnarl||LightClay|Prankster|LightScreen,Reflect,ThunderWave,SpiritBreak|||M|||50|,,,,,Ghost]Hydreigon||SafetyGoggles|Levitate|Snarl,DracoMeteor,Tailwind,Protect|||M|||50|,,,,,Poison]Ursaluna||FlameOrb|Guts|Facade,Earthquake,HeadlongRush,Protect|||F|||50|,,,,,Ghost]Amoonguss||SitrusBerry|Regenerator|Spore,RagePowder,PollenPuff,Protect|||M|||50|,,,,,Electric
|showteam|p2|Whimsicott||CovertCloak|Prankster|Tailwind,SunnyDay,Moonblast,Encore|||F|||50|,,,,,Steel]Ursaluna-Bloodmoon||LifeOrb|MindsEye|BloodMoon,HyperVoice,EarthPower,Protect|||M|||50|,,,,,Normal]Typhlosion-Hisui||ChoiceScarf|Blaze|Eruption,ShadowBall,HeatWave,Overheat|||F|||50|,,,,,Fire]Sneasler||PsychicSeed|Unburden|Protect,CloseCombat,DireClaw,ThroatChop|||F|||50|,,,,,Dark]Dragapult||ChoiceBand|ClearBody|DragonDarts,Outrage,Uturn,PhantomForce|||F|||50|,,,,,Dragon]Indeedee||FocusSash|PsychicSurge|ExpandingForce,TeraBlast,HyperVoice,Protect|||M|||50|,,,,,Fighting
|inactive|Battle timer is ON: inactive players will automatically lose when time's up. (requested by EnigmaEUW)
|inactive|EnigmaEUW has 60 seconds left.
|
|t:|1756320300
|teamsize|p1|4
|teamsize|p2|4
|start
|switch|p1a: Grimmsnarl|Grimmsnarl, L50, M|100/100
|switch|p1b: Archaludon|Archaludon, L50, F|100/100
|switch|p2a: Whimsicott|Whimsicott, L50, F|100/100
|switch|p2b: Ursaluna|Ursaluna-Bloodmoon, L50, M|100/100
|turn|1
|
|t:|1756320319
|-terastallize|p2a: Whimsicott|Steel
|-terastallize|p1b: Archaludon|Bug
|move|p1a: Grimmsnarl|Light Screen|p1a: Grimmsnarl
|-sidestart|p1: EnigmaEUW|move: Light Screen
|move|p2a: Whimsicott|Moonblast|p1a: Grimmsnarl
|-supereffective|p1a: Grimmsnarl
|-damage|p1a: Grimmsnarl|58/100
|move|p1b: Archaludon|Flash Cannon|p2a: Whimsicott
|-resisted|p2a: Whimsicott
|-damage|p2a: Whimsicott|69/100
|move|p2b: Ursaluna|Blood Moon|p1a: Grimmsnarl
|-damage|p1a: Grimmsnarl|0 fnt
|faint|p1a: Grimmsnarl
|-damage|p2b: Ursaluna|91/100|[from] item: Life Orb
|
|upkeep
|
|t:|1756320337
|switch|p1a: Pelipper|Pelipper, L50, M|100/100
|-weather|RainDance|[from] ability: Drizzle|[of] p1a: Pelipper
|turn|2
|inactive|Rodrigo21amz has 30 seconds left.
|inactive|EnigmaEUW has 30 seconds left.
|inactive|Rodrigo21amz has 20 seconds left.
|inactive|Rodrigo21amz has 15 seconds left.
|
|t:|1756320378
|move|p2a: Whimsicott|Sunny Day|p2a: Whimsicott
|-weather|SunnyDay
|move|p1b: Archaludon|Body Press|p2a: Whimsicott
|-supereffective|p2a: Whimsicott
|-damage|p2a: Whimsicott|0 fnt
|faint|p2a: Whimsicott
|move|p2b: Ursaluna|Hyper Voice|p1b: Archaludon|[spread] p1a,p1b
|-crit|p1a: Pelipper
|-damage|p1a: Pelipper|0 fnt
|-damage|p1b: Archaludon|77/100
|-ability|p1b: Archaludon|Stamina|boost
|-boost|p1b: Archaludon|def|1
|faint|p1a: Pelipper
|-damage|p2b: Ursaluna|81/100|[from] item: Life Orb
|
|-weather|SunnyDay|[upkeep]
|upkeep
|
|t:|1756320391
|switch|p2a: Typhlosion|Typhlosion-Hisui, L50, F|100/100
|switch|p1a: Ursaluna|Ursaluna, L50, F|100/100
|turn|3
|inactive|EnigmaEUW has 30 seconds left.
|inactive|Rodrigo21amz has 30 seconds left.
|
|t:|1756320424
|move|p2a: Typhlosion|Eruption|p1b: Archaludon|[spread] p1a,p1b
|-supereffective|p1b: Archaludon
|-damage|p1a: Ursaluna|44/100
|-damage|p1b: Archaludon|0 fnt
|faint|p1b: Archaludon
|move|p2b: Ursaluna|Blood Moon|p1a: Ursaluna
|-damage|p1a: Ursaluna|0 fnt
|faint|p1a: Ursaluna
|-damage|p2b: Ursaluna|72/100|[from] item: Life Orb
|
|win|Rodrigo21amz
||EnigmaEUW is ready for game 2.
|inactive|Rodrigo21amz has 30 seconds to confirm battle start!
||Rodrigo21amz is ready for game 2.
|uhtml|next|Next: Game 2 of 3
|l|☆Rodrigo21amz
|player|p2|
