|j|☆pressinblades
|j|☆Sukzre
|html|pressinbladesSukzre    
|uhtml|bestof|Game 2 of a best-of-3
|t:|1782331629
|gametype|doubles
|player|p1|pressinblades|steven|1160
|player|p2|Sukzre|101|1116
|gen|9
|tier|[Gen 9 Champions] VGC 2026 Reg M-B (Bo3)
|rated|
|rule|Species Clause: Limit one of each Pokémon
|rule|Item Clause: Limit 1 of each item
|clearpoke
|poke|p1|Talonflame, L50, M, shiny|
|poke|p1|Garchomp, L50, M, shiny|
|poke|p1|Maushold, L50|
|poke|p1|Gardevoir, L50, F, shiny|
|poke|p1|Pyroar, L50, M|
|poke|p1|Torkoal, L50, M|
|poke|p2|Tyranitar, L50, M|
|poke|p2|Sinistcha, L50|
|poke|p2|Rotom-Wash, L50|
|poke|p2|Excadrill, L50, M|
|poke|p2|Sneasler, L50, M|
|poke|p2|Clefable, L50, F|
|teampreview|4
|showteam|p1|Talonflame||FocusSash|GaleWings|Protect,DualWingbeat,Tailwind,Overheat|Naive||M|||50|]Garchomp||LifeOrb|RoughSkin|Protect,RockSlide,StompingTantrum,DragonClaw|Adamant||M|||50|]Maushold||WideLens|FriendGuard|Protect,SuperFang,PopulationBomb,FollowMe|Adamant|||||50|]Gardevoir||Gardevoirite|Telepathy|Protect,TrickRoom,HyperVoice,Psychic|Modest||F|||50|]Pyroar||Pyroarite|Unnerve|Protect,HeatWave,Overheat,WildCharge|Naive||M|||50|]Torkoal||Charcoal|Drought|Protect,Overheat,HeatWave,EarthPower|Quiet||M|||50|
|showteam|p2|Tyranitar||Tyranitarite|SandStream|RockSlide,KnockOff,Protect,DragonDance|Adamant||M|||50|]Sinistcha||ColburBerry|Hospitality|TrickRoom,MatchaGotcha,Protect,RagePowder|Bold|||||50|]Rotom-Wash||SitrusBerry|Levitate|WillOWisp,Thunderbolt,Protect,HydroPump|Bold|||||50|]Excadrill||LifeOrb|SandRush|Earthquake,Protect,IronHead,RockSlide|Adamant||M|||50|]Sneasler||WhiteHerb|Unburden|DireClaw,Coaching,CloseCombat,FakeOut|Jolly||M|||50|]Clefable||Leftovers|Unaware|Protect,AlluringVoice,FollowMe,Moonlight|Bold||F|||50|
|inactive|Battle timer is ON: inactive players will automatically lose when time's up. (requested by Sukzre)
|
|t:|1782331687
|teamsize|p1|4
|teamsize|p2|4
|start
|switch|p1a: Garchomp|Garchomp, L50, M, shiny|100/100
|switch|p1b: Gardevoir|Gardevoir, L50, F, shiny|100/100
|switch|p2a: Rotom|Rotom-Wash, L50|100/100
|switch|p2b: Excadrill|Excadrill, L50, M|100/100
|turn|1
|inactive|pressinblades has 30 seconds left.
|inactive|Sukzre has 30 seconds left.
|inactive|pressinblades has 20 seconds left.
|
|t:|1782331724
|detailschange|p1b: Gardevoir|Gardevoir-Mega, L50, F, shiny
|-mega|p1b: Gardevoir|Gardevoir|Gardevoirite
|move|p2b: Excadrill|Protect|p2b: Excadrill
|-singleturn|p2b: Excadrill|Protect
|move|p1a: Garchomp|Dragon Claw|p2a: Rotom
|-damage|p2a: Rotom|50/100g
|-damage|p1a: Garchomp|90/100|[from] item: Life Orb
|move|p1b: Gardevoir|Psychic|p2a: Rotom
|-damage|p2a: Rotom|0 fnt
|faint|p2a: Rotom
|
|upkeep
|
|t:|1782331734
|switch|p2a: Tyranitar|Tyranitar, L50, M|100/100
|-weather|Sandstorm|[from] ability: Sand Stream|[of] p2a: Tyranitar
|turn|2
|
|t:|1782331754
|switch|p1b: Torkoal|Torkoal, L50, M|100/100
|-weather|SunnyDay|[from] ability: Drought|[of] p1b: Torkoal
|move|p2a: Tyranitar|Protect|p2a: Tyranitar
|-singleturn|p2a: Tyranitar|Protect
|move|p1a: Garchomp|Stomping Tantrum|p2b: Excadrill
|-supereffective|p2b: Excadrill|1
|-damage|p2b: Excadrill|0 fnt
|faint|p2b: Excadrill
|-damage|p1a: Garchomp|80/100|[from] item: Life Orb
|
|-weather|SunnyDay|[upkeep]
|upkeep
|
|t:|1782331762
|switch|p2b: Sinistcha|Sinistcha, L50|100/100
|turn|3
|
|t:|1782331786
|detailschange|p2a: Tyranitar|Tyranitar-Mega, L50, M
|-mega|p2a: Tyranitar|Tyranitar|Tyranitarite
|-weather|Sandstorm|[from] ability: Sand Stream|[of] p2a: Tyranitar
|move|p2b: Sinistcha|Rage Powder|p2b: Sinistcha
|-singleturn|p2b: Sinistcha|move: Rage Powder
|move|p1a: Garchomp|Stomping Tantrum|p2b: Sinistcha
|-resisted|p2b: Sinistcha|1
|-damage|p2b: Sinistcha|78/100
|-damage|p1a: Garchomp|71/100|[from] item: Life Orb
|move|p2a: Tyranitar|Knock Off|p1a: Garchomp
|-damage|p1a: Garchomp|5/100
|-damage|p2a: Tyranitar|87/100|[from] ability: Rough Skin|[of] p1a: Garchomp
|-enditem|p1a: Garchomp|Life Orb|[from] move: Knock Off|[of] p2a: Tyranitar
|move|p1b: Torkoal|Heat Wave|p2a: Tyranitar|[spread] p2a,p2b
|-resisted|p2a: Tyranitar|1
|-supereffective|p2b: Sinistcha|1
|-damage|p2a: Tyranitar|80/100
|-damage|p2b: Sinistcha|10/100
|
|-weather|Sandstorm|[upkeep]
|-damage|p2b: Sinistcha|4/100|[from] Sandstorm
|-damage|p1b: Torkoal|93/100|[from] Sandstorm
|upkeep
|turn|4
|inactive|pressinblades has 30 seconds left.
|
|t:|1782331815
|switch|p1b: Gardevoir|Gardevoir-Mega, L50, F, shiny|100/100
|move|p2b: Sinistcha|Protect|p2b: Sinistcha
|-singleturn|p2b: Sinistcha|Protect
|move|p1a: Garchomp|Rock Slide|p2a: Tyranitar|[spread] p2a
|-activate|p2b: Sinistcha|move: Protect
|-damage|p2a: Tyranitar|68/100
|move|p2a: Tyranitar|Rock Slide|p1b: Gardevoir|[spread] p1a,p1b
|-resisted|p1a: Garchomp|1
|-crit|p1a: Garchomp
|-damage|p1a: Garchomp|0 fnt
|-damage|p1b: Gardevoir|54/100
|faint|p1a: Garchomp
|
|-weather|Sandstorm|[upkeep]
|-damage|p1b: Gardevoir|48/100|[from] Sandstorm
|-damage|p2b: Sinistcha|0 fnt|[from] Sandstorm
|faint|p2b: Sinistcha
|upkeep
|-message|Sukzre forfeited.
|
|win|pressinblades
|l|☆Sukzre
|player|p2|
||Sukzre is ready for game 3.
|inactive|pressinblades has 30 seconds to confirm battle start!
|inactive|pressinblades has 20 seconds to confirm battle start!
