|j|☆rurik2
|j|☆Darkenned1
|html|rurik2Darkenned1    
|uhtml|bestof|Game 1 of a best-of-3
|t:|1782333687
|gametype|doubles
|player|p1|rurik2|hugh|1074
|player|p2|Darkenned1|266|1000
|gen|9
|tier|[Gen 9 Champions] VGC 2026 Reg M-B (Bo3)
|rated|
|rule|Species Clause: Limit one of each Pokémon
|rule|Item Clause: Limit 1 of each item
|clearpoke
|poke|p1|Farigiraf, L50, F|
|poke|p1|Gallade, L50, M|
|poke|p1|Torkoal, L50, F|
|poke|p1|Slowbro, L50, F|
|poke|p1|Kingambit, L50, F|
|poke|p1|Hatterene, L50, F|
|poke|p2|Pyroar, L50, M|
|poke|p2|Ninetales, L50, M|
|poke|p2|Raichu, L50, F|
|poke|p2|Grimmsnarl, L50, M|
|poke|p2|Talonflame, L50, F|
|poke|p2|Garchomp, L50, F|
|teampreview|4
|showteam|p1|Farigiraf||ColburBerry|ArmorTail|ExpandingForce,TrickRoom,Protect,PsychicTerrain|Sassy||F|||50|]Gallade||FocusSash|Sharpness|PsychoCut,SacredSword,TrickRoom,WideGuard|Brave||M|||50|]Torkoal||Charcoal|Drought|Eruption,WeatherBall,EarthPower,Protect|Quiet||F|||50|]Slowbro||Slowbronite|Oblivious|MuddyWater,ExpandingForce,TrickRoom,PsychicTerrain|Quiet||F|||50|]Kingambit||ExpertBelt|Defiant|KowtowCleave,IronHead,LowKick,Protect|Brave||F|||50|]Hatterene||LifeOrb|MagicBounce|DazzlingGleam,ExpandingForce,TrickRoom,Protect|Quiet||F|||50|
|showteam|p2|Pyroar||Pyroarite|Rivalry|HeatWave,SolarBeam,Overheat,Protect|Timid||M|||50|]Ninetales||ChoiceScarf|Drought|Overheat,SolarBeam,HeatWave,Memento|Timid||M|||50|]Raichu||RaichuniteY|Static|ZapCannon,FocusBlast,VoltSwitch,Protect|Timid||F|||50|]Grimmsnarl||SitrusBerry|Prankster|FakeOut,PlayRough,Taunt,PartingShot|Adamant||M|||50|]Talonflame||WhiteHerb|GaleWings|Overheat,WillOWisp,Tailwind,Protect|Timid||F|||50|]Garchomp||LifeOrb|SandVeil|Earthquake,PoisonJab,DragonClaw,Protect|Jolly||F|||50|
|inactive|Battle timer is ON: inactive players will automatically lose when time's up. (requested by Darkenned1)
|inactive|rurik2 has 60 seconds left.
|
|t:|1782333733
|teamsize|p1|4
|teamsize|p2|4
|start
|switch|p1a: Farigiraf|Farigiraf, L50, F|100/100
|switch|p1b: Gallade|Gallade, L50, M|100/100
|switch|p2a: Pyroar|Pyroar, L50, M|100/100
|switch|p2b: Ninetales|Ninetales, L50, M|100/100
|-weather|SunnyDay|[from] ability: Drought|[of] p2b: Ninetales
|turn|1
|
|t:|1782333752
|detailschange|p2a: Pyroar|Pyroar-Mega, L50, M
|-mega|p2a: Pyroar|Pyroar|Pyroarite
|move|p1b: Gallade|Wide Guard|p1b: Gallade
|-singleturn|p1b: Gallade|Wide Guard
|move|p2b: Ninetales|Heat Wave|p1a: Farigiraf|[spread] 
|-activate|p1a: Farigiraf|move: Wide Guard
|-activate|p1b: Gallade|move: Wide Guard
|move|p2a: Pyroar|Heat Wave|p1a: Farigiraf|[spread] 
|-activate|p1a: Farigiraf|move: Wide Guard
|-activate|p1b: Gallade|move: Wide Guard
|move|p1a: Farigiraf|Trick Room|p1a: Farigiraf
|-fieldstart|move: Trick Room|[of] p1a: Farigiraf
|
|-weather|SunnyDay|[upkeep]
|upkeep
|turn|2
|-message|Darkenned1 forfeited.
|raw|rurik2's rating: 1074 → 1097(+23 for winning)
|raw|Darkenned1's rating: 1000 → 1000(+0 for losing)
|
|win|rurik2
|l|☆Darkenned1
|player|p2|
