|j|☆naibot2814
|j|☆yamamagames
|html|naibot2814yamamagames    
|uhtml|bestof|Game 2 of a best-of-3
|t:|1784680452
|gametype|doubles
|player|p1|naibot2814|colress|1463
|player|p2|yamamagames|red|1347
|gen|9
|tier|[Gen 9 Champions] VGC 2026 Reg M-B (Bo3)
|rated|
|rule|Species Clause: Limit one of each Pokémon
|rule|Item Clause: Limit 1 of each item
|clearpoke
|poke|p1|Blastoise, L50, M|
|poke|p1|Incineroar, L50, M|
|poke|p1|Sneasler, L50, M|
|poke|p1|Sinistcha, L50|
|poke|p1|Kingambit, L50, M, shiny|
|poke|p1|Delphox, L50, F|
|poke|p2|Mawile, L50, F, shiny|
|poke|p2|Torkoal, L50, M|
|poke|p2|Vileplume, L50, F|
|poke|p2|Incineroar, L50, M|
|poke|p2|Farigiraf, L50, F, shiny|
|poke|p2|Maushold-Four, L50|
|teampreview|4
|showteam|p1|Blastoise||Blastoisinite|Torrent|WaterSpout,DarkPulse,ShellSmash,Protect|Modest||M|||50|]Incineroar||SitrusBerry|Intimidate|FakeOut,FlareBlitz,DarkestLariat,PartingShot|Careful||M|||50|]Sneasler||FocusSash|PoisonTouch|FakeOut,CloseCombat,PoisonJab,RockTomb|Jolly||M|||50|]Sinistcha||KasibBerry|Hospitality|MatchaGotcha,TrickRoom,RagePowder,Protect|Bold|||||50|]Kingambit||BlackGlasses|Defiant|KowtowCleave,SuckerPunch,SwordsDance,Protect|Adamant||M|||50|]Delphox||Delphoxite|Blaze|HeatWave,Psyshock,NastyPlot,Protect|Timid||F|||50|
|showteam|p2|Mawile||Mawilite|Intimidate|PlayRough,RockSlide,SuckerPunch,Protect|Brave||F|||50|]Torkoal||Charcoal|Drought|Eruption,WeatherBall,EarthPower,Protect|Quiet||M|||50|]Vileplume||FocusSash|Chlorophyll|SolarBeam,SleepPowder,SludgeBomb,AfterYou|Timid||F|||50|]Incineroar||LifeOrb|Intimidate|FlareBlitz,DarkestLariat,PartingShot,FakeOut|Brave||M|||50|]Farigiraf||SitrusBerry|ArmorTail|TwinBeam,TrickRoom,Thunderbolt,HelpingHand|Relaxed||F|||50|]Maushold-Four||WideLens|Technician|PopulationBomb,FollowMe,Taunt,Protect|Jolly|||||50|
|inactive|Battle timer is ON: inactive players will automatically lose when time's up. (requested by yamamagames)
|
|t:|1784680493
|teamsize|p1|4
|teamsize|p2|4
|start
|switch|p1a: Blastoise|Blastoise, L50, M|100/100
|switch|p1b: Incineroar|Incineroar, L50, M|100/100
|switch|p2a: Vileplume|Vileplume, L50, F|100/100
|switch|p2b: Torkoal|Torkoal, L50, M|100/100
|-ability|p1b: Incineroar|Intimidate|boost
|-unboost|p2a: Vileplume|atk|1
|-unboost|p2b: Torkoal|atk|1
|-weather|SunnyDay|[from] ability: Drought|[of] p2b: Torkoal
|turn|1
|
|t:|1784680504
|switch|p2b: Farigiraf|Farigiraf, L50, F, shiny|100/100
|detailschange|p1a: Blastoise|Blastoise-Mega, L50, M
|-mega|p1a: Blastoise|Blastoise|Blastoisinite
|move|p1b: Incineroar|Fake Out||[still]
|cant|p2b: Farigiraf|ability: Armor Tail|Fake Out|[of] p1b: Incineroar
|move|p2a: Vileplume|Solar Beam||[still]
|-prepare|p2a: Vileplume|Solar Beam
|-anim|p2a: Vileplume|Solar Beam|p1a: Blastoise
|-supereffective|p1a: Blastoise|1
|-damage|p1a: Blastoise|0 fnt
|faint|p1a: Blastoise
|
|-weather|SunnyDay|[upkeep]
|upkeep
|
|t:|1784680507
|switch|p1a: Delphox|Delphox, L50, F|100/100
|turn|2
|-message|naibot2814 forfeited.
|
|win|yamamagames
|l|☆naibot2814
|player|p1|
||naibot2814 is ready for game 3.
||yamamagames is ready for game 3.
|uhtml|next|Next: Game 3 of 3
|l|☆yamamagames
|player|p2|
|j|☆naibot2814
|player|p1|naibot2814|colress|
