|j|☆Duyheeee
|j|☆SpeShadow
|html|DuyheeeeSpeShadow    
|uhtml|bestof|Game 1 of a best-of-3
|t:|1757932325
|gametype|doubles
|player|p1|Duyheeee|parasollady|
|player|p2|SpeShadow|hilbert-masters|
|gen|9
|tier|[Gen 9] VGC 2025 Reg H (Bo3)
|rule|Species Clause: Limit one of each Pokémon
|rule|Item Clause: Limit 1 of each item
|clearpoke
|poke|p1|Staraptor, L50, F|
|poke|p1|Garchomp, L50, F|
|poke|p1|Whimsicott, L50, F|
|poke|p1|Typhlosion-Hisui, L50, M|
|poke|p1|Ursaluna-Bloodmoon, L50, M|
|poke|p1|Incineroar, L50, F|
|poke|p2|Scyther, L50, M|
|poke|p2|Garganacl, L50, M|
|poke|p2|Incineroar, L50, F|
|poke|p2|Gholdengo, L50|
|poke|p2|Ninetales-Alola, L50, F|
|poke|p2|Sylveon, L50, F|
|teampreview|4
|showteam|p1|Staraptor||AssaultVest|Intimidate|BraveBird,DoubleEdge,DualWingbeat,Uturn|||F|||50|,,,,,Ghost]Garchomp||ClearAmulet|RoughSkin|Earthquake,DragonClaw,StompingTantrum,Protect|||F|||50|,,,,,Steel]Whimsicott||CovertCloak|Prankster|Moonblast,Tailwind,SunnyDay,Encore|||F|||50|,,,,,Water]Typhlosion-Hisui||ChoiceSpecs|Blaze|Eruption,HeatWave,Overheat,ShadowBall|||M|||50|,,,,,Fire]Ursaluna-Bloodmoon||LifeOrb|MindsEye|HyperVoice,EarthPower,BloodMoon,Protect|||M|||50|,,,,,Normal]Incineroar||SitrusBerry|Intimidate|FlareBlitz,KnockOff,FakeOut,PartingShot|||F|||50|,,,,,Ghost
|showteam|p2|Scyther||Eviolite|Technician|DualWingbeat,CloseCombat,Uturn,Protect|||M|||50|,,,,,Steel]Garganacl||MarangaBerry|PurifyingSalt|SaltCure,StealthRock,Protect,Recover|||M|||50|,,,,,Flying]Incineroar||SafetyGoggles|Intimidate|FlareBlitz,KnockOff,PartingShot,FakeOut|||F|||50|,,,,,Ghost]Gholdengo||ChoiceScarf|GoodasGold|ShadowBall,MakeItRain,Trick,PowerGem||||||50|,,,,,Steel]Ninetales-Alola||FocusSash|SnowWarning|Blizzard,FreezeDry,AuroraVeil,Protect|||F|||50|,,,,,Ice]Sylveon||ThroatSpray|Pixilate|HyperVoice,Wish,Protect,Yawn|||F|||50|,,,,,Poison
|inactive|Battle timer is ON: inactive players will automatically lose when time's up. (requested by SpeShadow)
|inactive|SpeShadow has 60 seconds left.
|
|t:|1757932359
|teamsize|p1|4
|teamsize|p2|4
|start
|switch|p1a: Incineroar|Incineroar, L50, F|100/100
|switch|p1b: Garchomp|Garchomp, L50, F, shiny|100/100
|switch|p2a: Garganacl|Garganacl, L50, M|100/100
|switch|p2b: Ninetales|Ninetales-Alola, L50, F|100/100
|-weather|Snowscape|[from] ability: Snow Warning|[of] p2b: Ninetales
|-ability|p1a: Incineroar|Intimidate|boost
|-unboost|p2a: Garganacl|atk|1
|-unboost|p2b: Ninetales|atk|1
|turn|1
|
|t:|1757932378
|move|p2b: Ninetales|Protect|p2b: Ninetales
|-singleturn|p2b: Ninetales|Protect
|move|p1a: Incineroar|Fake Out|p2b: Ninetales
|-activate|p2b: Ninetales|move: Protect
|move|p1b: Garchomp|Stomping Tantrum|p2a: Garganacl
|-supereffective|p2a: Garganacl
|-crit|p2a: Garganacl
|-damage|p2a: Garganacl|21/100
|move|p2a: Garganacl|Stealth Rock|p1a: Incineroar
|-sidestart|p1: Duyheeee|move: Stealth Rock
|
|-weather|Snowscape|[upkeep]
|upkeep
|turn|2
|inactive|Duyheeee has 30 seconds left.
|
|t:|1757932407
|-terastallize|p1b: Garchomp|Steel
|move|p2b: Ninetales|Blizzard|p1a: Incineroar|[spread] p1a,p1b
|-resisted|p1a: Incineroar
|-resisted|p1b: Garchomp
|-damage|p1a: Incineroar|86/100
|-damage|p1b: Garchomp|82/100
|move|p1b: Garchomp|Earthquake|p2a: Garganacl|[spread] p1a,p2a,p2b
|-supereffective|p1a: Incineroar
|-supereffective|p2a: Garganacl
|-damage|p1a: Incineroar|17/100
|-damage|p2a: Garganacl|0 fnt
|-damage|p2b: Ninetales|62/100
|-enditem|p1a: Incineroar|Sitrus Berry|[eat]
|-heal|p1a: Incineroar|42/100|[from] item: Sitrus Berry
|faint|p2a: Garganacl
|move|p1a: Incineroar|Flare Blitz|p2b: Ninetales
|-supereffective|p2b: Ninetales
|-damage|p2b: Ninetales|0 fnt
|faint|p2b: Ninetales
|-damage|p1a: Incineroar|27/100|[from] Recoil
|
|-weather|Snowscape|[upkeep]
|upkeep
|
|t:|1757932420
|switch|p2b: Incineroar|Incineroar, L50, F|100/100
|switch|p2a: Scyther|Scyther, L50, M|100/100
|-ability|p2b: Incineroar|Intimidate|boost
|-unboost|p1a: Incineroar|atk|1
|-fail|p1b: Garchomp|unboost|[from] item: Clear Amulet|[of] p1b: Garchomp
|turn|3
|
|t:|1757932436
|move|p1b: Garchomp|Protect|p1b: Garchomp
|-singleturn|p1b: Garchomp|Protect
|move|p2b: Incineroar|Fake Out|p1b: Garchomp
|-activate|p1b: Garchomp|move: Protect
|move|p2a: Scyther|Dual Wingbeat|p1a: Incineroar|[miss]
|-miss|p2a: Scyther|p1a: Incineroar
|move|p1a: Incineroar|Flare Blitz|p2a: Scyther
|-supereffective|p2a: Scyther
|-damage|p2a: Scyther|29/100
|-damage|p1a: Incineroar|10/100|[from] Recoil
|
|-weather|Snowscape|[upkeep]
|upkeep
|turn|4
|-message|SpeShadow forfeited.
|
|win|Duyheeee
||SpeShadow is ready for game 2.
||SpeShadow is ready for game 2.
||Duyheeee is ready for game 2.
|uhtml|next|Next: Game 2 of 3
|l|☆Duyheeee
|player|p1|
