|j|☆yassineVGC
|j|☆RosieAndJim
|html|yassineVGCRosieAndJim    
|uhtml|bestof|Game 2 of a best-of-3
|t:|1756507315
|gametype|doubles
|player|p1|yassineVGC|hilbert|1115
|player|p2|RosieAndJim|169|1057
|gen|9
|tier|[Gen 9] VGC 2025 Reg H (Bo3)
|rated|
|rule|Species Clause: Limit one of each Pokémon
|rule|Item Clause: Limit 1 of each item
|clearpoke
|poke|p1|Indeedee-F, L50, F|
|poke|p1|Torkoal, L50, M|
|poke|p1|Typhlosion-Hisui, L50, F|
|poke|p1|Dragapult, L50, M|
|poke|p1|Ursaluna, L50, F|
|poke|p1|Exeggutor, L50, M|
|poke|p2|Archaludon, L50, M|
|poke|p2|Garchomp, L50, F|
|poke|p2|Incineroar, L50, M|
|poke|p2|Pelipper, L50, M|
|poke|p2|Talonflame, L50, M|
|poke|p2|Amoonguss, L50, M|
|teampreview|4
|showteam|p1|Indeedee-F||PsychicSeed|PsychicSurge|FollowMe,Psychic,TrickRoom,HelpingHand|||F|||50|,,,,,Fairy]Torkoal||EjectPack|Drought|Eruption,Overheat,Protect,HelpingHand|||M|||50|,,,,,Fire]Typhlosion-Hisui||ChoiceScarf|Blaze|Eruption,HeatWave,Flamethrower,ShadowBall|||F|||50|,,,,,Fire]Dragapult||ChoiceBand|ClearBody|PhantomForce,TeraBlast,DragonDarts,Uturn|||M|||50|,,,,,Ghost]Ursaluna||FlameOrb|Guts|Earthquake,Protect,Facade,HeadlongRush|||F|||50|,,,,,Ghost]Exeggutor||FocusSash|Chlorophyll|TrickRoom,ExpandingForce,SleepPowder,EnergyBall|||M|||50|,,,,,Psychic
|showteam|p2|Archaludon||AssaultVest|Stamina|ElectroShot,DragonPulse,BodyPress,Snarl|||M|||50|,,,,,Grass]Garchomp||LifeOrb|RoughSkin|Earthquake,DragonClaw,StompingTantrum,Protect|||F|||50|,,,,,Ground]Incineroar||SafetyGoggles|Intimidate|FlareBlitz,KnockOff,PartingShot,FakeOut|||M|||50|,,,,,Ghost]Pelipper||FocusSash|Drizzle|WeatherBall,Hurricane,Tailwind,Protect|||M|||50|,,,,,Stellar]Talonflame||CovertCloak|GaleWings|BraveBird,Tailwind,Taunt,RainDance|||M|||50|,,,,,Flying]Amoonguss||SitrusBerry|Regenerator|PollenPuff,ClearSmog,Spore,RagePowder|||M|||50|,,,,,Psychic
|inactive|Battle timer is ON: inactive players will automatically lose when time's up. (requested by yassineVGC)
|inactive|yassineVGC has 60 seconds left.
|j| We_Are_Toasted
|l| We_Are_Toasted
|
|t:|1756507371
|teamsize|p1|4
|teamsize|p2|4
|start
|switch|p1a: Torkoal|Torkoal, L50, M|100/100
|switch|p1b: Exeggutor|Exeggutor, L50, M|100/100
|switch|p2a: Talonflame|Talonflame, L50, M|100/100
|switch|p2b: Garchomp|Garchomp, L50, F|100/100
|-weather|SunnyDay|[from] ability: Drought|[of] p1a: Torkoal
|turn|1
|inactive|yassineVGC has 30 seconds left.
|inactive|RosieAndJim has 30 seconds left.
|inactive|yassineVGC has 20 seconds left.
|inactive|RosieAndJim has 20 seconds left.
|inactive|yassineVGC has 15 seconds left.
|inactive|RosieAndJim has 15 seconds left.
|inactive|yassineVGC has 10 seconds left.
|inactive|RosieAndJim has 10 seconds left.
|inactive|RosieAndJim has 5 seconds left.
|
|t:|1756507423
|switch|p2b: Pelipper|Pelipper, L50, M|100/100
|-weather|RainDance|[from] ability: Drizzle|[of] p2b: Pelipper
|switch|p1a: Indeedee|Indeedee-F, L50, F|100/100
|-fieldstart|move: Psychic Terrain|[from] ability: Psychic Surge|[of] p1a: Indeedee
|-enditem|p1a: Indeedee|Psychic Seed
|-boost|p1a: Indeedee|spd|1|[from] item: Psychic Seed
|-terastallize|p1b: Exeggutor|Psychic
|move|p2a: Talonflame|Taunt|p1b: Exeggutor
|-start|p1b: Exeggutor|move: Taunt
|move|p1b: Exeggutor|Expanding Force|p2a: Talonflame|[spread] p2a,p2b
|-damage|p2a: Talonflame|0 fnt
|-enditem|p2b: Pelipper|Focus Sash
|-damage|p2b: Pelipper|1/100
|faint|p2a: Talonflame
|
|-weather|RainDance|[upkeep]
|upkeep
|
|t:|1756507441
|switch|p2a: Garchomp|Garchomp, L50, F|100/100
|turn|2
|
|t:|1756507466
|switch|p1a: Torkoal|Torkoal, L50, M|100/100
|-weather|SunnyDay|[from] ability: Drought|[of] p1a: Torkoal
|-terastallize|p2a: Garchomp|Ground
|move|p1b: Exeggutor|Expanding Force|p2b: Pelipper|[spread] p2a,p2b
|-damage|p2a: Garchomp|7/100
|-damage|p2b: Pelipper|0 fnt
|faint|p2b: Pelipper
|move|p2a: Garchomp|Earthquake|p1b: Exeggutor|[spread] p1a,p1b
|-supereffective|p1a: Torkoal
|-damage|p1a: Torkoal|3/100
|-damage|p1b: Exeggutor|26/100
|-damage|p2a: Garchomp|0 fnt|[from] item: Life Orb
|faint|p2a: Garchomp
|
|-weather|SunnyDay|[upkeep]
|upkeep
|
|t:|1756507482
|switch|p2a: Incineroar|Incineroar, L50, M|100/100
|-ability|p2a: Incineroar|Intimidate|boost
|-unboost|p1a: Torkoal|atk|1
|-unboost|p1b: Exeggutor|atk|1
|-enditem|p1a: Torkoal|Eject Pack
|
|t:|1756507492
|switch|p1a: Ursaluna|Ursaluna, L50, F|100/100
|turn|3
|
|t:|1756507506
|switch|p1b: Indeedee|Indeedee-F, L50, F|100/100
|move|p1a: Ursaluna|Protect|p1a: Ursaluna
|-singleturn|p1a: Ursaluna|Protect
|move|p2a: Incineroar|Flare Blitz|p1a: Ursaluna
|-activate|p1a: Ursaluna|move: Protect
|
|-weather|SunnyDay|[upkeep]
|-status|p1a: Ursaluna|brn|[from] item: Flame Orb
|upkeep
|turn|4
|
|t:|1756507519
|move|p1b: Indeedee|Follow Me|p1b: Indeedee
|-singleturn|p1b: Indeedee|move: Follow Me
|move|p2a: Incineroar|Knock Off|p1b: Indeedee
|-supereffective|p1b: Indeedee
|-damage|p1b: Indeedee|45/100
|move|p1a: Ursaluna|Headlong Rush|p2a: Incineroar
|-supereffective|p2a: Incineroar
|-damage|p2a: Incineroar|0 fnt
|-unboost|p1a: Ursaluna|def|1
|-unboost|p1a: Ursaluna|spd|1
|faint|p2a: Incineroar
|
|win|yassineVGC
|raw|yassineVGC's rating: 1115 → 1136(+21 for winning)
|raw|RosieAndJim's rating: 1057 → 1042(-15 for losing)
