|j|☆BlackStag52
|j|☆JLitty
|html|BlackStag52JLitty    
|uhtml|bestof|Game 1 of a best-of-3
|t:|1756174628
|gametype|doubles
|player|p1|BlackStag52|beauty|1075
|player|p2|JLitty|102|1178
|gen|9
|tier|[Gen 9] VGC 2025 Reg H (Bo3)
|rated|
|rule|Species Clause: Limit one of each Pokémon
|rule|Item Clause: Limit 1 of each item
|clearpoke
|poke|p1|Kingambit, L50, F|
|poke|p1|Gallade, L50, M|
|poke|p1|Indeedee-F, L50, F|
|poke|p1|Rampardos, L50, M|
|poke|p1|Amoonguss, L50, F|
|poke|p1|Incineroar, L50, F|
|poke|p2|Sneasler, L50, M|
|poke|p2|Indeedee, L50, M|
|poke|p2|Volcarona, L50, F|
|poke|p2|Ursaluna-Bloodmoon, L50, M|
|poke|p2|Annihilape, L50, F|
|poke|p2|Tyranitar, L50, F|
|teampreview|4
|showteam|p1|Kingambit||BlackGlasses|Defiant|KowtowCleave,IronHead,Protect,PoisonJab|||F|||50|,,,,,Psychic]Gallade||ClearAmulet|Sharpness|SacredSword,TrickRoom,PsychoCut,WideGuard|||M|||50|,,,,,Dark]Indeedee-F||PsychicSeed|PsychicSurge|TrickRoom,FollowMe,HelpingHand,HyperVoice|||F|||50|,,,,,Fairy]Rampardos||LifeOrb|SheerForce|RockSlide,HammerArm,Protect,BreakingSwipe|||M|||50|,,,,,Dragon]Amoonguss||Leftovers|Regenerator|Spore,RagePowder,SludgeBomb,PollenPuff|||F|||50|,,,,,Dark]Incineroar||SafetyGoggles|Intimidate|FakeOut,PartingShot,KnockOff,FlareBlitz|||F|||50|,,,,,Ghost
|showteam|p2|Sneasler||PsychicSeed|Unburden|CloseCombat,DireClaw,ThroatChop,Protect|||M|||50|,,,,,Dark]Indeedee||ChoiceScarf|PsychicSurge|ExpandingForce,TeraBlast,Trick,Protect|||M|||50|,,,,,Psychic]Volcarona||SitrusBerry|FlameBody|Overheat,StruggleBug,RagePowder,Tailwind|||F|||50|,,,,,Grass]Ursaluna-Bloodmoon||LifeOrb|MindsEye|BloodMoon,HyperVoice,EarthPower,Protect|||M|||50|,,,,,Normal]Annihilape||SafetyGoggles|Defiant|CloseCombat,RageFist,Taunt,FinalGambit|||F|||50|,,,,,Fairy]Tyranitar||AssaultVest|SandStream|RockSlide,KnockOff,TeraBlast,LowKick|||F|||50|,,,,,Flying
|inactive|Battle timer is ON: inactive players will automatically lose when time's up. (requested by JLitty)
|c|☆BlackStag52|glhf!
|inactive|JLitty has 60 seconds left.
|
|t:|1756174682
|teamsize|p1|4
|teamsize|p2|4
|start
|switch|p1a: Gallade|Gallade, L50, M|100/100
|switch|p1b: Amoonguss|Amoonguss, L50, F|100/100
|switch|p2a: Annihilape|Annihilape, L50, F|100/100
|switch|p2b: Indeedee|Indeedee, L50, M|100/100
|-fieldstart|move: Psychic Terrain|[from] ability: Psychic Surge|[of] p2b: Indeedee
|turn|1
|inactive|JLitty has 30 seconds left.
|
|t:|1756174712
|move|p1b: Amoonguss|Rage Powder|p1b: Amoonguss
|-singleturn|p1b: Amoonguss|move: Rage Powder
|move|p2b: Indeedee|Expanding Force|p1a: Gallade|[spread] p1a,p1b
|-crit|p1a: Gallade
|-supereffective|p1b: Amoonguss
|-damage|p1a: Gallade|19/100
|-damage|p1b: Amoonguss|0 fnt
|faint|p1b: Amoonguss
|move|p2a: Annihilape|Rage Fist|p1a: Gallade
|-supereffective|p1a: Gallade
|-damage|p1a: Gallade|0 fnt
|faint|p1a: Gallade
|
|upkeep
|-message|BlackStag52 forfeited.
|
|win|JLitty
