|j|☆StarfleetEnsignAnt
|j|☆Gamertag1001
|html|StarfleetEnsignAntGamertag1001    
|uhtml|bestof|Game 2 of a best-of-3
|t:|1757751017
|gametype|doubles
|player|p1|StarfleetEnsignAnt|swimmerf|1103
|player|p2|Gamertag1001|bugcatcher-gen4dp|1161
|gen|9
|tier|[Gen 9] VGC 2025 Reg H (Bo3)
|rated|
|rule|Species Clause: Limit one of each Pokémon
|rule|Item Clause: Limit 1 of each item
|clearpoke
|poke|p1|Torkoal, L50, F|
|poke|p1|Lilligant-Hisui, L50, F|
|poke|p1|Ursaluna, L50, F|
|poke|p1|Bronzong, L50|
|poke|p1|Incineroar, L50, F|
|poke|p1|Indeedee-F, L50, F|
|poke|p2|Sneasler, L50, M|
|poke|p2|Rillaboom, L50, F|
|poke|p2|Electabuzz, L50, M|
|poke|p2|Gholdengo, L50|
|poke|p2|Farigiraf, L50, M|
|poke|p2|Dragapult, L50, M|
|teampreview|4
|showteam|p1|Torkoal||Charcoal|Drought|Eruption,HeatWave,EarthPower,Protect|||F|||50|,,,,,Fire]Lilligant-Hisui||FocusSash|Chlorophyll|CloseCombat,LeafBlade,SunnyDay,AfterYou|||F|||50|,,,,,Ghost]Ursaluna||FlameOrb|Guts|Facade,HeadlongRush,ShadowClaw,Protect|||F|||50|,,,,,Ghost]Bronzong||CovertCloak|Levitate|BodyPress,TrickRoom,Safeguard,Protect||||||50|,,,,,Dark]Incineroar||SafetyGoggles|Intimidate|FakeOut,FlareBlitz,KnockOff,PartingShot|||F|||50|,,,,,Ghost]Indeedee-F||MentalHerb|PsychicSurge|Psychic,FollowMe,TrickRoom,HelpingHand|||F|||50|,,,,,Dark
|showteam|p2|Sneasler||WhiteHerb|Unburden|CloseCombat,DireClaw,ThroatChop,Protect|||M|||50|,,,,,Stellar]Rillaboom||AssaultVest|GrassySurge|WoodHammer,GrassyGlide,Uturn,FakeOut|||F|||50|,,,,,Fire]Electabuzz||Eviolite|VitalSpirit|FollowMe,Thunderbolt,Taunt,Protect|||M|||50|,,,,,Fairy]Gholdengo||Leftovers|GoodasGold|MakeItRain,ShadowBall,NastyPlot,Protect||||||50|,,,,,Dragon]Farigiraf||ThroatSpray|ArmorTail|HyperVoice,Psychic,TrickRoom,Protect|||M|||50|,,,,,Water]Dragapult||ChoiceBand|ClearBody|DragonDarts,Outrage,Uturn,PhantomForce|||M|||50|,,,,,Dragon
|inactive|Battle timer is ON: inactive players will automatically lose when time's up. (requested by Gamertag1001)
|c|☆Gamertag1001|Glhf
|c|☆StarfleetEnsignAnt|u2
|inactive|Gamertag1001 has 60 seconds left.
|
|t:|1757751053
|teamsize|p1|4
|teamsize|p2|4
|start
|switch|p1a: Ursaluna|Ursaluna, L50, F|100/100
|switch|p1b: Bronzong|Bronzong, L50|100/100
|switch|p2a: Dragapult|Dragapult, L50, M|100/100
|switch|p2b: Farigiraf|Farigiraf, L50, M|100/100
|turn|1
|
|t:|1757751072
|-terastallize|p2a: Dragapult|Dragon
|move|p2a: Dragapult|Outrage|p1a: Ursaluna
|-damage|p1a: Ursaluna|7/100
|move|p2b: Farigiraf|Hyper Voice|p1a: Ursaluna|[spread] p1a,p1b
|-crit|p1a: Ursaluna
|-resisted|p1b: Bronzong
|-damage|p1a: Ursaluna|0 fnt
|-damage|p1b: Bronzong|88/100
|faint|p1a: Ursaluna
|-enditem|p2b: Farigiraf|Throat Spray
|-boost|p2b: Farigiraf|spa|1|[from] item: Throat Spray
|move|p1b: Bronzong|Trick Room|p1b: Bronzong
|-fieldstart|move: Trick Room|[of] p1b: Bronzong
|
|upkeep
|
|t:|1757751087
|switch|p1a: Torkoal|Torkoal, L50, F|100/100
|-weather|SunnyDay|[from] ability: Drought|[of] p1a: Torkoal
|turn|2
|
|t:|1757751098
|-terastallize|p1a: Torkoal|Fire
|move|p1a: Torkoal|Eruption|p2a: Dragapult|[spread] p2a,p2b
|-resisted|p2a: Dragapult
|-damage|p2a: Dragapult|20/100
|-damage|p2b: Farigiraf|0 fnt
|faint|p2b: Farigiraf
|move|p1b: Bronzong|Body Press|p2a: Dragapult
|-damage|p2a: Dragapult|0 fnt
|faint|p2a: Dragapult
|
|-weather|SunnyDay|[upkeep]
|upkeep
|
|t:|1757751105
|switch|p2b: Gholdengo|Gholdengo, L50|100/100
|switch|p2a: Rillaboom|Rillaboom, L50, F|100/100
|-fieldstart|move: Grassy Terrain|[from] ability: Grassy Surge|[of] p2a: Rillaboom
|turn|3
|-message|Gamertag1001 forfeited.
|
|win|StarfleetEnsignAnt
|l|☆Gamertag1001
|player|p2|
||StarfleetEnsignAnt is ready for game 3.
||Gamertag1001 is ready for game 3.
|uhtml|next|Next: Game 3 of 3
|l|☆StarfleetEnsignAnt
|player|p1|
