|j|☆Ogercooked
|j|☆soap858
|html|Ogercookedsoap858    
|uhtml|bestof|Game 3 of a best-of-3
|t:|1755950019
|gametype|doubles
|player|p1|Ogercooked|riley|1457
|player|p2|soap858|2|1447
|gen|9
|tier|[Gen 9] VGC 2025 Reg H (Bo3)
|rated|
|rule|Species Clause: Limit one of each Pokémon
|rule|Item Clause: Limit 1 of each item
|clearpoke
|poke|p1|Weavile, L50, M|
|poke|p1|Annihilape, L50, M|
|poke|p1|Pelipper, L50, M|
|poke|p1|Archaludon, L50, F|
|poke|p1|Basculegion, L50, M|
|poke|p1|Rillaboom, L50, F|
|poke|p2|Armarouge, L50, F|
|poke|p2|Indeedee-F, L50, F|
|poke|p2|Torkoal, L50, M|
|poke|p2|Kingambit, L50, M|
|poke|p2|Dragapult, L50, M|
|poke|p2|Gallade, L50, M|
|teampreview|4
|showteam|p1|Weavile||FocusSash|Pickpocket|TripleAxel,KnockOff,BeatUp,FakeOut|||M|||50|,,,,,Ghost]Annihilape||SafetyGoggles|Defiant|DrainPunch,RageFist,BulkUp,Protect|||M|||50|,,,,,Fire]Pelipper||CovertCloak|Drizzle|Hurricane,WeatherBall,WideGuard,Protect|||M|||50|,,,,,Grass]Archaludon||AssaultVest|Stamina|DragonPulse,ElectroShot,Snarl,BodyPress|||F|||50|,,,,,Fighting]Basculegion||ChoiceBand|SwiftSwim|WaveCrash,LastRespects,AquaJet,FlipTurn|||M|||50|,,,,,Water]Rillaboom||MiracleSeed|GrassySurge|WoodHammer,Uturn,GrassyGlide,FakeOut|||F|||50|,,,,,Grass
|showteam|p2|Armarouge||LifeOrb|FlashFire|Protect,ExpandingForce,ArmorCannon,TrickRoom|||F|||50|,,,,,Grass]Indeedee-F||SitrusBerry|PsychicSurge|DazzlingGleam,FollowMe,HelpingHand,TrickRoom|||F|||50|,,,,,Fairy]Torkoal||Charcoal|Drought|Protect,Eruption,WeatherBall,EarthPower|||M|||50|,,,,,Fire]Kingambit||AssaultVest|Defiant|KowtowCleave,IronHead,LowKick,SuckerPunch|||M|||50|,,,,,Fairy]Dragapult||ChoiceBand|ClearBody|DragonDarts,PhantomForce,Uturn,SuckerPunch|||M|||50|,,,,,Dragon]Gallade||ClearAmulet|Sharpness|Protect,SacredSword,PsychoCut,TrickRoom|||M|||50|,,,,,Steel
|inactive|Battle timer is ON: inactive players will automatically lose when time's up. (requested by soap858)
|inactive|soap858 has 60 seconds left.
|
|t:|1755950084
|teamsize|p1|4
|teamsize|p2|4
|start
|switch|p1a: Basculegion|Basculegion, L50, M|100/100
|switch|p1b: Weavile|Weavile, L50, M|100/100
|switch|p2a: Dragapult|Dragapult, L50, M|100/100
|switch|p2b: Kingambit|Kingambit, L50, M|100/100
|turn|1
|inactive|Ogercooked has 30 seconds left.
|
|t:|1755950109
|-terastallize|p2a: Dragapult|Dragon
|move|p1b: Weavile|Fake Out|p2b: Kingambit
|-resisted|p2b: Kingambit
|-damage|p2b: Kingambit|96/100
|cant|p2b: Kingambit|flinch
|move|p2a: Dragapult|Dragon Darts|p1a: Basculegion
|-damage|p1a: Basculegion|39/100
|-anim|p2a: Dragapult|Dragon Darts|p1b: Weavile
|-damage|p1b: Weavile|15/100
|move|p1a: Basculegion|Wave Crash|p2b: Kingambit
|-damage|p2b: Kingambit|32/100
|-damage|p1a: Basculegion|16/100|[from] Recoil
|
|upkeep
|turn|2
|inactive|Ogercooked has 30 seconds left.
|inactive|Ogercooked has 20 seconds left.
|inactive|Ogercooked has 15 seconds left.
|
|t:|1755950151
|move|p2b: Kingambit|Sucker Punch|p1a: Basculegion
|-supereffective|p1a: Basculegion
|-damage|p1a: Basculegion|0 fnt
|faint|p1a: Basculegion
|move|p2a: Dragapult|Dragon Darts|p1b: Weavile
|-damage|p1b: Weavile|0 fnt
|faint|p1b: Weavile
|
|upkeep
|
|t:|1755950153
|switch|p1b: Pelipper|Pelipper, L50, M|100/100
|switch|p1a: Rillaboom|Rillaboom, L50, F|100/100
|-fieldstart|move: Grassy Terrain|[from] ability: Grassy Surge|[of] p1a: Rillaboom
|-weather|RainDance|[from] ability: Drizzle|[of] p1b: Pelipper
|turn|3
|inactive|soap858 has 30 seconds left.
|inactive|soap858 has 20 seconds left.
|
|t:|1755950191
|switch|p2b: Indeedee|Indeedee-F, L50, F|100/100
|-fieldstart|move: Psychic Terrain|[from] ability: Psychic Surge|[of] p2b: Indeedee
|move|p1a: Rillaboom|Fake Out|p2a: Dragapult
|-activate|p2a: Dragapult|move: Psychic Terrain
|move|p2a: Dragapult|Dragon Darts|p1a: Rillaboom
|-damage|p1a: Rillaboom|44/100
|-anim|p2a: Dragapult|Dragon Darts|p1b: Pelipper
|-damage|p1b: Pelipper|58/100
|move|p1b: Pelipper|Hurricane|p2a: Dragapult
|-damage|p2a: Dragapult|48/100
|
|-weather|RainDance|[upkeep]
|upkeep
|turn|4
|-message|Ogercooked forfeited.
|
|win|soap858
|raw|Ogercooked's rating: 1457 → 1436(-21 for losing)
|raw|soap858's rating: 1447 → 1468(+21 for winning)
