|j|☆myshirtisdirty
|j|☆llamatruama
|html|myshirtisdirtyllamatruama    
|uhtml|bestof|Game 2 of a best-of-3
|t:|1757650651
|gametype|doubles
|player|p1|myshirtisdirty|266|1132
|player|p2|llamatruama|102|1076
|gen|9
|tier|[Gen 9] VGC 2025 Reg H (Bo3)
|rated|
|rule|Species Clause: Limit one of each Pokémon
|rule|Item Clause: Limit 1 of each item
|clearpoke
|poke|p1|Indeedee-F, L50, F|
|poke|p1|Gallade, L50, M|
|poke|p1|Sneasler, L50, M|
|poke|p1|Ursaluna, L50, M|
|poke|p1|Torkoal, L50, M|
|poke|p1|Hatterene, L50, F|
|poke|p2|Garchomp, L50, M|
|poke|p2|Talonflame, L50, F|
|poke|p2|Slaking, L50, F|
|poke|p2|Weezing-Galar, L50, F|
|poke|p2|Sinistcha-Masterpiece, L50|
|poke|p2|Kingambit, L50, M|
|teampreview|4
|showteam|p1|Indeedee-F||SafetyGoggles|PsychicSurge|DazzlingGleam,HelpingHand,TrickRoom,FollowMe|||F|||50|,,,,,Fairy]Gallade||ClearAmulet|Sharpness|PsychoCut,SacredSword,TrickRoom,WideGuard|||M|||50|,,,,,Steel]Sneasler||PsychicSeed|Unburden|CloseCombat,DireClaw,RockSlide,Protect|||M|||50|,,,,,Rock]Ursaluna||FlameOrb|Guts|Facade,ShadowClaw,HeadlongRush,Protect|||M|||50|,,,,,Ghost]Torkoal||EjectPack|Drought|Eruption,HeatWave,Protect,Yawn|||M|||50|,,,,,Fire]Hatterene||TwistedSpoon|MagicBounce|ExpandingForce,DazzlingGleam,MysticalFire,TrickRoom|||F|||50|,,,,,Fire
|showteam|p2|Garchomp||SoftSand|RoughSkin|DragonClaw,Earthquake,SwordsDance,Protect|||M|||50|,,,,,Fire]Talonflame||SharpBeak|GaleWings|DualWingbeat,Tailwind,BraveBird,UpperHand|||F|||50|,,,,,Ghost]Slaking||LifeOrb|Truant|DoubleEdge,HighHorsepower,PlayRough,Protect|||F|||50|,,,,,Stellar]Weezing-Galar||SitrusBerry|NeutralizingGas|StrangeSteam,Taunt,WillOWisp,Protect|||F|||50|,,,,,Flying]Sinistcha-Masterpiece||RockyHelmet|Hospitality|MatchaGotcha,ShadowBall,RagePowder,StrengthSap||||||50|,,,,,Fairy]Kingambit||AssaultVest|Defiant|KowtowCleave,IronHead,SuckerPunch,LowKick|||M|||50|,,,,,Fairy
|
|t:|1757650691
|teamsize|p1|4
|teamsize|p2|4
|start
|switch|p1a: Indeedee|Indeedee-F, L50, F|100/100
|switch|p1b: Gallade|Gallade, L50, M, shiny|100/100
|switch|p2a: Weezing|Weezing-Galar, L50, F|100/100
|switch|p2b: Slaking|Slaking, L50, F, shiny|100/100
|-ability|p2a: Weezing|Neutralizing Gas
|turn|1
|inactive|Battle timer is ON: inactive players will automatically lose when time's up. (requested by myshirtisdirty)
|
|t:|1757650708
|move|p1a: Indeedee|Follow Me|p1a: Indeedee
|-singleturn|p1a: Indeedee|move: Follow Me
|move|p2b: Slaking|Double-Edge|p1a: Indeedee
|-damage|p1a: Indeedee|0 fnt
|faint|p1a: Indeedee
|-damage|p2b: Slaking|75/100|[from] Recoil
|-damage|p2b: Slaking|65/100|[from] item: Life Orb
|move|p2a: Weezing|Strange Steam|p1b: Gallade
|-supereffective|p1b: Gallade
|-damage|p1b: Gallade|49/100
|move|p1b: Gallade|Trick Room|p1b: Gallade
|-fieldstart|move: Trick Room|[of] p1b: Gallade
|
|upkeep
|
|t:|1757650718
|switch|p1a: Hatterene|Hatterene, L50, F|100/100
|turn|2
|
|t:|1757650736
|move|p2a: Weezing|Protect|p2a: Weezing
|-singleturn|p2a: Weezing|Protect
|move|p1a: Hatterene|Expanding Force|p2a: Weezing
|-activate|p2a: Weezing|move: Protect
|move|p1b: Gallade|Sacred Sword|p2b: Slaking
|-supereffective|p2b: Slaking
|-damage|p2b: Slaking|0 fnt
|faint|p2b: Slaking
|
|upkeep
|
|t:|1757650747
|switch|p2b: Kingambit|Kingambit, L50, M, shiny|100/100
|turn|3
|
|t:|1757650761
|-end|p2a: Weezing|ability: Neutralizing Gas
|switch|p2a: Talonflame|Talonflame, L50, F|100/100
|-terastallize|p1a: Hatterene|Fire
|move|p2b: Kingambit|Sucker Punch|p1b: Gallade
|-damage|p1b: Gallade|0 fnt
|faint|p1b: Gallade
|move|p1a: Hatterene|Expanding Force|p2a: Talonflame
|-damage|p2a: Talonflame|4/100
|
|upkeep
|
|t:|1757650771
|switch|p1b: Ursaluna|Ursaluna, L50, M|100/100
|turn|4
|
|t:|1757650783
|move|p1a: Hatterene|Dazzling Gleam|p2b: Kingambit|[spread] p2a,p2b
|-resisted|p2a: Talonflame
|-crit|p2a: Talonflame
|-damage|p2a: Talonflame|0 fnt
|-damage|p2b: Kingambit|80/100
|faint|p2a: Talonflame
|move|p1b: Ursaluna|Headlong Rush|p2b: Kingambit
|-supereffective|p2b: Kingambit
|-damage|p2b: Kingambit|0 fnt
|-unboost|p1b: Ursaluna|def|1
|-unboost|p1b: Ursaluna|spd|1
|faint|p2b: Kingambit
|
|-status|p1b: Ursaluna|brn|[from] item: Flame Orb
|upkeep
|
|t:|1757650791
|switch|p2b: Weezing|Weezing-Galar, L50, F|100/100
|-ability|p2b: Weezing|Neutralizing Gas
|turn|5
|
|t:|1757650797
|move|p1a: Hatterene|Expanding Force|p2b: Weezing
|-supereffective|p2b: Weezing
|-damage|p2b: Weezing|0 fnt
|faint|p2b: Weezing
|-end|p2b: Weezing|ability: Neutralizing Gas
|
|win|myshirtisdirty
|raw|myshirtisdirty's rating: 1132 → 1153(+21 for winning)
|raw|llamatruama's rating: 1076 → 1058(-18 for losing)
|l|☆llamatruama
|player|p2|
|l|☆myshirtisdirty
|player|p1|
