|j|☆Ba2_nana
|j|☆Kalycgos
|html|Ba2_nanaKalycgos    
|uhtml|bestof|Game 1 of a best-of-3
|t:|1783961505
|gametype|doubles
|player|p1|Ba2_nana|266|1231
|player|p2|Kalycgos|169|1116
|gen|9
|tier|[Gen 9 Champions] VGC 2026 Reg M-B (Bo3)
|rated|
|rule|Species Clause: Limit one of each Pokémon
|rule|Item Clause: Limit 1 of each item
|clearpoke
|poke|p1|Delphox, L50, M|
|poke|p1|Hydreigon, L50, F|
|poke|p1|Sinistcha, L50|
|poke|p1|Sneasler, L50, F|
|poke|p1|Mawile, L50, F|
|poke|p1|Incineroar, L50, F|
|poke|p2|Garchomp, L50, M, shiny|
|poke|p2|Charizard, L50, M, shiny|
|poke|p2|Whimsicott, L50, M|
|poke|p2|Floette-Eternal, L50, F|
|poke|p2|Kingambit, L50, F|
|poke|p2|Basculegion, L50, M|
|teampreview|4
|showteam|p1|Delphox||Delphoxite|Blaze|NastyPlot,HeatWave,Psychic,Protect|Timid||M|||50|]Hydreigon||LifeOrb|Levitate|DracoMeteor,DarkPulse,EarthPower,Protect|Timid||F|||50|]Sinistcha||KasibBerry|Hospitality|MatchaGotcha,RagePowder,TrickRoom,Protect|Relaxed|||||50|]Sneasler||WhiteHerb|Unburden|FakeOut,CloseCombat,GunkShot,QuickGuard|Adamant||F|||50|]Mawile||Mawilite|Intimidate|SwordsDance,PlayRough,SuckerPunch,Protect|Adamant||F|||50|]Incineroar||SitrusBerry|Intimidate|FakeOut,ThroatChop,FlareBlitz,PartingShot|Adamant||F|||50|
|showteam|p2|Garchomp||LifeOrb|RoughSkin|DragonClaw,Earthquake,RockSlide,Protect|Jolly||M|||50|]Charizard||CharizarditeY|Blaze|HeatWave,SolarBeam,AncientPower,Protect|Modest||M|||50|]Whimsicott||FocusSash|Prankster|Moonblast,Tailwind,Encore,Protect|Timid||M|||50|]Floette-Eternal||Floettite|FlowerVeil|LightofRuin,Moonblast,DazzlingGleam,Protect|Timid||F|||50|]Kingambit||BlackGlasses|Defiant|KowtowCleave,SuckerPunch,LowKick,Protect|Adamant||F|||50|]Basculegion||MysticWater|Adaptability|LastRespects,WaveCrash,AquaJet,Protect|Adamant||M|||50|
|inactive|Battle timer is ON: inactive players will automatically lose when time's up. (requested by Kalycgos)
|inactive|Ba2_nana has 60 seconds left.
|
|t:|1783961574
|teamsize|p1|4
|teamsize|p2|4
|start
|switch|p1a: Incineroar|Incineroar, L50, F|100/100
|switch|p1b: Hydreigon|Hydreigon, L50, F|100/100
|switch|p2a: Bard|Whimsicott, L50, M|100/100
|switch|p2b: Samurai|Kingambit, L50, F|100/100
|-ability|p1a: Incineroar|Intimidate|boost
|-unboost|p2a: Bard|atk|1
|-unboost|p2b: Samurai|atk|1
|-ability|p2b: Samurai|Defiant|boost
|-boost|p2b: Samurai|atk|2
|turn|1
|inactive|Ba2_nana has 30 seconds left.
|inactive|Kalycgos has 30 seconds left.
|
|t:|1783961601
|move|p2a: Bard|Tailwind|p2a: Bard
|-sidestart|p2: Kalycgos|move: Tailwind
|move|p2b: Samurai|Low Kick|p1b: Hydreigon
|-supereffective|p1b: Hydreigon|1
|-damage|p1b: Hydreigon|0 fnt
|faint|p1b: Hydreigon
|move|p1a: Incineroar|Flare Blitz|p2b: Samurai
|-supereffective|p2b: Samurai|1
|-damage|p2b: Samurai|0 fnt
|faint|p2b: Samurai
|-damage|p1a: Incineroar|71/100|[from] Recoil
|
|upkeep
|
|t:|1783961612
|switch|p1b: Sneasler|Sneasler, L50, F|100/100
|switch|p2b: Reaper|Basculegion, L50, M|100/100
|turn|2
|inactive|Ba2_nana has 30 seconds left.
|
|t:|1783961644
|switch|p1b: Delphox|Delphox, L50, M|100/100
|move|p2a: Bard|Protect|p2a: Bard
|-singleturn|p2a: Bard|Protect
|move|p2b: Reaper|Wave Crash|p1a: Incineroar
|-supereffective|p1a: Incineroar|1
|-damage|p1a: Incineroar|0 fnt
|faint|p1a: Incineroar
|-damage|p2b: Reaper|76/100|[from] Recoil
|
|upkeep
|
|t:|1783961654
|switch|p1a: Sneasler|Sneasler, L50, F|100/100
|turn|3
|
|t:|1783961669
|detailschange|p1b: Delphox|Delphox-Mega, L50, M
|-mega|p1b: Delphox|Delphox|Delphoxite
|move|p1b: Delphox|Protect|p1b: Delphox
|-singleturn|p1b: Delphox|Protect
|move|p1a: Sneasler|Fake Out|p2a: Bard
|-damage|p2a: Bard|78/100
|cant|p2a: Bard|flinch
|move|p2b: Reaper|Wave Crash|p1b: Delphox
|-activate|p1b: Delphox|move: Protect
|
|upkeep
|turn|4
|
|t:|1783961682
|move|p1b: Delphox|Protect||[still]
|-fail|p1b: Delphox
|move|p1a: Sneasler|Quick Guard|p1a: Sneasler
|-singleturn|p1a: Sneasler|Quick Guard
|move|p2a: Bard|Encore|p1a: Sneasler
|-activate|p1a: Sneasler|move: Quick Guard
|move|p2b: Reaper|Wave Crash|p1b: Delphox
|-supereffective|p1b: Delphox|1
|-damage|p1b: Delphox|0 fnt
|faint|p1b: Delphox
|-damage|p2b: Reaper|51/100|[from] Recoil
|
|-sideend|p2: Kalycgos|move: Tailwind
|upkeep
|turn|5
|
|t:|1783961694
|move|p2a: Bard|Encore|p1a: Sneasler
|-start|p1a: Sneasler|Encore
|move|p1a: Sneasler|Quick Guard|p1a: Sneasler
|-singleturn|p1a: Sneasler|Quick Guard
|move|p2b: Reaper|Wave Crash|p1a: Sneasler
|-damage|p1a: Sneasler|0 fnt
|faint|p1a: Sneasler
|-damage|p2b: Reaper|25/100|[from] Recoil
|
|win|Kalycgos
||Ba2_nana is ready for game 2.
|inactive|Kalycgos has 30 seconds to confirm battle start!
||Kalycgos is ready for game 2.
|uhtml|next|Next: Game 2 of 3
|l|☆Ba2_nana
|player|p1|
