|j|☆TrainerChrxs
|j|☆Daniw9
|html|TrainerChrxsDaniw9    
|uhtml|bestof|Game 2 of a best-of-3
|t:|1756338671
|gametype|doubles
|player|p1|TrainerChrxs|psychic-gen4|1262
|player|p2|Daniw9|2|1135
|gen|9
|tier|[Gen 9] VGC 2025 Reg H (Bo3)
|rated|
|rule|Species Clause: Limit one of each Pokémon
|rule|Item Clause: Limit 1 of each item
|clearpoke
|poke|p1|Orthworm, L50, M|
|poke|p1|Grimmsnarl, L50, M|
|poke|p1|Dragonite, L50, M|
|poke|p1|Indeedee-F, L50, F|
|poke|p1|Armarouge, L50, M|
|poke|p1|Ursaluna, L50, M|
|poke|p2|Garchomp, L50, F|
|poke|p2|Tyranitar, L50, F|
|poke|p2|Delphox, L50, F|
|poke|p2|Indeedee-F, L50, F|
|poke|p2|Gallade, L50, M|
|poke|p2|Whimsicott, L50, F|
|teampreview|4
|showteam|p1|Orthworm||SitrusBerry|EarthEater|Protect,BodyPress,HelpingHand,ShedTail|||M|||50|,,,,,Fire]Grimmsnarl||LightClay|Prankster|SpiritBreak,Reflect,LightScreen,PartingShot|||M|||50|,,,,,Ghost]Dragonite||ChoiceBand|Multiscale|Outrage,ExtremeSpeed,Earthquake,TeraBlast|||M|||50|,,,,,Flying]Indeedee-F||MentalHerb|PsychicSurge|FollowMe,TrickRoom,DazzlingGleam,HelpingHand|||F|||50|,,,,,Grass]Armarouge||LifeOrb|FlashFire|Protect,ArmorCannon,ExpandingForce,TrickRoom|||M|||50|,,,,,Grass]Ursaluna||FlameOrb|Guts|Protect,Facade,Earthquake,HeadlongRush|||M|||50|,,,,,Ghost
|showteam|p2|Garchomp||LifeOrb|SandVeil|Earthquake,StompingTantrum,Protect,DragonClaw|||F|||50|,,,,,Steel]Tyranitar||AssaultVest|SandStream|RockSlide,TeraBlast,KnockOff,LowKick|||F|||50|,,,,,Flying]Delphox||PsychicSeed|Magician|ExpandingForce,HeatWave,TeraBlast,Protect|||F|||50|,,,,,Fairy]Indeedee-F||SafetyGoggles|PsychicSurge|DazzlingGleam,TrickRoom,FollowMe,HelpingHand|||F|||50|,,,,,Water]Gallade||ClearAmulet|Sharpness|SacredSword,PsychoCut,TrickRoom,Protect|||M|||50|,,,,,Grass]Whimsicott||CovertCloak|Prankster|Moonblast,Tailwind,Encore,Protect|||F|||50|,,,,,Ghost
|inactive|Battle timer is ON: inactive players will automatically lose when time's up. (requested by Daniw9)
|
|t:|1756338733
|teamsize|p1|4
|teamsize|p2|4
|start
|switch|p1a: Orthworm|Orthworm, L50, M, shiny|100/100
|switch|p1b: Armarouge|Armarouge, L50, M, shiny|100/100
|switch|p2a: Tyranitar|Tyranitar, L50, F|100/100
|switch|p2b: Delphox|Delphox, L50, F|100/100
|-weather|Sandstorm|[from] ability: Sand Stream|[of] p2a: Tyranitar
|turn|1
|inactive|TrainerChrxs has 30 seconds left.
|inactive|Daniw9 has 30 seconds left.
|inactive|TrainerChrxs has 20 seconds left.
|inactive|Daniw9 has 20 seconds left.
|inactive|TrainerChrxs has 15 seconds left.
|inactive|Daniw9 has 15 seconds left.
|inactive|TrainerChrxs has 10 seconds left.
|inactive|Daniw9 has 10 seconds left.
|
|t:|1756338780
|-terastallize|p1a: Orthworm|Fire
|-terastallize|p2a: Tyranitar|Flying
|move|p1b: Armarouge|Protect|p1b: Armarouge
|-singleturn|p1b: Armarouge|Protect
|move|p2b: Delphox|Expanding Force|p1b: Armarouge
|-activate|p1b: Armarouge|move: Protect
|move|p1a: Orthworm|Shed Tail|p1a: Orthworm
|-start|p1a: Orthworm|Substitute|[from] move: Shed Tail
|-damage|p1a: Orthworm|50/100
|-enditem|p1a: Orthworm|Sitrus Berry|[eat]
|-heal|p1a: Orthworm|75/100|[from] item: Sitrus Berry
|
|t:|1756338791
|switch|p1a: Ursaluna|Ursaluna, L50, M|100/100|[from] Shed Tail
|move|p2a: Tyranitar|Tera Blast|p1b: Armarouge|[anim] Tera Blast Flying
|-activate|p1b: Armarouge|move: Protect
|
|-weather|Sandstorm|[upkeep]
|-damage|p2b: Delphox|95/100|[from] Sandstorm
|-damage|p2a: Tyranitar|95/100|[from] Sandstorm
|-damage|p1b: Armarouge|94/100|[from] Sandstorm
|-status|p1a: Ursaluna|brn|[from] item: Flame Orb
|upkeep
|turn|2
|inactive|TrainerChrxs has 30 seconds left.
|
|t:|1756338820
|move|p2b: Delphox|Heat Wave|p1a: Ursaluna|[spread] p1a
|-start|p1b: Armarouge|ability: Flash Fire
|-end|p1a: Ursaluna|Substitute
|move|p2a: Tyranitar|Knock Off|p1b: Armarouge
|-supereffective|p1b: Armarouge
|-damage|p1b: Armarouge|0 fnt
|-enditem|p1b: Armarouge|Life Orb|[from] move: Knock Off|[of] p2a: Tyranitar
|faint|p1b: Armarouge
|move|p1a: Ursaluna|Facade|p2b: Delphox
|-damage|p2b: Delphox|0 fnt
|faint|p2b: Delphox
|
|-weather|Sandstorm|[upkeep]
|-damage|p2a: Tyranitar|89/100|[from] Sandstorm
|-damage|p1a: Ursaluna|95/100 brn|[from] brn
|upkeep
|
|t:|1756338838
|switch|p2b: Gallade|Gallade, L50, M|100/100
|switch|p1b: Indeedee|Indeedee-F, L50, F|100/100
|-fieldstart|move: Psychic Terrain|[from] ability: Psychic Surge|[of] p1b: Indeedee
|turn|3
|
|t:|1756338856
|move|p2b: Gallade|Protect|p2b: Gallade
|-singleturn|p2b: Gallade|Protect
|move|p1b: Indeedee|Follow Me|p1b: Indeedee
|-singleturn|p1b: Indeedee|move: Follow Me
|move|p2a: Tyranitar|Knock Off|p1b: Indeedee
|-supereffective|p1b: Indeedee
|-damage|p1b: Indeedee|6/100
|-enditem|p1b: Indeedee|Mental Herb|[from] move: Knock Off|[of] p2a: Tyranitar
|move|p1a: Ursaluna|Facade|p2b: Gallade
|-activate|p2b: Gallade|move: Protect
|
|-weather|Sandstorm|[upkeep]
|-damage|p2b: Gallade|95/100|[from] Sandstorm
|-damage|p1b: Indeedee|0 fnt|[from] Sandstorm
|-damage|p2a: Tyranitar|83/100|[from] Sandstorm
|faint|p1b: Indeedee
|-damage|p1a: Ursaluna|89/100 brn|[from] brn
|upkeep
|
|t:|1756338858
|switch|p1b: Orthworm|Orthworm, L50, M, shiny, tera:Fire|75/100
|turn|4
|inactive|TrainerChrxs has 30 seconds left.
|-message|TrainerChrxs forfeited.
|
|win|Daniw9
||TrainerChrxs is ready for game 3.
||Daniw9 is ready for game 3.
|uhtml|next|Next: Game 3 of 3
|l|☆TrainerChrxs
|player|p1|
