|j|☆baajando
|j|☆mirokart wii
|html|baajandomirokart wii    
|uhtml|bestof|Game 2 of a best-of-3
|t:|1755046459
|gametype|doubles
|player|p1|baajando|benga|1255
|player|p2|mirokart wii|harlequin|1270
|gen|9
|tier|[Gen 9] VGC 2025 Reg H (Bo3)
|rated|
|rule|Species Clause: Limit one of each Pokémon
|rule|Item Clause: Limit 1 of each item
|clearpoke
|poke|p1|Ursaluna-Bloodmoon, L50, M|
|poke|p1|Electabuzz, L50, M|
|poke|p1|Incineroar, L50, M|
|poke|p1|Sinistcha, L50|
|poke|p1|Kingambit, L50, M|
|poke|p1|Sneasler, L50, M|
|poke|p2|Whimsicott, L50, M|
|poke|p2|Gholdengo, L50|
|poke|p2|Incineroar, L50, F|
|poke|p2|Sneasler, L50, F|
|poke|p2|Garchomp, L50, M|
|poke|p2|Archaludon, L50, F|
|teampreview|4
|showteam|p1|Ursaluna-Bloodmoon||FocusSash|MindsEye|HyperVoice,BloodMoon,EarthPower,Protect|||M|||50|,,,,,Normal]Electabuzz||Eviolite|VitalSpirit|Thunderbolt,Taunt,FollowMe,Protect|||M|||50|,,,,,Ghost]Incineroar||SafetyGoggles|Intimidate|FakeOut,PartingShot,KnockOff,FlareBlitz|||M|||50|,,,,,Ghost]Sinistcha||SitrusBerry|Hospitality|MatchaGotcha,TrickRoom,ShadowBall,LifeDew||||||50|,,,,,Water]Kingambit||BlackGlasses|Defiant|KowtowCleave,SuckerPunch,SwordsDance,Protect|||M|||50|,,,,,Water]Sneasler||WhiteHerb|Unburden|DireClaw,CloseCombat,Taunt,FakeOut|||M|||50|,,,,,Grass
|showteam|p2|Whimsicott||FocusSash|Prankster|Moonblast,Tailwind,Encore,Protect|||M|||50|,,,,,Ghost]Gholdengo||ChoiceSpecs|GoodasGold|MakeItRain,ShadowBall,Trick,Protect||||||50|,,,,,Steel]Incineroar||AssaultVest|Intimidate|FlareBlitz,KnockOff,Uturn,FakeOut|||F|||50|,,,,,Grass]Sneasler||WhiteHerb|Unburden|DireClaw,CloseCombat,FakeOut,Protect|||F|||50|,,,,,Stellar]Garchomp||LifeOrb|RoughSkin|Earthquake,StompingTantrum,DragonClaw,Protect|||M|||50|,,,,,Ground]Archaludon||PowerHerb|Stalwart|ElectroShot,Thunderbolt,DracoMeteor,Protect|||F|||50|,,,,,Electric
|inactive|Battle timer is ON: inactive players will automatically lose when time's up. (requested by mirokart wii)
|inactive|mirokart wii has 60 seconds left.
|
|t:|1755046514
|teamsize|p1|4
|teamsize|p2|4
|start
|switch|p1a: Incineroar|Incineroar, L50, M|100/100
|switch|p1b: Ursaluna|Ursaluna-Bloodmoon, L50, M|100/100
|switch|p2a: Garchomp|Garchomp, L50, M|100/100
|switch|p2b: Archaludon|Archaludon, L50, F|100/100
|-ability|p1a: Incineroar|Intimidate|boost
|-unboost|p2a: Garchomp|atk|1
|-unboost|p2b: Archaludon|atk|1
|turn|1
|
|t:|1755046527
|move|p2a: Garchomp|Protect|p2a: Garchomp
|-singleturn|p2a: Garchomp|Protect
|move|p2b: Archaludon|Protect|p2b: Archaludon
|-singleturn|p2b: Archaludon|Protect
|move|p1a: Incineroar|Fake Out|p2a: Garchomp
|-activate|p2a: Garchomp|move: Protect
|move|p1b: Ursaluna|Earth Power|p2b: Archaludon
|-activate|p2b: Archaludon|move: Protect
|
|upkeep
|turn|2
|inactive|baajando has 30 seconds left.
|inactive|mirokart wii has 30 seconds left.
|inactive|baajando has 20 seconds left.
|inactive|mirokart wii has 20 seconds left.
|inactive|baajando has 15 seconds left.
|inactive|mirokart wii has 15 seconds left.
|inactive|mirokart wii has 10 seconds left.
|
|t:|1755046575
|-terastallize|p1a: Incineroar|Ghost
|move|p1b: Ursaluna|Protect|p1b: Ursaluna
|-singleturn|p1b: Ursaluna|Protect
|move|p2a: Garchomp|Stomping Tantrum|p1a: Incineroar
|-damage|p1a: Incineroar|70/100
|-damage|p2a: Garchomp|91/100|[from] item: Life Orb
|move|p2b: Archaludon|Electro Shot||[still]
|-prepare|p2b: Archaludon|Electro Shot
|-boost|p2b: Archaludon|spa|1
|-enditem|p2b: Archaludon|Power Herb
|-anim|p2b: Archaludon|Electro Shot|p1a: Incineroar
|-damage|p1a: Incineroar|17/100
|move|p1a: Incineroar|Parting Shot|p2b: Archaludon
|-unboost|p2b: Archaludon|atk|1
|-unboost|p2b: Archaludon|spa|1
|inactive|baajando has 30 seconds left.
|inactive|baajando has 20 seconds left.
|
|t:|1755046610
|switch|p1a: Sinistcha|Sinistcha, L50|100/100|[from] Parting Shot
|
|upkeep
|turn|3
|
|t:|1755046624
|switch|p1a: Incineroar|Incineroar, L50, M, tera:Ghost|17/100
|-ability|p1a: Incineroar|Intimidate|boost
|-unboost|p2a: Garchomp|atk|1
|-unboost|p2b: Archaludon|atk|1
|move|p2a: Garchomp|Stomping Tantrum|p1b: Ursaluna
|-damage|p1b: Ursaluna|77/100
|-damage|p2a: Garchomp|81/100|[from] item: Life Orb
|move|p2b: Archaludon|Draco Meteor|p1b: Ursaluna
|-damage|p1b: Ursaluna|0 fnt
|-unboost|p2b: Archaludon|spa|2
|faint|p1b: Ursaluna
|
|upkeep
|
|t:|1755046638
|switch|p1b: Sinistcha|Sinistcha, L50|100/100
|-heal|p1a: Incineroar|42/100|[from] ability: Hospitality|[of] p1b: Sinistcha
|turn|4
|inactive|mirokart wii has 30 seconds left.
|inactive|mirokart wii has 20 seconds left.
|
|t:|1755046674
|switch|p2b: Sneasler|Sneasler, L50, F|100/100
|move|p2a: Garchomp|Stomping Tantrum|p1a: Incineroar
|-damage|p1a: Incineroar|18/100
|-damage|p2a: Garchomp|71/100|[from] item: Life Orb
|move|p1a: Incineroar|Parting Shot|p2b: Sneasler
|-unboost|p2b: Sneasler|atk|1
|-unboost|p2b: Sneasler|spa|1
|-enditem|p2b: Sneasler|White Herb
|-clearnegativeboost|p2b: Sneasler|[silent]
|l|☆baajando
|inactive|baajando disconnected and has a minute to reconnect!
|player|p1|
|inactive|baajando has 30 seconds left.
|inactive|baajando has 20 seconds left.
|inactive|baajando has 15 seconds left.
|inactive|baajando has 10 seconds left.
|inactive|baajando has 5 seconds left.
|j|☆baajando
|inactive|baajando reconnected and has 5 seconds left.
|player|p1|baajando|benga|
|
|t:|1755046729
|switch|p1a: Kingambit|Kingambit, L50, M|100/100|[from] Parting Shot
|move|p1b: Sinistcha|Trick Room|p1b: Sinistcha
|-fieldstart|move: Trick Room|[of] p1b: Sinistcha
|
|upkeep
|turn|5
|inactive|mirokart wii has 30 seconds left.
|
|t:|1755046759
|switch|p1a: Incineroar|Incineroar, L50, M, tera:Ghost|18/100
|-ability|p1a: Incineroar|Intimidate|boost
|-unboost|p2a: Garchomp|atk|1
|-unboost|p2b: Sneasler|atk|1
|move|p2a: Garchomp|Protect|p2a: Garchomp
|-singleturn|p2a: Garchomp|Protect
|move|p1b: Sinistcha|Matcha Gotcha|p2b: Sneasler|[spread] p2b
|-activate|p2a: Garchomp|move: Protect
|-resisted|p2b: Sneasler
|-damage|p2b: Sneasler|86/100
|move|p2b: Sneasler|Dire Claw|p1b: Sinistcha
|-damage|p1b: Sinistcha|78/100
|-status|p1b: Sinistcha|slp
|
|upkeep
|turn|6
|inactive|baajando has 30 seconds left.
|inactive|baajando has 20 seconds left.
|
|t:|1755046794
|switch|p2a: Whimsicott|Whimsicott, L50, M|100/100
|move|p1a: Incineroar|Fake Out|p2b: Sneasler
|-damage|p2b: Sneasler|70/100
|cant|p1b: Sinistcha|slp
|cant|p2b: Sneasler|flinch
|
|upkeep
|turn|7
|l|☆baajando
|inactive|baajando disconnected and has a minute to reconnect!
|player|p1|
|inactive|baajando has 30 seconds left.
|inactive|baajando has 20 seconds left.
|inactive|baajando has 15 seconds left.
|inactive|baajando has 10 seconds left.
|inactive|baajando has 5 seconds left.
|-message|baajando lost due to inactivity.
|
|win|mirokart wii
|raw|baajando's rating: 1255 → 1231(-24 for losing)
|raw|mirokart wii's rating: 1270 → 1294(+24 for winning)
