|j|☆AlmaDragao
|j|☆Aketzagar18
|html|AlmaDragaoAketzagar18    
|uhtml|bestof|Game 3 of a best-of-3
|t:|1783965532
|gametype|doubles
|player|p1|AlmaDragao|iris-gen5bw2|1124
|player|p2|Aketzagar18|170|1033
|gen|9
|tier|[Gen 9 Champions] VGC 2026 Reg M-B (Bo3)
|rated|
|rule|Species Clause: Limit one of each Pokémon
|rule|Item Clause: Limit 1 of each item
|clearpoke
|poke|p1|Charizard, L50, F|
|poke|p1|Garchomp, L50, F|
|poke|p1|Archaludon, L50, F|
|poke|p1|Basculegion, L50, M|
|poke|p1|Grimmsnarl, L50, M|
|poke|p1|Whimsicott, L50, M|
|poke|p2|Incineroar, L50, F|
|poke|p2|Maushold, L50|
|poke|p2|Sinistcha, L50|
|poke|p2|Sneasler, L50, M|
|poke|p2|Blastoise, L50, F|
|poke|p2|Delphox, L50, M|
|teampreview|4
|showteam|p1|Charizard||CharizarditeY|Blaze|WeatherBall,HeatWave,AirSlash,Protect|Modest||F|||50|]Garchomp||LifeOrb|RoughSkin|Earthquake,DragonClaw,RockSlide,Protect|Adamant||F|||50|]Archaludon||Leftovers|Stamina|DragonPulse,FlashCannon,Protect,Thunderbolt|Modest||F|||50|]Basculegion||ChoiceScarf|Adaptability|LastRespects,WaveCrash,AquaJet,FlipTurn|Jolly||M|||50|]Grimmsnarl||SitrusBerry|Prankster|Reflect,PartingShot,SpiritBreak,ScaryFace|Impish||M|||50|]Whimsicott||FocusSash|Prankster|Tailwind,LightScreen,Charm,Moonblast|Modest||M|||50|
|showteam|p2|Incineroar||SitrusBerry|Intimidate|FakeOut,FlareBlitz,ThroatChop,PartingShot|Impish||F|||50|]Maushold||ChopleBerry|FriendGuard|SuperFang,Feint,FollowMe,Protect|Impish|||||50|]Sinistcha||KasibBerry|Hospitality|MatchaGotcha,LifeDew,RagePowder,Protect|Bold|||||50|]Sneasler||FocusSash|PoisonTouch|FakeOut,CloseCombat,DireClaw,QuickGuard|Jolly||M|||50|]Blastoise||Blastoisinite|RainDish|WaterSpout,DarkPulse,ShellSmash,Protect|Modest||F|||50|]Delphox||Delphoxite|Blaze|HeatWave,Psyshock,NastyPlot,Protect|Timid||M|||50|
|inactive|Battle timer is ON: inactive players will automatically lose when time's up. (requested by Aketzagar18)
|
|t:|1783965559
|teamsize|p1|4
|teamsize|p2|4
|start
|switch|p1a: Basculegion|Basculegion, L50, M|100/100
|switch|p1b: Charizard|Charizard, L50, F|100/100
|switch|p2a: Incineroar|Incineroar, L50, F|100/100
|switch|p2b: Blastoise|Blastoise, L50, F|100/100
|-ability|p2a: Incineroar|Intimidate|boost
|-unboost|p1a: Basculegion|atk|1
|-unboost|p1b: Charizard|atk|1
|turn|1
|inactive|Aketzagar18 has 30 seconds left.
|
|t:|1783965589
|detailschange|p2b: Blastoise|Blastoise-Mega, L50, F
|-mega|p2b: Blastoise|Blastoise|Blastoisinite
|move|p2a: Incineroar|Fake Out|p1b: Charizard
|-damage|p1b: Charizard|86/100
|move|p1a: Basculegion|Wave Crash|p2b: Blastoise
|-resisted|p2b: Blastoise|1
|-damage|p2b: Blastoise|75/100
|-damage|p1a: Basculegion|93/100|[from] Recoil
|cant|p1b: Charizard|flinch
|move|p2b: Blastoise|Shell Smash|p2b: Blastoise
|-unboost|p2b: Blastoise|def|1
|-unboost|p2b: Blastoise|spd|1
|-boost|p2b: Blastoise|atk|2
|-boost|p2b: Blastoise|spa|2
|-boost|p2b: Blastoise|spe|2
|
|upkeep
|turn|2
|inactive|AlmaDragao has 30 seconds left.
|inactive|Aketzagar18 has 30 seconds left.
|
|t:|1783965634
|switch|p1a: Grimmsnarl|Grimmsnarl, L50, M|100/100
|switch|p2a: Sinistcha|Sinistcha, L50|100/100
|-heal|p2b: Blastoise|100/100|[from] ability: Hospitality|[of] p2a: Sinistcha
|detailschange|p1b: Charizard|Charizard-Mega-Y, L50, F
|-mega|p1b: Charizard|Charizard|Charizardite Y
|-weather|SunnyDay|[from] ability: Drought|[of] p1b: Charizard
|move|p2b: Blastoise|Water Spout|p1b: Charizard|[spread] p1a,p1b
|-supereffective|p1b: Charizard|1
|-damage|p1a: Grimmsnarl|40/100
|-damage|p1b: Charizard|0 fnt
|-enditem|p1a: Grimmsnarl|Sitrus Berry|[eat]
|-heal|p1a: Grimmsnarl|65/100|[from] item: Sitrus Berry
|faint|p1b: Charizard
|
|-weather|SunnyDay|[upkeep]
|upkeep
|
|t:|1783965649
|switch|p1b: Basculegion|Basculegion, L50, M|93/100
|turn|3
|
|t:|1783965673
|move|p2a: Sinistcha|Rage Powder|p2a: Sinistcha
|-singleturn|p2a: Sinistcha|move: Rage Powder
|move|p1a: Grimmsnarl|Scary Face|p2a: Sinistcha
|-unboost|p2a: Sinistcha|spe|2
|move|p2b: Blastoise|Dark Pulse|p1b: Basculegion
|-supereffective|p1b: Basculegion|1
|-damage|p1b: Basculegion|0 fnt
|faint|p1b: Basculegion
|
|-weather|SunnyDay|[upkeep]
|upkeep
|
|t:|1783965680
|switch|p1b: Garchomp|Garchomp, L50, F|100/100
|turn|4
|-message|AlmaDragao forfeited.
|
|win|Aketzagar18
|raw|AlmaDragao's rating: 1124 → 1093(-31 for losing)
|raw|Aketzagar18's rating: 1033 → 1077(+44 for winning)
|l|☆AlmaDragao
|player|p1|
