|j|☆masterninjas
|j|☆AbAntiTPO
|html|masterninjasAbAntiTPO    
|uhtml|bestof|Game 3 of a best-of-3
|t:|1782579303
|gametype|doubles
|player|p1|masterninjas|colress|1062
|player|p2|AbAntiTPO|juan|1098
|gen|9
|tier|[Gen 9 Champions] VGC 2026 Reg M-B (Bo3)
|rated|
|rule|Species Clause: Limit one of each Pokémon
|rule|Item Clause: Limit 1 of each item
|clearpoke
|poke|p1|Eelektross, L50, M|
|poke|p1|Clefable, L50, M|
|poke|p1|Dragalge, L50, M|
|poke|p1|Grimmsnarl, L50, M|
|poke|p1|Gholdengo, L50|
|poke|p1|Rotom-Wash, L50|
|poke|p2|Swampert, L50, F|
|poke|p2|Pelipper, L50, M|
|poke|p2|Archaludon, L50, M|
|poke|p2|Sinistcha, L50|
|poke|p2|Maushold-Four, L50|
|poke|p2|Gholdengo, L50|
|teampreview|4
|showteam|p1|Eelektross||Eelektrossite|Levitate|Discharge,Flamethrower,DragonPulse,Protect|Timid||M|||50|]Clefable||SitrusBerry|Unaware|FollowMe,HealPulse,Moonblast,Protect|Calm||M|||50|]Dragalge||Dragalgite|Adaptability|SludgeBomb,DracoMeteor,FlipTurn,Haze|Modest||M|||50|]Grimmsnarl||LightClay|Prankster|Taunt,Reflect,SuckerPunch,Protect|Careful||M|||50|]Gholdengo||LifeOrb|GoodasGold|ShadowBall,MakeItRain,NastyPlot,Protect|Timid|||||50|]Rotom-Wash||Leftovers|Levitate|WillOWisp,HydroPump,VoltSwitch,Protect|Timid|||||50|
|showteam|p2|Swampert||Swampertite|Torrent|WaveCrash,HighHorsepower,IcePunch,Protect|Adamant||F|||50|]Pelipper||SitrusBerry|Drizzle|WeatherBall,Hurricane,Tailwind,WideGuard|Modest||M|||50|]Archaludon||Leftovers|Stamina|ElectroShot,DragonPulse,FlashCannon,Protect|Calm||M|||50|]Sinistcha||KasibBerry|Hospitality|RagePowder,MatchaGotcha,TrickRoom,Protect|Bold|||||50|]Maushold-Four||FocusSash|FriendGuard|FollowMe,SuperFang,RainDance,Protect|Timid|||||50|]Gholdengo||LifeOrb|GoodasGold|MakeItRain,ShadowBall,NastyPlot,Protect|Modest|||||50|
|inactive|Battle timer is ON: inactive players will automatically lose when time's up. (requested by masterninjas)
|
|t:|1782579323
|teamsize|p1|4
|teamsize|p2|4
|start
|switch|p1a: Eelektross|Eelektross, L50, M|100/100
|switch|p1b: Gholdengo|Gholdengo, L50|100/100
|switch|p2a: Swampert|Swampert, L50, F|100/100
|switch|p2b: Maushold|Maushold-Four, L50|100/100
|turn|1
|
|t:|1782579339
|detailschange|p1a: Eelektross|Eelektross-Mega, L50, M
|-mega|p1a: Eelektross|Eelektross|Eelektrossite
|detailschange|p2a: Swampert|Swampert-Mega, L50, F
|-mega|p2a: Swampert|Swampert|Swampertite
|move|p2b: Maushold|Rain Dance|p2b: Maushold
|-weather|RainDance
|move|p2a: Swampert|Wave Crash|p1a: Eelektross
|-damage|p1a: Eelektross|0 fnt
|faint|p1a: Eelektross
|-damage|p2a: Swampert|71/100|[from] Recoil
|move|p1b: Gholdengo|Shadow Ball|p2a: Swampert
|-damage|p2a: Swampert|36/100
|-damage|p1b: Gholdengo|90/100|[from] item: Life Orb
|
|-weather|RainDance|[upkeep]
|upkeep
|
|t:|1782579353
|switch|p1a: Clefable|Clefable, L50, M|100/100
|turn|2
|
|t:|1782579360
|move|p2a: Swampert|Protect|p2a: Swampert
|-singleturn|p2a: Swampert|Protect
|move|p1a: Clefable|Follow Me|p1a: Clefable
|-singleturn|p1a: Clefable|move: Follow Me
|move|p2b: Maushold|Super Fang|p1a: Clefable
|-damage|p1a: Clefable|50/100y
|-enditem|p1a: Clefable|Sitrus Berry|[eat]
|-heal|p1a: Clefable|74/100|[from] item: Sitrus Berry
|move|p1b: Gholdengo|Nasty Plot|p1b: Gholdengo
|-boost|p1b: Gholdengo|spa|2
|
|-weather|RainDance|[upkeep]
|upkeep
|turn|3
|
|t:|1782579375
|move|p2b: Maushold|Protect|p2b: Maushold
|-singleturn|p2b: Maushold|Protect
|move|p1a: Clefable|Protect|p1a: Clefable
|-singleturn|p1a: Clefable|Protect
|move|p2a: Swampert|Wave Crash|p1b: Gholdengo
|-damage|p1b: Gholdengo|0 fnt
|faint|p1b: Gholdengo
|-damage|p2a: Swampert|10/100|[from] Recoil
|
|-weather|RainDance|[upkeep]
|upkeep
|-message|masterninjas forfeited.
|raw|masterninjas's rating: 1062 → 1045(-17 for losing)
|raw|AbAntiTPO's rating: 1098 → 1121(+23 for winning)
|
|win|AbAntiTPO
|l|☆masterninjas
|player|p1|
