|j|☆exposniffer
|j|☆fgyhung
|html|exposnifferfgyhung    
|uhtml|bestof|Game 1 of a best-of-3
|t:|1757130613
|gametype|doubles
|player|p1|exposniffer|blue|1129
|player|p2|fgyhung|2|1203
|gen|9
|tier|[Gen 9] VGC 2025 Reg H (Bo3)
|rated|
|rule|Species Clause: Limit one of each Pokémon
|rule|Item Clause: Limit 1 of each item
|clearpoke
|poke|p1|Gholdengo, L50|
|poke|p1|Dragonite, L50, F|
|poke|p1|Ursaluna-Bloodmoon, L50, M|
|poke|p1|Ninetales-Alola, L50, M|
|poke|p1|Annihilape, L50, M|
|poke|p1|Incineroar, L50, F|
|poke|p2|Basculegion, L50, M|
|poke|p2|Pelipper, L50, M|
|poke|p2|Amoonguss, L50, F|
|poke|p2|Incineroar, L50, M|
|poke|p2|Archaludon, L50, F|
|poke|p2|Porygon2, L50|
|teampreview|4
|showteam|p1|Gholdengo||MetalCoat|GoodasGold|MakeItRain,ShadowBall,NastyPlot,Protect||||||50|,,,,,Water]Dragonite||LoadedDice|Multiscale|ScaleShot,ExtremeSpeed,Haze,Protect|||F|||50|,,,,,Steel]Ursaluna-Bloodmoon||AssaultVest|MindsEye|BloodMoon,HyperVoice,EarthPower,VacuumWave|||M|||50|,,,,,Water]Ninetales-Alola||FocusSash|SnowWarning|Blizzard,IcyWind,AuroraVeil,IcicleSpear|||M|||50|,,,,,Ghost]Annihilape||SafetyGoggles|Defiant|CloseCombat,RageFist,Coaching,Taunt|||M|||50|,,,,,Fire]Incineroar||RockyHelmet|Intimidate|KnockOff,FlareBlitz,PartingShot,FakeOut|||F|||50|,,,,,Ghost
|showteam|p2|Basculegion||LifeOrb|SwiftSwim|WaveCrash,LastRespects,AquaJet,Protect|||M|||50|,,,,,Water]Pelipper||FocusSash|Drizzle|WeatherBall,Hurricane,Tailwind,Protect|||M|||50|,,,,,Stellar]Amoonguss||CovertCloak|Regenerator|RagePowder,Spore,Protect,PollenPuff|||F|||50|,,,,,Fairy]Incineroar||SafetyGoggles|Intimidate|FakeOut,FlareBlitz,PartingShot,KnockOff|||M|||50|,,,,,Bug]Archaludon||AssaultVest|Stamina|DragonPulse,ElectroShot,FlashCannon,BodyPress|||F|||50|,,,,,Grass]Porygon2||Eviolite|Download|TeraBlast,Recover,TrickRoom,IceBeam||||||50|,,,,,Fighting
|inactive|Battle timer is ON: inactive players will automatically lose when time's up. (requested by exposniffer)
|
|t:|1757130635
|teamsize|p1|4
|teamsize|p2|4
|start
|switch|p1a: Teddy|Incineroar, L50, F|100/100
|switch|p1b: Leon|Annihilape, L50, M|100/100
|switch|p2a: Archaludon|Archaludon, L50, F|100/100
|switch|p2b: Basculegion|Basculegion, L50, M|100/100
|-ability|p1a: Teddy|Intimidate|boost
|-unboost|p2a: Archaludon|atk|1
|-unboost|p2b: Basculegion|atk|1
|turn|1
|
|t:|1757130648
|switch|p2a: Pelipper|Pelipper, L50, M|100/100
|-weather|RainDance|[from] ability: Drizzle|[of] p2a: Pelipper
|-terastallize|p2b: Basculegion|Water
|-terastallize|p1a: Teddy|Ghost
|move|p2b: Basculegion|Wave Crash|p1b: Leon
|-damage|p1b: Leon|0 fnt
|faint|p1b: Leon
|-damage|p2b: Basculegion|68/100|[from] Recoil
|-damage|p2b: Basculegion|59/100|[from] item: Life Orb
|move|p1a: Teddy|Knock Off|p2b: Basculegion
|-damage|p2b: Basculegion|6/100
|-enditem|p2b: Basculegion|Life Orb|[from] move: Knock Off|[of] p1a: Teddy
|
|-weather|RainDance|[upkeep]
|upkeep
|
|t:|1757130662
|switch|p1b: Loui|Ninetales-Alola, L50, M|100/100
|-weather|Snowscape|[from] ability: Snow Warning|[of] p1b: Loui
|turn|2
|
|t:|1757130671
|switch|p2b: Archaludon|Archaludon, L50, F|100/100
|move|p1b: Loui|Blizzard|p2a: Pelipper|[spread] p2a,p2b
|-damage|p2a: Pelipper|42/100
|-damage|p2b: Archaludon|80/100
|-status|p2b: Archaludon|frz
|-ability|p2b: Archaludon|Stamina|boost
|-boost|p2b: Archaludon|def|1
|move|p2a: Pelipper|Tailwind|p2a: Pelipper
|-sidestart|p2: fgyhung|move: Tailwind
|move|p1a: Teddy|Knock Off|p2a: Pelipper
|-damage|p2a: Pelipper|0 fnt
|-enditem|p2a: Pelipper|Focus Sash|[from] move: Knock Off|[of] p1a: Teddy
|faint|p2a: Pelipper
|
|-weather|Snowscape|[upkeep]
|upkeep
|
|t:|1757130683
|switch|p2a: Amoonguss|Amoonguss, L50, F|100/100
|turn|3
|
|t:|1757130703
|move|p2a: Amoonguss|Protect|p2a: Amoonguss
|-singleturn|p2a: Amoonguss|Protect
|cant|p2b: Archaludon|frz
|move|p1b: Loui|Blizzard|p2b: Archaludon|[spread] p2b
|-activate|p2a: Amoonguss|move: Protect
|-damage|p2b: Archaludon|59/100 frz
|-ability|p2b: Archaludon|Stamina|boost
|-boost|p2b: Archaludon|def|1
|move|p1a: Teddy|Flare Blitz|p2a: Amoonguss
|-activate|p2a: Amoonguss|move: Protect
|
|-weather|Snowscape|[upkeep]
|upkeep
|turn|4
|-message|fgyhung forfeited.
|
|win|exposniffer
||fgyhung is ready for game 2.
||exposniffer is ready for game 2.
|uhtml|next|Next: Game 2 of 3
|l|☆exposniffer
|player|p1|
|j|☆exposniffer
|player|p1|exposniffer|blue|
