|j|☆Ferran Tiburon
|j|☆Vexy43
|html|Ferran TiburonVexy43    
|uhtml|bestof|Game 1 of a best-of-3
|t:|1783089381
|gametype|doubles
|player|p1|Ferran Tiburon|101|1184
|player|p2|Vexy43|169|1094
|gen|9
|tier|[Gen 9 Champions] VGC 2026 Reg M-B (Bo3)
|rated|
|rule|Species Clause: Limit one of each Pokémon
|rule|Item Clause: Limit 1 of each item
|clearpoke
|poke|p1|Charizard, L50, M|
|poke|p1|Kingambit, L50, F|
|poke|p1|Sylveon, L50, F|
|poke|p1|Garchomp, L50, F|
|poke|p1|Aerodactyl, L50, M|
|poke|p1|Farigiraf, L50, F|
|poke|p2|Gengar, L50, F|
|poke|p2|Blaziken, L50, F|
|poke|p2|Basculegion, L50, M|
|poke|p2|Kingambit, L50, F|
|poke|p2|Ninetales-Alola, L50, M|
|poke|p2|Incineroar, L50, M|
|teampreview|4
|showteam|p1|Charizard||CharizarditeY|SolarPower|Protect,HeatWave,SolarBeam,WeatherBall|Modest||M|||50|]Kingambit||FocusSash|Defiant|IronHead,SuckerPunch,KowtowCleave,LowKick|Adamant||F|||50|]Sylveon||FairyFeather|Pixilate|Detect,HyperVoice,HyperBeam,QuickAttack|Modest||F|||50|]Garchomp||LifeOrb|RoughSkin|Protect,DragonClaw,Earthquake,StompingTantrum|Jolly||F|||50|]Aerodactyl||Aerodactylite|RockHead|IceFang,RockSlide,Tailwind,DualWingbeat|Jolly||M|||50|]Farigiraf||SitrusBerry|ArmorTail|TrickRoom,Psychic,Thunderbolt,Roar|Bold||F|||50|
|showteam|p2|Gengar||Gengarite|CursedBody|PerishSong,Disable,ShadowBall,Protect|Modest||F|||50|]Blaziken||Blazikenite|SpeedBoost|FlareBlitz,RockSlide,CloseCombat,Protect|Adamant||F|||50|]Basculegion||FocusSash|Adaptability|Liquidation,LastRespects,AquaJet,Protect|Serious||M|||50|]Kingambit||LifeOrb|Defiant|KowtowCleave,SuckerPunch,IronHead,Protect|Adamant||F|||50|]Ninetales-Alola||NeverMeltIce|SnowWarning|Blizzard,FreezeDry,Encore,Protect|Timid||M|||50|]Incineroar||PasshoBerry|Intimidate|FakeOut,FlareBlitz,PartingShot,Protect|Relaxed||M|||50|
|inactive|Battle timer is ON: inactive players will automatically lose when time's up. (requested by Ferran Tiburon)
|inactive|Vexy43 has 60 seconds left.
|inactive|Vexy43 has 30 seconds left.
|
|t:|1783089445
|teamsize|p1|4
|teamsize|p2|4
|start
|switch|p1a: Kingambit|Kingambit, L50, F|100/100
|switch|p1b: Aerodactyl|Aerodactyl, L50, M|100/100
|switch|p2a: Basculegion|Basculegion, L50, M|100/100
|switch|p2b: Kingambit|Kingambit, L50, F|100/100
|turn|1
|inactive|Ferran Tiburon has 30 seconds left.
|inactive|Vexy43 has 30 seconds left.
|
|t:|1783089479
|switch|p1b: Garchomp|Garchomp, L50, F|100/100
|move|p2a: Basculegion|Protect|p2a: Basculegion
|-singleturn|p2a: Basculegion|Protect
|move|p1a: Kingambit|Low Kick|p2b: Kingambit
|-supereffective|p2b: Kingambit|2
|-damage|p2b: Kingambit|0 fnt
|faint|p2b: Kingambit
|
|upkeep
|
|t:|1783089491
|switch|p2b: Blaziken|Blaziken, L50, F|100/100
|turn|2
|
|t:|1783089508
|detailschange|p2b: Blaziken|Blaziken-Mega, L50, F
|-mega|p2b: Blaziken|Blaziken|Blazikenite
|move|p1a: Kingambit|Sucker Punch|p2a: Basculegion
|-supereffective|p2a: Basculegion|1
|-enditem|p2a: Basculegion|Focus Sash
|-damage|p2a: Basculegion|1/100
|move|p1b: Garchomp|Earthquake|p2a: Basculegion|[spread] p1a,p2a,p2b
|-supereffective|p1a: Kingambit|1
|-supereffective|p2b: Blaziken|1
|-crit|p2b: Blaziken
|-damage|p1a: Kingambit|15/100
|-damage|p2a: Basculegion|0 fnt
|-damage|p2b: Blaziken|0 fnt
|faint|p2a: Basculegion
|faint|p2b: Blaziken
|-damage|p1b: Garchomp|90/100|[from] item: Life Orb
|
|upkeep
|-message|Vexy43 forfeited.
|
|win|Ferran Tiburon
|raw|Ferran Tiburon's rating: 1184 → 1203(+19 for winning)
|raw|Vexy43's rating: 1094 → 1076(-18 for losing)
