|j|☆kurozora13
|j|☆naibot2814
|html|kurozora13naibot2814    
|uhtml|bestof|Game 1 of a best-of-3
|t:|1782279861
|gametype|doubles
|player|p1|kurozora13|red|1214
|player|p2|naibot2814|ghetsis|1320
|gen|9
|tier|[Gen 9 Champions] VGC 2026 Reg M-B (Bo3)
|rated|
|rule|Species Clause: Limit one of each Pokémon
|rule|Item Clause: Limit 1 of each item
|clearpoke
|poke|p1|Delphox, L50, M|
|poke|p1|Scizor, L50, M|
|poke|p1|Garchomp, L50, M|
|poke|p1|Grimmsnarl, L50, M|
|poke|p1|Rotom-Wash, L50|
|poke|p1|Sinistcha-Masterpiece, L50|
|poke|p2|Aerodactyl, L50, M|
|poke|p2|Charizard, L50, M|
|poke|p2|Kingambit, L50, M|
|poke|p2|Sylveon, L50, F|
|poke|p2|Garchomp, L50, M, shiny|
|poke|p2|Farigiraf, L50, F|
|teampreview|4
|showteam|p1|Delphox||Delphoxite|Blaze|Protect,Encore,Psyshock,HeatWave|Timid||M|||50|]Scizor||Scizorite|Technician|Protect,SwordsDance,BulletPunch,CloseCombat|Adamant||M|||50|]Garchomp||LifeOrb|RoughSkin|Protect,RockSlide,DragonClaw,Earthquake|Jolly||M|||50|]Grimmsnarl||LightClay|Prankster|Reflect,LightScreen,PartingShot,FoulPlay|Impish||M|||50|]Rotom-Wash||SitrusBerry|Levitate|WillOWisp,VoltSwitch,Thunderbolt,HydroPump|Timid|||||50|]Sinistcha-Masterpiece||Leftovers|Hospitality|TrickRoom,RagePowder,LifeDew,MatchaGotcha|Bold|||||50|
|showteam|p2|Aerodactyl||Aerodactylite|Unnerve|RockSlide,DualWingbeat,IceFang,Tailwind|Jolly||M|||50|]Charizard||CharizarditeY|Blaze|WeatherBall,HeatWave,SolarBeam,Protect|Modest||M|||50|]Kingambit||FocusSash|Defiant|KowtowCleave,SuckerPunch,LowKick,IronHead|Adamant||M|||50|]Sylveon||FairyFeather|Pixilate|HyperVoice,HyperBeam,QuickAttack,Protect|Modest||F|||50|]Garchomp||LifeOrb|SandVeil|DragonClaw,StompingTantrum,Earthquake,Protect|Jolly||M|||50|]Farigiraf||SitrusBerry|ArmorTail|TwinBeam,Thunderbolt,TrickRoom,Roar|Bold||F|||50|
|
|t:|1782279906
|teamsize|p1|4
|teamsize|p2|4
|start
|switch|p1a: Rotom|Rotom-Wash, L50|100/100
|switch|p1b: Grimmsnarl|Grimmsnarl, L50, M|100/100
|switch|p2a: Aerodactyl|Aerodactyl, L50, M|100/100
|switch|p2b: Kingambit|Kingambit, L50, M|100/100
|-ability|p2a: Aerodactyl|Unnerve
|turn|1
|inactive|Battle timer is ON: inactive players will automatically lose when time's up. (requested by kurozora13)
|
|t:|1782279924
|detailschange|p2a: Aerodactyl|Aerodactyl-Mega, L50, M
|-mega|p2a: Aerodactyl|Aerodactyl|Aerodactylite
|move|p1b: Grimmsnarl|Reflect|p1b: Grimmsnarl
|-sidestart|p1: kurozora13|Reflect
|move|p2a: Aerodactyl|Dual Wingbeat|p1a: Rotom
|-resisted|p1a: Rotom|1
|-damage|p1a: Rotom|89/100
|-resisted|p1a: Rotom|1
|-damage|p1a: Rotom|77/100
|-hitcount|p1a: Rotom|2
|move|p1a: Rotom|Will-O-Wisp|p2b: Kingambit
|-status|p2b: Kingambit|brn
|move|p2b: Kingambit|Kowtow Cleave|p1a: Rotom
|-damage|p1a: Rotom|54/100
|
|-damage|p2b: Kingambit|93/100 brn|[from] brn
|upkeep
|turn|2
|inactive|naibot2814 has 30 seconds left.
|
|t:|1782279952
|switch|p2b: Sylveon|Sylveon, L50, F|100/100
|move|p1b: Grimmsnarl|Light Screen|p1b: Grimmsnarl
|-sidestart|p1: kurozora13|move: Light Screen
|move|p2a: Aerodactyl|Rock Slide|p1b: Grimmsnarl|[spread] p1a,p1b
|-crit|p1b: Grimmsnarl
|-damage|p1a: Rotom|31/100
|-damage|p1b: Grimmsnarl|62/100
|-enditem|p1a: Rotom|Sitrus Berry|[eat]
|-heal|p1a: Rotom|55/100|[from] item: Sitrus Berry
|move|p1a: Rotom|Hydro Pump|p2a: Aerodactyl
|-supereffective|p2a: Aerodactyl|1
|-damage|p2a: Aerodactyl|1/100
|
|upkeep
|turn|3
|
|t:|1782279969
|move|p1b: Grimmsnarl|Parting Shot|p2b: Sylveon
|-unboost|p2b: Sylveon|atk|1
|-unboost|p2b: Sylveon|spa|1
|
|t:|1782279973
|switch|p1b: Scizor|Scizor, L50, M|100/100|[from] Parting Shot
|move|p2a: Aerodactyl|Tailwind|p2a: Aerodactyl
|-sidestart|p2: naibot2814|move: Tailwind
|move|p2b: Sylveon|Hyper Voice|p1a: Rotom|[spread] p1a,p1b
|-resisted|p1b: Scizor|1
|-damage|p1a: Rotom|25/100
|-damage|p1b: Scizor|87/100
|move|p1a: Rotom|Volt Switch|p2a: Aerodactyl
|-supereffective|p2a: Aerodactyl|1
|-damage|p2a: Aerodactyl|0 fnt
|faint|p2a: Aerodactyl
|
|t:|1782279987
|switch|p1a: Grimmsnarl|Grimmsnarl, L50, M|62/100|[from] Volt Switch
|
|upkeep
|
|t:|1782279990
|switch|p2a: Farigiraf|Farigiraf, L50, F|100/100
|turn|4
|-message|naibot2814 forfeited.
|
|win|kurozora13
|l|☆naibot2814
|player|p2|
||kurozora13 is ready for game 2.
||naibot2814 is ready for game 2.
|uhtml|next|Next: Game 2 of 3
|l|☆kurozora13
|player|p1|
|j|☆naibot2814
|player|p2|naibot2814|ghetsis|
