|j|☆sbhaga34
|j|☆oops all fake outs
|html|sbhaga34oops all fake outs    
|uhtml|bestof|Game 2 of a best-of-3
|t:|1756937905
|gametype|doubles
|player|p1|sbhaga34|hugh|1252
|player|p2|oops all fake outs|skier|1296
|gen|9
|tier|[Gen 9] VGC 2025 Reg H (Bo3)
|rated|
|rule|Species Clause: Limit one of each Pokémon
|rule|Item Clause: Limit 1 of each item
|clearpoke
|poke|p1|Indeedee-F, L50, F|
|poke|p1|Hydreigon, L50, F|
|poke|p1|Tyranitar, L50, F|
|poke|p1|Excadrill, L50, M|
|poke|p1|Gardevoir, L50, M|
|poke|p1|Ursaluna-Bloodmoon, L50, M|
|poke|p2|Ninetales-Alola, L50, M|
|poke|p2|Rillaboom, L50, F|
|poke|p2|Magmar, L50, F|
|poke|p2|Sneasler, L50, M|
|poke|p2|Kingambit, L50, F|
|poke|p2|Basculegion, L50, M|
|teampreview|4
|showteam|p1|Indeedee-F||SafetyGoggles|PsychicSurge|FollowMe,TrickRoom,HelpingHand,Psychic|||F|||50|,,,,,Fairy]Hydreigon||CovertCloak|Levitate|DracoMeteor,Flamethrower,Tailwind,Taunt|||F|||50|,,,,,Fire]Tyranitar||WeaknessPolicy|SandStream|RockSlide,KnockOff,LowKick,Protect|||F|||50|,,,,,Flying]Excadrill||FocusSash|SandRush|Earthquake,IronHead,SwordsDance,Protect|||M|||50|,,,,,Ground]Gardevoir||ChoiceScarf|Telepathy|ExpandingForce,DazzlingGleam,Moonblast,IcyWind|||M|||50|,,,,,Psychic]Ursaluna-Bloodmoon||AssaultVest|MindsEye|BloodMoon,HyperVoice,EarthPower,VacuumWave|||M|||50|,,,,,Water
|showteam|p2|Ninetales-Alola||LifeOrb|SnowWarning|Blizzard,FreezeDry,Encore,Protect|||M|||50|,,,,,Ghost]Rillaboom||AssaultVest|GrassySurge|WoodHammer,FakeOut,Uturn,GrassyGlide|||F|||50|,,,,,Ghost]Magmar||Eviolite|VitalSpirit|Protect,HeatWave,Taunt,FollowMe|||F|||50|,,,,,Ghost]Sneasler||FocusSash|PoisonTouch|FakeOut,DireClaw,CloseCombat,Protect|||M|||50|,,,,,Ghost]Kingambit||BlackGlasses|Defiant|KowtowCleave,SwordsDance,SuckerPunch,Protect|||F|||50|,,,,,Fire]Basculegion||ChoiceScarf|Adaptability|WaveCrash,LastRespects,FlipTurn,TeraBlast|||M|||50|,,,,,Fighting
|inactive|Battle timer is ON: inactive players will automatically lose when time's up. (requested by oops all fake outs)
|j| teamthief420
|
|t:|1756937934
|teamsize|p1|4
|teamsize|p2|4
|start
|switch|p1a: Hydreigon|Hydreigon, L50, F|100/100
|switch|p1b: Ursaluna|Ursaluna-Bloodmoon, L50, M|100/100
|switch|p2a: Sneasler|Sneasler, L50, M|100/100
|switch|p2b: Kingambit|Kingambit, L50, F|100/100
|turn|1
|inactive|sbhaga34 has 30 seconds left.
|inactive|sbhaga34 has 20 seconds left.
|inactive|sbhaga34 has 15 seconds left.
|
|t:|1756937975
|-terastallize|p1b: Ursaluna|Water
|move|p2a: Sneasler|Close Combat|p1a: Hydreigon
|-supereffective|p1a: Hydreigon
|-damage|p1a: Hydreigon|0 fnt
|-unboost|p2a: Sneasler|def|1
|-unboost|p2a: Sneasler|spd|1
|faint|p1a: Hydreigon
|move|p1b: Ursaluna|Earth Power|p2a: Sneasler
|-supereffective|p2a: Sneasler
|-enditem|p2a: Sneasler|Focus Sash
|-damage|p2a: Sneasler|1/100
|move|p2b: Kingambit|Kowtow Cleave|p1b: Ursaluna
|-damage|p1b: Ursaluna|59/100
|
|upkeep
|
|t:|1756937992
|switch|p1a: Gardevoir|Gardevoir, L50, M, shiny|100/100
|turn|2
|inactive|oops all fake outs has 30 seconds left.
|
|t:|1756938022
|move|p1b: Ursaluna|Vacuum Wave|p2b: Kingambit
|-supereffective|p2b: Kingambit
|-damage|p2b: Kingambit|34/100
|move|p2b: Kingambit|Sucker Punch||[still]
|-fail|p2b: Kingambit
|move|p1a: Gardevoir|Expanding Force|p2a: Sneasler
|-supereffective|p2a: Sneasler
|-damage|p2a: Sneasler|0 fnt
|faint|p2a: Sneasler
|
|upkeep
|
|t:|1756938027
|switch|p2a: Ninetales|Ninetales-Alola, L50, M|100/100
|-weather|Snowscape|[from] ability: Snow Warning|[of] p2a: Ninetales
|turn|3
|
|t:|1756938049
|move|p2b: Kingambit|Protect|p2b: Kingambit
|-singleturn|p2b: Kingambit|Protect
|move|p1a: Gardevoir|Expanding Force|p2a: Ninetales
|-damage|p2a: Ninetales|55/100
|move|p2a: Ninetales|Freeze-Dry|p1b: Ursaluna
|-supereffective|p1b: Ursaluna
|-damage|p1b: Ursaluna|2/100
|-damage|p2a: Ninetales|46/100|[from] item: Life Orb
|move|p1b: Ursaluna|Hyper Voice|p2a: Ninetales|[spread] p2a
|-activate|p2b: Kingambit|move: Protect
|-damage|p2a: Ninetales|1/100
|
|-weather|Snowscape|[upkeep]
|upkeep
|turn|4
|inactive|oops all fake outs has 30 seconds left.
|
|t:|1756938075
|switch|p2b: Magmar|Magmar, L50, F|100/100
|move|p1b: Ursaluna|Vacuum Wave|p2b: Magmar
|-damage|p2b: Magmar|88/100
|move|p1a: Gardevoir|Expanding Force|p2b: Magmar
|-damage|p2b: Magmar|58/100
|move|p2a: Ninetales|Blizzard|p1b: Ursaluna|[spread] p1a,p1b
|-resisted|p1b: Ursaluna
|-damage|p1a: Gardevoir|57/100
|-damage|p1b: Ursaluna|0 fnt
|faint|p1b: Ursaluna
|-damage|p2a: Ninetales|0 fnt|[from] item: Life Orb
|faint|p2a: Ninetales
|
|-weather|Snowscape|[upkeep]
|upkeep
|
|t:|1756938090
|switch|p2a: Kingambit|Kingambit, L50, F|34/100
|switch|p1b: Indeedee|Indeedee-F, L50, F|100/100
|-fieldstart|move: Psychic Terrain|[from] ability: Psychic Surge|[of] p1b: Indeedee
|turn|5
|-message|sbhaga34 forfeited.
|
|win|oops all fake outs
|raw|sbhaga34's rating: 1252 → 1230(-22 for losing)
|raw|oops all fake outs's rating: 1296 → 1318(+22 for winning)
|l|☆sbhaga34
|player|p1|
|c|☆oops all fake outs|ok well
