|j|☆PuniHina
|j|☆myshirtisdirty
|html|PuniHinamyshirtisdirty    
|uhtml|bestof|Game 1 of a best-of-3
|t:|1783918549
|gametype|doubles
|player|p1|PuniHina|lacey|1304
|player|p2|myshirtisdirty|102|1235
|gen|9
|tier|[Gen 9 Champions] VGC 2026 Reg M-B (Bo3)
|rated|
|rule|Species Clause: Limit one of each Pokémon
|rule|Item Clause: Limit 1 of each item
|clearpoke
|poke|p1|Meganium, L50, F, shiny|
|poke|p1|Altaria, L50, M|
|poke|p1|Incineroar, L50, F|
|poke|p1|Scizor, L50, F|
|poke|p1|Basculegion, L50, M|
|poke|p1|Garchomp, L50, M|
|poke|p2|Aerodactyl, L50, F|
|poke|p2|Kingambit, L50, F, shiny|
|poke|p2|Milotic, L50, F|
|poke|p2|Garchomp, L50, F|
|poke|p2|Meganium, L50, F|
|poke|p2|Delphox, L50, M|
|teampreview|4
|showteam|p1|Meganium||Meganiumite|LeafGuard|SolarBeam,DazzlingGleam,Protect,EarthPower|Modest||F|||50|]Altaria||RoseliBerry|CloudNine|BraveBird,Roost,Tailwind,WillOWisp|Impish||M|||50|]Incineroar||PasshoBerry|Intimidate|FlareBlitz,ThroatChop,FakeOut,PartingShot|Impish||F|||50|]Scizor||Scizorite|Technician|BulletPunch,BugBite,Protect,SwordsDance|Adamant||F|||50|]Basculegion||SitrusBerry|Adaptability|WaveCrash,LastRespects,AquaJet,Protect|Adamant||M|||50|]Garchomp||LifeOrb|RoughSkin|StompingTantrum,DragonClaw,RockSlide,Protect|Jolly||M|||50|
|showteam|p2|Aerodactyl||FocusSash|Unnerve|PsychicFangs,RockSlide,Tailwind,Taunt|Jolly||F|||50|]Kingambit||BlackGlasses|Defiant|LowKick,SuckerPunch,KowtowCleave,IronHead|Adamant||F|||50|]Milotic||Leftovers|Competitive|MuddyWater,IceBeam,Scald,Protect|Modest||F|||50|]Garchomp||LifeOrb|RoughSkin|RockSlide,Earthquake,DragonClaw,Protect|Adamant||F|||50|]Meganium||Meganiumite|Overgrow|SolarBeam,DazzlingGleam,WeatherBall,Protect|Modest||F|||50|]Delphox||Delphoxite|Blaze|HeatWave,Psychic,NastyPlot,Protect|Timid||M|||50|
|inactive|Battle timer is ON: inactive players will automatically lose when time's up. (requested by PuniHina)
|
|t:|1783918607
|teamsize|p1|4
|teamsize|p2|4
|start
|switch|p1a: Scizor|Scizor, L50, F|100/100
|switch|p1b: Basculegion|Basculegion, L50, M|100/100
|switch|p2a: Aerodactyl|Aerodactyl, L50, F|100/100
|switch|p2b: Milotic|Milotic, L50, F|100/100
|-ability|p2a: Aerodactyl|Unnerve
|turn|1
|inactive|PuniHina has 30 seconds left.
|
|t:|1783918636
|detailschange|p1a: Scizor|Scizor-Mega, L50, F
|-mega|p1a: Scizor|Scizor|Scizorite
|move|p2a: Aerodactyl|Tailwind|p2a: Aerodactyl
|-sidestart|p2: myshirtisdirty|move: Tailwind
|move|p2b: Milotic|Scald|p1a: Scizor
|-damage|p1a: Scizor|63/100
|-status|p1a: Scizor|brn
|move|p1b: Basculegion|Wave Crash|p2a: Aerodactyl
|-supereffective|p2a: Aerodactyl|1
|-enditem|p2a: Aerodactyl|Focus Sash
|-damage|p2a: Aerodactyl|1/100
|-damage|p1b: Basculegion|75/100|[from] Recoil
|move|p1a: Scizor|Swords Dance|p1a: Scizor
|-boost|p1a: Scizor|atk|2
|
|-damage|p1a: Scizor|57/100 brn|[from] brn
|upkeep
|turn|2
|inactive|myshirtisdirty has 30 seconds left.
|
|t:|1783918664
|move|p1b: Basculegion|Aqua Jet|p2a: Aerodactyl
|-supereffective|p2a: Aerodactyl|1
|-damage|p2a: Aerodactyl|0 fnt
|faint|p2a: Aerodactyl
|move|p2b: Milotic|Muddy Water|p1a: Scizor|[spread] p1b
|-miss|p2b: Milotic|p1a: Scizor
|-resisted|p1b: Basculegion|1
|-damage|p1b: Basculegion|59/100
|move|p1a: Scizor|Bug Bite|p2b: Milotic
|-damage|p2b: Milotic|53/100
|
|-heal|p2b: Milotic|59/100|[from] item: Leftovers
|-damage|p1a: Scizor|52/100 brn|[from] brn
|upkeep
|
|t:|1783918674
|switch|p2a: Meganium|Meganium, L50, F|100/100
|turn|3
|
|t:|1783918692
|switch|p1b: Altaria|Altaria, L50, M|100/100
|-ability|p1b: Altaria|Cloud Nine
|detailschange|p2a: Meganium|Meganium-Mega, L50, F
|-mega|p2a: Meganium|Meganium|Meganiumite
|move|p1a: Scizor|Bullet Punch|p2a: Meganium
|-supereffective|p2a: Meganium|1
|-damage|p2a: Meganium|37/100
|move|p2a: Meganium|Weather Ball|p1a: Scizor
|-supereffective|p1a: Scizor|2
|-damage|p1a: Scizor|0 fnt
|faint|p1a: Scizor
|move|p2b: Milotic|Scald|p1b: Altaria
|-resisted|p1b: Altaria|1
|-damage|p1b: Altaria|85/100
|
|-heal|p2b: Milotic|65/100|[from] item: Leftovers
|upkeep
|
|t:|1783918708
|switch|p1a: Basculegion|Basculegion, L50, M|59/100
|turn|4
|
|t:|1783918717
|move|p1a: Basculegion|Protect|p1a: Basculegion
|-singleturn|p1a: Basculegion|Protect
|move|p2a: Meganium|Solar Beam||[still]
|-prepare|p2a: Meganium|Solar Beam
|-activate|p2a: Meganium|ability: Mega Sol
|-anim|p2a: Meganium|Solar Beam|p1a: Basculegion
|-activate|p1a: Basculegion|move: Protect
|move|p2b: Milotic|Ice Beam|p1b: Altaria
|-supereffective|p1b: Altaria|2
|-damage|p1b: Altaria|0 fnt
|faint|p1b: Altaria
|
|-heal|p2b: Milotic|71/100|[from] item: Leftovers
|-sideend|p2: myshirtisdirty|move: Tailwind
|upkeep
|-message|PuniHina forfeited.
|
|win|myshirtisdirty
||PuniHina is ready for game 2.
||myshirtisdirty is ready for game 2.
|uhtml|next|Next: Game 2 of 3
|l|☆myshirtisdirty
|player|p2|
