|j|☆Qicide
|html|JimcaronaQicide    
|uhtml|bestof|Game 2 of a best-of-3
|t:|1757731535
|gametype|doubles
|player|p1|Jimcarona|266|1206
|player|p2|Qicide|red|1276
|gen|9
|tier|[Gen 9] VGC 2025 Reg H (Bo3)
|rated|
|rule|Species Clause: Limit one of each Pokémon
|rule|Item Clause: Limit 1 of each item
|clearpoke
|poke|p1|Indeedee-F, L50, F|
|poke|p1|Armarouge, L50, M|
|poke|p1|Torkoal, L50, F|
|poke|p1|Ursaluna, L50, F|
|poke|p1|Gallade, L50, M|
|poke|p1|Lilligant-Hisui, L50, F|
|poke|p2|Porygon2, L50|
|poke|p2|Incineroar, L50, F|
|poke|p2|Ursaluna, L50, F|
|poke|p2|Jumpluff, L50, M|
|poke|p2|Charizard, L50, F|
|poke|p2|Torkoal, L50, F|
|teampreview|4
|showteam|p1|Indeedee-F||PsychicSeed|PsychicSurge|Psychic,HelpingHand,FollowMe,TrickRoom|||F|||50|,,,,,Grass]Armarouge||LifeOrb|FlashFire|ExpandingForce,ArmorCannon,TrickRoom,Protect|||M|||50|,,,,,Grass]Torkoal||Charcoal|Drought|Eruption,WeatherBall,HeatWave,Protect|||F|||50|,,,,,Fire]Ursaluna||FlameOrb|Guts|Facade,HeadlongRush,Earthquake,Protect|||F|||50|,,,,,Ghost]Gallade||ClearAmulet|Sharpness|SacredSword,PsychoCut,TrickRoom,Protect|||M|||50|,,,,,Grass]Lilligant-Hisui||FocusSash|Chlorophyll|CloseCombat,TripleAxel,SleepPowder,AfterYou|||F|||50|,,,,,Ghost
|showteam|p2|Porygon2||Eviolite|Download|TeraBlast,IceBeam,TrickRoom,Recover||||||50|,,,,,Fighting]Incineroar||SitrusBerry|Intimidate|FakeOut,KnockOff,FlareBlitz,PartingShot|||F|||50|,,,,,Ghost]Ursaluna||FlameOrb|Guts|HeadlongRush,Facade,Earthquake,Protect|||F|||50|,,,,,Ghost]Jumpluff||CovertCloak|Chlorophyll|RagePowder,SunnyDay,Tailwind,SleepPowder|||M|||50|,,,,,Water]Charizard||ChoiceSpecs|SolarPower|HeatWave,Overheat,WeatherBall,SolarBeam|||F|||50|,,,,,Ghost]Torkoal||EjectPack|Drought|Overheat,Eruption,HelpingHand,Protect|||F|||50|,,,,,Fire
|inactive|Battle timer is ON: inactive players will automatically lose when time's up. (requested by Qicide)
|inactive|Jimcarona disconnected and has a minute to reconnect!
|inactive|Jimcarona has 30 seconds to reconnect!
|j|☆Jimcarona
|inactive|Jimcarona reconnected and has 60 seconds left.
|player|p1|Jimcarona|266|
|
|t:|1757731578
|teamsize|p1|4
|teamsize|p2|4
|start
|switch|p1a: Indeedee|Indeedee-F, L50, F|100/100
|switch|p1b: Gallade|Gallade, L50, M|100/100
|switch|p2a: Jumpluff|Jumpluff, L50, M|100/100
|switch|p2b: Incineroar|Incineroar, L50, F|100/100
|-ability|p2b: Incineroar|Intimidate|boost
|-unboost|p1a: Indeedee|atk|1
|-fail|p1b: Gallade|unboost|[from] item: Clear Amulet|[of] p1b: Gallade
|-fieldstart|move: Psychic Terrain|[from] ability: Psychic Surge|[of] p1a: Indeedee
|-enditem|p1a: Indeedee|Psychic Seed
|-boost|p1a: Indeedee|spd|1|[from] item: Psychic Seed
|turn|1
|inactive|Qicide has 30 seconds left.
|
|t:|1757731607
|switch|p2a: Torkoal|Torkoal, L50, F|100/100
|-weather|SunnyDay|[from] ability: Drought|[of] p2a: Torkoal
|-terastallize|p1a: Indeedee|Grass
|move|p1a: Indeedee|Follow Me|p1a: Indeedee
|-singleturn|p1a: Indeedee|move: Follow Me
|move|p1b: Gallade|Sacred Sword|p2b: Incineroar
|-supereffective|p2b: Incineroar
|-damage|p2b: Incineroar|0 fnt
|faint|p2b: Incineroar
|
|-weather|SunnyDay|[upkeep]
|upkeep
|
|t:|1757731618
|switch|p2b: Jumpluff|Jumpluff, L50, M|100/100
|turn|2
|
|t:|1757731640
|move|p2b: Jumpluff|Rage Powder|p2b: Jumpluff
|-singleturn|p2b: Jumpluff|move: Rage Powder
|move|p1a: Indeedee|Follow Me|p1a: Indeedee
|-singleturn|p1a: Indeedee|move: Follow Me
|move|p1b: Gallade|Psycho Cut|p2b: Jumpluff
|-damage|p2b: Jumpluff|17/100
|move|p2a: Torkoal|Overheat|p1a: Indeedee
|-supereffective|p1a: Indeedee
|-damage|p1a: Indeedee|0 fnt
|-unboost|p2a: Torkoal|spa|2
|faint|p1a: Indeedee
|-enditem|p2a: Torkoal|Eject Pack
|
|t:|1757731648
|switch|p2a: Ursaluna|Ursaluna, L50, F|100/100
|
|-weather|SunnyDay|[upkeep]
|-status|p2a: Ursaluna|brn|[from] item: Flame Orb
|upkeep
|
|t:|1757731660
|switch|p1a: Armarouge|Armarouge, L50, M|100/100
|turn|3
|
|t:|1757731673
|move|p2b: Jumpluff|Tailwind|p2b: Jumpluff
|-sidestart|p2: Qicide|move: Tailwind
|move|p2a: Ursaluna|Earthquake|p1b: Gallade|[spread] p1a,p1b
|-immune|p2b: Jumpluff
|-supereffective|p1a: Armarouge
|-damage|p1a: Armarouge|0 fnt
|-damage|p1b: Gallade|0 fnt
|faint|p1a: Armarouge
|faint|p1b: Gallade
|
|-weather|SunnyDay|[upkeep]
|-damage|p2a: Ursaluna|95/100 brn|[from] brn
|upkeep
|
|t:|1757731681
|switch|p1b: Torkoal|Torkoal, L50, F|100/100
|turn|4
|
|t:|1757731687
|move|p2b: Jumpluff|Sleep Powder|p1b: Torkoal
|-status|p1b: Torkoal|slp|[from] move: Sleep Powder
|move|p2a: Ursaluna|Headlong Rush|p1b: Torkoal
|-supereffective|p1b: Torkoal
|-damage|p1b: Torkoal|0 fnt
|-unboost|p2a: Ursaluna|def|1
|-unboost|p2a: Ursaluna|spd|1
|faint|p1b: Torkoal
|
|win|Qicide
