|j|☆dcerza127
|j|☆Fraudapagos
|html|dcerza127Fraudapagos    
|uhtml|bestof|Game 2 of a best-of-3
|t:|1754483423
|gametype|doubles
|player|p1|dcerza127|101|1269
|player|p2|Fraudapagos|harmony|1347
|gen|9
|tier|[Gen 9] VGC 2025 Reg H (Bo3)
|rated|
|rule|Species Clause: Limit one of each Pokémon
|rule|Item Clause: Limit 1 of each item
|clearpoke
|poke|p1|Meowscarada, L50, M|
|poke|p1|Primarina, L50, F|
|poke|p1|Sneasler, L50, F|
|poke|p1|Indeedee, L50, M|
|poke|p1|Decidueye-Hisui, L50, F|
|poke|p1|Arcanine-Hisui, L50, F|
|poke|p2|Incineroar, L50, M|
|poke|p2|Amoonguss, L50, F|
|poke|p2|Annihilape, L50, M|
|poke|p2|Ninetales-Alola, L50, M|
|poke|p2|Rillaboom, L50, M|
|poke|p2|Glimmora, L50, F|
|teampreview|4
|showteam|p1|Meowscarada||FocusSash|Overgrow|GrassPledge,FlowerTrick,KnockOff,Protect|||M|||50|,,,,,Ghost]Primarina||CovertCloak|LiquidVoice|WaterPledge,HyperVoice,Moonblast,Protect|||F|||50|,,,,,Poison]Sneasler||PsychicSeed|Unburden|DireClaw,CloseCombat,ThroatChop,Protect|||F|||50|,,,,,Dark]Indeedee||SafetyGoggles|PsychicSurge|ExpandingForce,TrickRoom,Imprison,Protect|||M|||50|,,,,,Fairy]Decidueye-Hisui||RazorClaw|Scrappy|TripleArrows,LeafBlade,Tailwind,Protect|||F|||50|,,,,,Fire]Arcanine-Hisui||ClearAmulet|Intimidate|RockSlide,FlareBlitz,ExtremeSpeed,Protect|||F|||50|,,,,,Normal
|showteam|p2|Incineroar||AssaultVest|Intimidate|FakeOut,KnockOff,FlareBlitz,Uturn|||M|||50|,,,,,Ghost]Amoonguss||RockyHelmet|Regenerator|PollenPuff,ClearSmog,RagePowder,Spore|||F|||50|,,,,,Fairy]Annihilape||Leftovers|Defiant|RageFist,DrainPunch,BulkUp,Protect|||M|||50|,,,,,Fire]Ninetales-Alola||CovertCloak|SnowWarning|Blizzard,Encore,Moonblast,AuroraVeil|||M|||50|,,,,,Fire]Rillaboom||MiracleSeed|GrassySurge|Uturn,WoodHammer,GrassyGlide,FakeOut|||M|||50|,,,,,Fire]Glimmora||PowerHerb|ToxicDebris|MeteorBeam,EarthPower,SludgeBomb,SpikyShield|||F|||50|,,,,,Grass
|inactive|Battle timer is ON: inactive players will automatically lose when time's up. (requested by dcerza127)
|inactive|Fraudapagos also wants the timer to be on.
|inactive|dcerza127 has 60 seconds left.
|
|t:|1754483455
|teamsize|p1|4
|teamsize|p2|4
|start
|switch|p1a: Meowscarada|Meowscarada, L50, M|100/100
|switch|p1b: Primarina|Primarina, L50, F|100/100
|switch|p2a: Rillaboom|Rillaboom, L50, M, shiny|100/100
|switch|p2b: Annihilape|Annihilape, L50, M|100/100
|-fieldstart|move: Grassy Terrain|[from] ability: Grassy Surge|[of] p2a: Rillaboom
|turn|1
|
|t:|1754483472
|-terastallize|p1a: Meowscarada|Ghost
|-terastallize|p2b: Annihilape|Fire
|move|p1a: Meowscarada|Grass Pledge|p2b: Annihilape
|-waiting|p1a: Meowscarada|p1b: Primarina
|move|p1b: Primarina|Water Pledge|p2b: Annihilape|[from] move: Grass Pledge
|-combine
|-resisted|p2b: Annihilape
|-damage|p2b: Annihilape|64/100
|-sidestart|p2: Fraudapagos|Grass Pledge
|move|p2b: Annihilape|Bulk Up|p2b: Annihilape
|-boost|p2b: Annihilape|atk|1
|-boost|p2b: Annihilape|def|1
|move|p2a: Rillaboom|Wood Hammer|p1b: Primarina
|-supereffective|p1b: Primarina
|-damage|p1b: Primarina|0 fnt
|faint|p1b: Primarina
|-damage|p2a: Rillaboom|70/100|[from] Recoil
|
|-heal|p2a: Rillaboom|76/100|[from] Grassy Terrain
|-heal|p2b: Annihilape|70/100|[from] Grassy Terrain
|-heal|p2b: Annihilape|76/100|[from] item: Leftovers
|upkeep
|
|t:|1754483493
|switch|p1b: Sneasler|Sneasler, L50, F|100/100
|turn|2
|
|t:|1754483511
|switch|p1a: Indeedee|Indeedee, L50, M|100/100
|-fieldstart|move: Psychic Terrain|[from] ability: Psychic Surge|[of] p1a: Indeedee
|-enditem|p1b: Sneasler|Psychic Seed
|-boost|p1b: Sneasler|spd|1|[from] item: Psychic Seed
|move|p1b: Sneasler|Dire Claw|p2a: Rillaboom
|-supereffective|p2a: Rillaboom
|-damage|p2a: Rillaboom|0 fnt
|faint|p2a: Rillaboom
|move|p2b: Annihilape|Rage Fist|p1b: Sneasler
|-damage|p1b: Sneasler|0 fnt
|faint|p1b: Sneasler
|
|-heal|p2b: Annihilape|83/100|[from] item: Leftovers
|upkeep
|
|t:|1754483527
|switch|p1b: Meowscarada|Meowscarada, L50, M, tera:Ghost|100/100
|switch|p2a: Incineroar|Incineroar, L50, M, shiny|100/100
|-ability|p2a: Incineroar|Intimidate|boost
|-unboost|p1a: Indeedee|atk|1
|-unboost|p1b: Meowscarada|atk|1
|turn|3
|-message|dcerza127 forfeited.
|
|win|Fraudapagos
|raw|dcerza127's rating: 1269 → 1250(-19 for losing)
|raw|Fraudapagos's rating: 1347 → 1363(+16 for winning)
|l|☆dcerza127
|player|p1|
|c|☆Fraudapagos|gg
