|j|☆Phish With A PH
|j|☆CretaceousDraconid
|html|Phish With A PHCretaceousDraconid    
|uhtml|bestof|Game 1 of a best-of-3
|t:|1757830176
|gametype|doubles
|player|p1|Phish With A PH|wallace|1159
|player|p2|CretaceousDraconid|zinnia-masters|1139
|gen|9
|tier|[Gen 9] VGC 2025 Reg H (Bo3)
|rated|
|rule|Species Clause: Limit one of each Pokémon
|rule|Item Clause: Limit 1 of each item
|clearpoke
|poke|p1|Sinistcha-Masterpiece, L50|
|poke|p1|Primarina, L50, F|
|poke|p1|Incineroar, L50, F|
|poke|p1|Porygon2, L50|
|poke|p1|Gliscor, L50, M|
|poke|p1|Archaludon, L50, M|
|poke|p2|Whimsicott, L50, F|
|poke|p2|Incineroar, L50, M|
|poke|p2|Salamence, L50, F|
|poke|p2|Garchomp, L50, M|
|poke|p2|Sneasler, L50, M|
|poke|p2|Ninetales-Alola, L50, F|
|teampreview|4
|showteam|p1|Sinistcha-Masterpiece||MentalHerb|Hospitality|MatchaGotcha,ShadowBall,RagePowder,Protect||||||50|,,,,,Water]Primarina||AssaultVest|LiquidVoice|HyperVoice,Moonblast,IcyWind,Psychic|||F|||50|,,,,,Water]Incineroar||SafetyGoggles|Intimidate|KnockOff,FakeOut,PartingShot,Protect|||F|||50|,,,,,Ghost]Porygon2||Eviolite|Download|TeraBlast,IceBeam,TrickRoom,Protect||||||50|,,,,,Fighting]Gliscor||ToxicOrb|PoisonHeal|HighHorsepower,Tailwind,SwordsDance,Protect|||M|||50|,,,,,Water]Archaludon||PowerHerb|Stamina|BodyPress,ElectroShot,Snarl,Protect|||M|||50|,,,,,Grass
|showteam|p2|Whimsicott||CovertCloak|Prankster|Tailwind,Moonblast,Encore,Taunt|||F|||50|,,,,,Water]Incineroar||SafetyGoggles|Intimidate|FakeOut,Taunt,PartingShot,KnockOff|||M|||50|,,,,,Ghost]Salamence||ChoiceSpecs|Intimidate|Hurricane,HeatWave,DracoMeteor,HydroPump|||F|||50|,,,,,Fire]Garchomp||LoadedDice|RoughSkin|StompingTantrum,Earthquake,ScaleShot,Protect|||M|||50|,,,,,Ghost]Sneasler||FocusSash|PoisonTouch|DireClaw,CloseCombat,Coaching,Protect|||M|||50|,,,,,Fairy]Ninetales-Alola||NeverMeltIce|SnowWarning|FreezeDry,Blizzard,AuroraVeil,Protect|||F|||50|,,,,,Ghost
|
|t:|1757830225
|teamsize|p1|4
|teamsize|p2|4
|start
|switch|p1a: Archaludon|Archaludon, L50, M|100/100
|switch|p1b: Primarina|Primarina, L50, F|100/100
|switch|p2a: Incineroar|Incineroar, L50, M|100/100
|switch|p2b: TheFuckYouGuy|Sneasler, L50, M|100/100
|-ability|p2a: Incineroar|Intimidate|boost
|-unboost|p1a: Archaludon|atk|1
|-unboost|p1b: Primarina|atk|1
|turn|1
|
|t:|1757830242
|move|p1a: Archaludon|Protect|p1a: Archaludon
|-singleturn|p1a: Archaludon|Protect
|move|p2a: Incineroar|Fake Out|p1b: Primarina
|-damage|p1b: Primarina|91/100
|move|p2b: TheFuckYouGuy|Close Combat|p1a: Archaludon
|-activate|p1a: Archaludon|move: Protect
|cant|p1b: Primarina|flinch
|
|upkeep
|turn|2
|
|t:|1757830270
|switch|p1b: Incineroar|Incineroar, L50, F|100/100
|-ability|p1b: Incineroar|Intimidate|boost
|-unboost|p2a: Incineroar|atk|1
|-unboost|p2b: TheFuckYouGuy|atk|1
|move|p2b: TheFuckYouGuy|Dire Claw|p1b: Incineroar
|-damage|p1b: Incineroar|75/100
|-status|p1b: Incineroar|psn
|move|p1a: Archaludon|Electro Shot||[still]
|-prepare|p1a: Archaludon|Electro Shot
|-boost|p1a: Archaludon|spa|1
|-enditem|p1a: Archaludon|Power Herb
|-anim|p1a: Archaludon|Electro Shot|p2b: TheFuckYouGuy
|-damage|p2b: TheFuckYouGuy|16/100
|move|p2a: Incineroar|Parting Shot|p1a: Archaludon
|-unboost|p1a: Archaludon|atk|1
|-unboost|p1a: Archaludon|spa|1
|
|t:|1757830283
|switch|p2a: Garchomp|Garchomp, L50, M|100/100|[from] Parting Shot
|
|-damage|p1b: Incineroar|62/100 psn|[from] psn
|upkeep
|turn|3
|
|t:|1757830301
|switch|p1b: Primarina|Primarina, L50, F|91/100
|-terastallize|p1a: Archaludon|Grass
|move|p2b: TheFuckYouGuy|Protect|p2b: TheFuckYouGuy
|-singleturn|p2b: TheFuckYouGuy|Protect
|move|p2a: Garchomp|Earthquake|p1b: Primarina|[spread] p1a,p1b
|-activate|p2b: TheFuckYouGuy|move: Protect
|-resisted|p1a: Archaludon
|-damage|p1a: Archaludon|83/100
|-damage|p1b: Primarina|53/100
|-ability|p1a: Archaludon|Stamina|boost
|-boost|p1a: Archaludon|def|1
|move|p1a: Archaludon|Body Press|p2b: TheFuckYouGuy
|-activate|p2b: TheFuckYouGuy|move: Protect
|
|upkeep
|turn|4
|
|t:|1757830328
|switch|p1b: Incineroar|Incineroar, L50, F|62/100 psn
|-ability|p1b: Incineroar|Intimidate|boost
|-unboost|p2a: Garchomp|atk|1
|-unboost|p2b: TheFuckYouGuy|atk|1
|move|p2b: TheFuckYouGuy|Dire Claw|p1a: Archaludon
|-supereffective|p1a: Archaludon
|-crit|p1a: Archaludon
|-damage|p1a: Archaludon|0 fnt
|faint|p1a: Archaludon
|move|p2a: Garchomp|Stomping Tantrum|p1b: Incineroar
|-supereffective|p1b: Incineroar
|-damage|p1b: Incineroar|9/100 psn
|
|-damage|p1b: Incineroar|0 fnt|[from] psn
|faint|p1b: Incineroar
|upkeep
|c|☆CretaceousDraconid|mb
|
|t:|1757830339
|switch|p1a: Primarina|Primarina, L50, F|53/100
|switch|p1b: Porygon2|Porygon2, L50|100/100
|-ability|p1b: Porygon2|Download|boost
|-boost|p1b: Porygon2|atk|1
|turn|5
|c|☆Phish With A PH|not your fault, part of the game
|
|t:|1757830361
|move|p2b: TheFuckYouGuy|Dire Claw|p1a: Primarina
|-supereffective|p1a: Primarina
|-damage|p1a: Primarina|10/100
|-status|p1a: Primarina|psn
|move|p2a: Garchomp|Stomping Tantrum|p1a: Primarina
|-damage|p1a: Primarina|0 fnt
|faint|p1a: Primarina
|move|p1b: Porygon2|Trick Room|p1b: Porygon2
|-fieldstart|move: Trick Room|[of] p1b: Porygon2
|
|upkeep
|turn|6
|
|t:|1757830371
|switch|p2a: Incineroar|Incineroar, L50, M|100/100
|-ability|p2a: Incineroar|Intimidate|boost
|-unboost|p1b: Porygon2|atk|1
|switch|p2b: Ninetales|Ninetales-Alola, L50, F|100/100
|-weather|Snowscape|[from] ability: Snow Warning|[of] p2b: Ninetales
|move|p1b: Porygon2|Ice Beam|p2a: Incineroar
|-resisted|p2a: Incineroar
|-damage|p2a: Incineroar|91/100
|-status|p2a: Incineroar|frz
|
|-weather|Snowscape|[upkeep]
|upkeep
|turn|7
|c|☆Phish With A PH|i think we're even now lol
|
|t:|1757830391
|move|p1b: Porygon2|Tera Blast|p2b: Ninetales
|-damage|p2b: Ninetales|69/100
|-curestatus|p2a: Incineroar|frz|[msg]
|move|p2a: Incineroar|Knock Off|p1b: Porygon2
|-damage|p1b: Porygon2|72/100
|-enditem|p1b: Porygon2|Eviolite|[from] move: Knock Off|[of] p2a: Incineroar
|move|p2b: Ninetales|Aurora Veil|p2b: Ninetales
|-sidestart|p2: CretaceousDraconid|move: Aurora Veil
|
|-weather|Snowscape|[upkeep]
|upkeep
|turn|8
|c|☆CretaceousDraconid|yeah maybe lol
|
|t:|1757830405
|move|p1b: Porygon2|Tera Blast|p2b: Ninetales
|-damage|p2b: Ninetales|47/100
|move|p2a: Incineroar|Parting Shot|p1b: Porygon2
|-unboost|p1b: Porygon2|atk|1
|-unboost|p1b: Porygon2|spa|1
|
|t:|1757830410
|switch|p2a: TheFuckYouGuy|Sneasler, L50, M|16/100|[from] Parting Shot
|move|p2b: Ninetales|Blizzard|p1b: Porygon2
|-crit|p1b: Porygon2
|-damage|p1b: Porygon2|30/100
|
|-weather|Snowscape|[upkeep]
|upkeep
|turn|9
|
|t:|1757830414
|move|p2b: Ninetales|Protect|p2b: Ninetales
|-singleturn|p2b: Ninetales|Protect
|move|p2a: TheFuckYouGuy|Protect|p2a: TheFuckYouGuy
|-singleturn|p2a: TheFuckYouGuy|Protect
|move|p1b: Porygon2|Tera Blast|p2a: TheFuckYouGuy
|-activate|p2a: TheFuckYouGuy|move: Protect
|
|-weather|Snowscape|[upkeep]
|-fieldend|move: Trick Room
|upkeep
|turn|10
|
|t:|1757830420
|move|p2a: TheFuckYouGuy|Close Combat|p1b: Porygon2
|-supereffective|p1b: Porygon2
|-damage|p1b: Porygon2|0 fnt
|-unboost|p2a: TheFuckYouGuy|def|1
|-unboost|p2a: TheFuckYouGuy|spd|1
|faint|p1b: Porygon2
|
|win|CretaceousDraconid
||Phish With A PH is ready for game 2.
||CretaceousDraconid is ready for game 2.
|uhtml|next|Next: Game 2 of 3
