|j|☆jacre22
|j|☆Goat Pincurchin
|html|jacre22Goat Pincurchin    
|uhtml|bestof|Game 2 of a best-of-3
|t:|1756079281
|gametype|doubles
|player|p1|jacre22|iris-gen5bw2|1255
|player|p2|Goat Pincurchin|ghetsis|1372
|gen|9
|tier|[Gen 9] VGC 2025 Reg H (Bo3)
|rated|
|rule|Species Clause: Limit one of each Pokémon
|rule|Item Clause: Limit 1 of each item
|clearpoke
|poke|p1|Whimsicott, L50, M|
|poke|p1|Garchomp, L50, M|
|poke|p1|Gholdengo, L50|
|poke|p1|Incineroar, L50, M|
|poke|p1|Sneasler, L50, M|
|poke|p1|Dragonite, L50, F|
|poke|p2|Jumpluff, L50, M|
|poke|p2|Torkoal, L50, F|
|poke|p2|Porygon2, L50|
|poke|p2|Ursaluna, L50, M|
|poke|p2|Incineroar, L50, F|
|poke|p2|Charizard, L50, M|
|teampreview|4
|showteam|p1|Whimsicott||FocusSash|Prankster|Moonblast,Tailwind,Encore,Protect|||M|||50|,,,,,Ghost]Garchomp||LifeOrb|RoughSkin|Earthquake,DragonClaw,StompingTantrum,Protect|||M|||50|,,,,,Ground]Gholdengo||ChoiceSpecs|GoodasGold|MakeItRain,ShadowBall,Trick,PowerGem||||||50|,,,,,Steel]Incineroar||AssaultVest|Intimidate|FakeOut,FlareBlitz,KnockOff,Uturn|||M|||50|,,,,,Grass]Sneasler||WhiteHerb|Unburden|FakeOut,DireClaw,CloseCombat,Protect|||M|||50|,,,,,Stellar]Dragonite||ChoiceBand|InnerFocus|ExtremeSpeed,Outrage,IceSpinner,StompingTantrum|||F|||50|,,,,,Normal
|showteam|p2|Jumpluff||CovertCloak|Chlorophyll|RagePowder,SunnyDay,SleepPowder,Tailwind|||M|||50|,,,,,Water]Torkoal||EjectPack|Drought|Overheat,HelpingHand,Eruption,Protect|||F|||50|,,,,,Fire]Porygon2||Eviolite|Download|TeraBlast,IceBeam,TrickRoom,Recover||||||50|,,,,,Fighting]Ursaluna||FlameOrb|Guts|Protect,Facade,HeadlongRush,Earthquake|||M|||50|,,,,,Ghost]Incineroar||AssaultVest|Intimidate|FlareBlitz,KnockOff,Uturn,FakeOut|||F|||50|,,,,,Grass]Charizard||ChoiceSpecs|SolarPower|HeatWave,WeatherBall,AirSlash,DragonPulse|||M|||50|,,,,,Ghost
|inactive|Battle timer is ON: inactive players will automatically lose when time's up. (requested by Goat Pincurchin)
|
|t:|1756079305
|teamsize|p1|4
|teamsize|p2|4
|start
|switch|p1a: Sneasler|Sneasler, L50, M|100/100
|switch|p1b: Gholdengo|Gholdengo, L50|100/100
|switch|p2a: Porygon2|Porygon2, L50|100/100
|switch|p2b: Jumpluff|Jumpluff, L50, M|100/100
|-ability|p2a: Porygon2|Download|boost
|-boost|p2a: Porygon2|atk|1
|turn|1
|
|t:|1756079325
|-terastallize|p1b: Gholdengo|Steel
|move|p1a: Sneasler|Fake Out|p2a: Porygon2
|-damage|p2a: Porygon2|91/100
|move|p2b: Jumpluff|Sleep Powder|p1a: Sneasler|[miss]
|-miss|p2b: Jumpluff|p1a: Sneasler
|move|p1b: Gholdengo|Make It Rain|p2a: Porygon2|[spread] p2a,p2b
|-damage|p2a: Porygon2|34/100
|-damage|p2b: Jumpluff|0 fnt
|-unboost|p1b: Gholdengo|spa|1
|faint|p2b: Jumpluff
|cant|p2a: Porygon2|flinch
|
|upkeep
|
|t:|1756079335
|switch|p2b: Ursaluna|Ursaluna, L50, M|100/100
|turn|2
|
|t:|1756079359
|switch|p1a: Dragonite|Dragonite, L50, F|100/100
|switch|p2a: Torkoal|Torkoal, L50, F|100/100
|-weather|SunnyDay|[from] ability: Drought|[of] p2a: Torkoal
|-terastallize|p2b: Ursaluna|Ghost
|move|p1b: Gholdengo|Make It Rain|p2a: Torkoal|[spread] p2a,p2b
|-resisted|p2a: Torkoal
|-damage|p2a: Torkoal|54/100
|-damage|p2b: Ursaluna|33/100
|-unboost|p1b: Gholdengo|spa|1
|move|p2b: Ursaluna|Earthquake|p1b: Gholdengo|[spread] p2a,p1b
|-immune|p1a: Dragonite
|-supereffective|p2a: Torkoal
|-supereffective|p1b: Gholdengo
|-damage|p2a: Torkoal|0 fnt
|-damage|p1b: Gholdengo|0 fnt
|faint|p2a: Torkoal
|faint|p1b: Gholdengo
|
|-weather|SunnyDay|[upkeep]
|-status|p2b: Ursaluna|brn|[from] item: Flame Orb
|upkeep
|
|t:|1756079379
|switch|p1b: Sneasler|Sneasler, L50, M|100/100
|switch|p2a: Porygon2|Porygon2, L50|34/100
|-ability|p2a: Porygon2|Download|boost
|-boost|p2a: Porygon2|atk|1
|turn|3
|
|t:|1756079385
|move|p1b: Sneasler|Close Combat|p2a: Porygon2
|-supereffective|p2a: Porygon2
|-damage|p2a: Porygon2|0 fnt
|-unboost|p1b: Sneasler|def|1
|-unboost|p1b: Sneasler|spd|1
|faint|p2a: Porygon2
|-enditem|p1b: Sneasler|White Herb
|-clearnegativeboost|p1b: Sneasler|[silent]
|move|p1a: Dragonite|Outrage|p2b: Ursaluna
|-damage|p2b: Ursaluna|0 fnt
|faint|p2b: Ursaluna
|
|win|jacre22
|raw|jacre22's rating: 1255 → 1288(+33 for winning)
|raw|Goat Pincurchin's rating: 1372 → 1346(-26 for losing)
|c|☆jacre22|ggs
