|j|☆Kampfstube
|j|☆marcusquinn
|html|Kampfstubemarcusquinn    
|uhtml|bestof|Game 1 of a best-of-3
|t:|1757650161
|gametype|doubles
|player|p1|Kampfstube|n|1203
|player|p2|marcusquinn|hilbert-wonderlauncher|1136
|gen|9
|tier|[Gen 9] VGC 2025 Reg H (Bo3)
|rated|
|rule|Species Clause: Limit one of each Pokémon
|rule|Item Clause: Limit 1 of each item
|clearpoke
|poke|p1|Grimmsnarl, L50, M|
|poke|p1|Volcarona, L50, F|
|poke|p1|Annihilape, L50, M|
|poke|p1|Ursaluna-Bloodmoon, L50, M|
|poke|p1|Sneasler, L50, F|
|poke|p1|Dragonite, L50, M|
|poke|p2|Archaludon, L50, F|
|poke|p2|Porygon2, L50|
|poke|p2|Incineroar, L50, M|
|poke|p2|Ursaluna, L50, M|
|poke|p2|Sneasler, L50, M|
|poke|p2|Dragonite, L50, F|
|teampreview|4
|showteam|p1|Grimmsnarl||CovertCloak|Prankster|SpiritBreak,LightScreen,Reflect,ThunderWave|||M|||50|,,,,,Steel]Volcarona||SitrusBerry|FlameBody|GigaDrain,QuiverDance,FieryDance,Protect|||F|||50|,,,,,Grass]Annihilape||SafetyGoggles|Defiant|BulkUp,DrainPunch,Protect,RageFist|||M|||50|,,,,,Fire]Ursaluna-Bloodmoon||AssaultVest|MindsEye|EarthPower,BloodMoon,HyperVoice,VacuumWave|||M|||50|,,,,,Water]Sneasler||FocusSash|Unburden|FakeOut,Coaching,CloseCombat,DireClaw|||F|||50|,,,,,Ghost]Dragonite||LoadedDice|Multiscale|ScaleShot,Protect,Haze,ExtremeSpeed|||M|||50|,,,,,Steel
|showteam|p2|Archaludon||PowerHerb|Sturdy|Protect,ElectroShot,DracoMeteor,FlashCannon|||F|||50|,,,,,Electric]Porygon2||Eviolite|Download|TeraBlast,IceBeam,Recover,TrickRoom||||||50|,,,,,Fighting]Incineroar||SafetyGoggles|Intimidate|FlareBlitz,KnockOff,FakeOut,PartingShot|||M|||50|,,,,,Ghost]Ursaluna||FlameOrb|Guts|HeadlongRush,Facade,Earthquake,Protect|||M|||50|,,,,,Ghost]Sneasler||FocusSash|Unburden|Protect,CloseCombat,DireClaw,ThroatChop|||M|||50|,,,,,Stellar]Dragonite||LoadedDice|Multiscale|ScaleShot,Tailwind,Haze,Protect|||F|||50|,,,,,Fairy
|inactive|Battle timer is ON: inactive players will automatically lose when time's up. (requested by marcusquinn)
|inactive|Kampfstube also wants the timer to be on.
|inactive|Kampfstube has 60 seconds left.
|inactive|marcusquinn has 60 seconds left.
|
|t:|1757650220
|teamsize|p1|4
|teamsize|p2|4
|start
|switch|p1a: Grimmsnarl|Grimmsnarl, L50, M|100/100
|switch|p1b: Volcarona|Volcarona, L50, F, shiny|100/100
|switch|p2a: Dragonite|Dragonite, L50, F, shiny|100/100
|switch|p2b: Ursaluna|Ursaluna, L50, M|100/100
|turn|1
|inactive|marcusquinn has 30 seconds left.
|
|t:|1757650253
|-terastallize|p2b: Ursaluna|Ghost
|move|p1a: Grimmsnarl|Thunder Wave|p2a: Dragonite
|-status|p2a: Dragonite|par
|move|p1b: Volcarona|Quiver Dance|p1b: Volcarona
|-boost|p1b: Volcarona|spa|1
|-boost|p1b: Volcarona|spd|1
|-boost|p1b: Volcarona|spe|1
|move|p2b: Ursaluna|Earthquake|p1b: Volcarona|[spread] p1a,p1b
|-immune|p2a: Dragonite
|-damage|p1a: Grimmsnarl|52/100
|-damage|p1b: Volcarona|61/100
|cant|p2a: Dragonite|par
|
|-status|p2b: Ursaluna|brn|[from] item: Flame Orb
|upkeep
|turn|2
|inactive|Kampfstube has 30 seconds left.
|
|t:|1757650285
|move|p1a: Grimmsnarl|Reflect|p1a: Grimmsnarl
|-sidestart|p1: Kampfstube|Reflect
|move|p1b: Volcarona|Giga Drain|p2b: Ursaluna
|-damage|p2b: Ursaluna|68/100 brn
|-heal|p1b: Volcarona|81/100|[from] drain|[of] p2b: Ursaluna
|move|p2b: Ursaluna|Earthquake|p1b: Volcarona|[spread] p1a,p1b
|-immune|p2a: Dragonite
|-crit|p1a: Grimmsnarl
|-crit|p1b: Volcarona
|-damage|p1a: Grimmsnarl|0 fnt
|-damage|p1b: Volcarona|0 fnt
|faint|p1a: Grimmsnarl
|faint|p1b: Volcarona
|move|p2a: Dragonite|Tailwind|p2a: Dragonite
|-sidestart|p2: marcusquinn|move: Tailwind
|
|-damage|p2b: Ursaluna|62/100 brn|[from] brn
|upkeep
|
|t:|1757650298
|switch|p1b: Sneasler|Sneasler, L50, F, shiny|100/100
|switch|p1a: Annihilape|Annihilape, L50, M|100/100
|turn|3
|
|t:|1757650321
|move|p1b: Sneasler|Fake Out|p2a: Dragonite
|-damage|p2a: Dragonite|93/100 par
|move|p2b: Ursaluna|Earthquake|p1b: Sneasler|[spread] p1a,p1b
|-immune|p2a: Dragonite
|-supereffective|p1b: Sneasler
|-damage|p1a: Annihilape|55/100
|-enditem|p1b: Sneasler|Focus Sash
|-damage|p1b: Sneasler|1/100
|cant|p2a: Dragonite|flinch
|move|p1a: Annihilape|Bulk Up|p1a: Annihilape
|-boost|p1a: Annihilape|atk|1
|-boost|p1a: Annihilape|def|1
|
|-damage|p2b: Ursaluna|56/100 brn|[from] brn
|upkeep
|turn|4
|inactive|Kampfstube has 30 seconds left.
|
|t:|1757650350
|move|p1b: Sneasler|Coaching|p1a: Annihilape
|-boost|p1a: Annihilape|atk|1
|-boost|p1a: Annihilape|def|1
|move|p2b: Ursaluna|Earthquake|p1a: Annihilape|[spread] p1a,p1b
|-immune|p2a: Dragonite
|-supereffective|p1b: Sneasler
|-damage|p1a: Annihilape|33/100
|-damage|p1b: Sneasler|0 fnt
|faint|p1b: Sneasler
|move|p2a: Dragonite|Scale Shot|p1a: Annihilape
|-damage|p1a: Annihilape|28/100
|-damage|p1a: Annihilape|23/100
|-damage|p1a: Annihilape|18/100
|-crit|p1a: Annihilape
|-damage|p1a: Annihilape|0 fnt
|faint|p1a: Annihilape
|-hitcount|p1: Annihilape|4
|
|win|marcusquinn
|inactive|Kampfstube has 30 seconds to confirm battle start!
|inactive|marcusquinn has 30 seconds to confirm battle start!
||marcusquinn is ready for game 2.
||Kampfstube is ready for game 2.
|uhtml|next|Next: Game 2 of 3
|l|☆marcusquinn
|player|p2|
|j|☆marcusquinn
|player|p2|marcusquinn|hilbert-wonderlauncher|
|l|☆Kampfstube
|player|p1|
