|j|‽tfujkbjnm
|j|☆Rikka0629
|html|tfujkbjnmRikka0629    
|uhtml|bestof|Game 2 of a best-of-3
|t:|1783849119
|gametype|doubles
|player|p1|tfujkbjnm|101|1040
|player|p2|Rikka0629|dawn|1121
|gen|9
|tier|[Gen 9 Champions] VGC 2026 Reg M-B (Bo3)
|rated|
|rule|Species Clause: Limit one of each Pokémon
|rule|Item Clause: Limit 1 of each item
|clearpoke
|poke|p1|Dragapult, L50, M|
|poke|p1|Meganium, L50, M|
|poke|p1|Manectric, L50, M|
|poke|p1|Aerodactyl, L50, F|
|poke|p1|Sneasler, L50, F|
|poke|p1|Incineroar, L50, F|
|poke|p2|Basculegion, L50, M|
|poke|p2|Charizard, L50, F|
|poke|p2|Kingambit, L50, M|
|poke|p2|Garchomp, L50, F|
|poke|p2|Whimsicott, L50, F|
|poke|p2|Floette-Eternal, L50, F|
|teampreview|4
|showteam|p1|Dragapult||BrightPowder|ClearBody|Protect,Reflect,Uturn,BreakingSwipe|Careful||M|||50|]Meganium||Meganiumite|Overgrow|Protect,SolarBeam,WeatherBall,Synthesis|Modest||M|||50|]Manectric||Manectite|LightningRod|Protect,VoltSwitch,Thunderbolt,Snarl|Modest||M|||50|]Aerodactyl||PasshoBerry|RockHead|Protect,Tailwind,WideGuard,RockSlide|Careful||F|||50|]Sneasler||WhiteHerb|Unburden|Protect,CloseCombat,DireClaw,Acrobatics|Adamant||F|||50|]Incineroar||BlackGlasses|Intimidate|FakeOut,DarkestLariat,PartingShot,Taunt|Adamant||F|||50|
|showteam|p2|Basculegion||LifeOrb|Adaptability|WaveCrash,LastRespects,AquaJet,Protect|Adamant||M|||50|]Charizard||CharizarditeY|Blaze|HeatWave,WeatherBall,SolarBeam,Protect|Modest||F|||50|]Kingambit||BlackGlasses|Defiant|KowtowCleave,SuckerPunch,IronHead,Protect|Adamant||M|||50|]Garchomp||SitrusBerry|RoughSkin|Earthquake,RockSlide,DragonClaw,Protect|Jolly||F|||50|]Whimsicott||FocusSash|Prankster|Moonblast,SunnyDay,Tailwind,Encore|Timid||F|||50|]Floette-Eternal||Floettite|FlowerVeil|DazzlingGleam,Moonblast,LightofRuin,Protect|Modest||F|||50|
|
|t:|1783849157
|teamsize|p1|4
|teamsize|p2|4
|start
|switch|p1a: Sneasler|Sneasler, L50, F|100/100
|switch|p1b: Meganium|Meganium, L50, M|100/100
|switch|p2a: Basculegion|Basculegion, L50, M|100/100
|switch|p2b: Whimsicott|Whimsicott, L50, F|100/100
|turn|1
|
|t:|1783849182
|detailschange|p1b: Meganium|Meganium-Mega, L50, M
|-mega|p1b: Meganium|Meganium|Meganiumite
|move|p2a: Basculegion|Protect|p2a: Basculegion
|-singleturn|p2a: Basculegion|Protect
|move|p2b: Whimsicott|Tailwind|p2b: Whimsicott
|-sidestart|p2: Rikka0629|move: Tailwind
|move|p1a: Sneasler|Dire Claw|p2b: Whimsicott
|-supereffective|p2b: Whimsicott|2
|-enditem|p2b: Whimsicott|Focus Sash
|-damage|p2b: Whimsicott|1/100
|move|p1b: Meganium|Weather Ball|p2b: Whimsicott
|-supereffective|p2b: Whimsicott|1
|-damage|p2b: Whimsicott|0 fnt
|faint|p2b: Whimsicott
|
|upkeep
|
|t:|1783849200
|switch|p2b: Charizard|Charizard, L50, F|100/100
|turn|2
|
|t:|1783849216
|switch|p1b: Aerodactyl|Aerodactyl, L50, F|100/100
|detailschange|p2b: Charizard|Charizard-Mega-Y, L50, F
|-mega|p2b: Charizard|Charizard|Charizardite Y
|-weather|SunnyDay|[from] ability: Drought|[of] p2b: Charizard
|move|p1a: Sneasler|Protect|p1a: Sneasler
|-singleturn|p1a: Sneasler|Protect
|move|p2b: Charizard|Weather Ball|p1b: Aerodactyl
|-resisted|p1b: Aerodactyl|1
|-damage|p1b: Aerodactyl|52/100
|move|p2a: Basculegion|Last Respects|p1a: Sneasler
|-activate|p1a: Sneasler|move: Protect
|
|-weather|SunnyDay|[upkeep]
|upkeep
|turn|3
|
|t:|1783849259
|move|p2b: Charizard|Weather Ball|p1a: Sneasler
|-damage|p1a: Sneasler|0 fnt
|faint|p1a: Sneasler
|move|p2a: Basculegion|Last Respects|p1b: Aerodactyl
|-damage|p1b: Aerodactyl|0 fnt
|faint|p1b: Aerodactyl
|-damage|p2a: Basculegion|90/100|[from] item: Life Orb
|
|-weather|SunnyDay|[upkeep]
|upkeep
|
|t:|1783849271
|switch|p1b: Manectric|Manectric, L50, M|100/100
|switch|p1a: Meganium|Meganium-Mega, L50, M|100/100
|turn|4
|l|‽tfujkbjnm
|player|p1|
|inactive|Battle timer is ON: inactive players will automatically lose when time's up. (requested by Rikka0629)
|inactive|tfujkbjnm has 30 seconds to reconnect!
|inactive|tfujkbjnm has 20 seconds to reconnect!
|inactive|tfujkbjnm has 15 seconds to reconnect!
|inactive|tfujkbjnm has 10 seconds to reconnect!
|inactive|tfujkbjnm has 5 seconds to reconnect!
|-message|tfujkbjnm lost due to inactivity.
|
|win|Rikka0629
|raw|tfujkbjnm's rating: 1040 → 1028(-12 for losing)
|raw|Rikka0629's rating: 1121 → 1140(+19 for winning)
|l|☆Rikka0629
|player|p2|
|j|☆Rikka0629
|player|p2|Rikka0629|dawn|
