|j|☆kirbybreaker
|j|☆TacoBurger
|html|kirbybreakerTacoBurger    
|uhtml|bestof|Game 3 of a best-of-3
|t:|1783788874
|gametype|doubles
|player|p1|kirbybreaker|miku-ghost|
|player|p2|TacoBurger|tuber|
|gen|9
|tier|[Gen 9 Champions] VGC 2026 Reg M-B (Bo3)
|rule|Species Clause: Limit one of each Pokémon
|rule|Item Clause: Limit 1 of each item
|clearpoke
|poke|p1|Annihilape, L50, F|
|poke|p1|Mimikyu, L50, M|
|poke|p1|Sableye, L50, F|
|poke|p1|Froslass, L50, F|
|poke|p1|Basculegion, L50, M|
|poke|p1|Sinistcha, L50|
|poke|p2|Pyroar, L50, M|
|poke|p2|Ninetales, L50, F|
|poke|p2|Incineroar, L50, F|
|poke|p2|Victreebel, L50, F|
|poke|p2|Basculegion, L50, M|
|poke|p2|Sneasler, L50, M|
|teampreview|4
|showteam|p1|Annihilape||FocusSash|Defiant|CloseCombat,RageFist,Protect,RockSlide|Adamant||F|||50|]Mimikyu||LifeOrb|Disguise|PlayRough,ShadowClaw,ShadowSneak,Protect|Jolly||M|||50|]Sableye||Sablenite|KeenEye|SuckerPunch,Poltergeist,LowKick,ThroatChop|Brave||F|||50|]Froslass||Froslassite|CursedBody|Blizzard,ShadowBall,Protect,Thunderbolt|Timid||F|||50|]Basculegion||ChoiceScarf|Adaptability|WaveCrash,LastRespects,AquaJet,FlipTurn|Adamant||M|||50|]Sinistcha||KasibBerry|Hospitality|MatchaGotcha,LifeDew,RagePowder,TrickRoom|Bold|||||50|
|showteam|p2|Pyroar||Pyroarite|Unnerve|HeatWave,Overheat,SolarBeam,Protect|Timid||M|||50|]Ninetales||ChoiceScarf|Drought|HeatWave,Overheat,SolarBeam,FakeTears|Modest||F|||50|]Incineroar||SitrusBerry|Intimidate|FakeOut,FlareBlitz,ThroatChop,PartingShot|Adamant||F|||50|]Victreebel||WideLens|Chlorophyll|Protect,SleepPowder,EnergyBall,SludgeBomb|Timid||F|||50|]Basculegion||LifeOrb|Adaptability|WaveCrash,LastRespects,AquaJet,Protect|Adamant||M|||50|]Sneasler||WhiteHerb|Unburden|Protect,CloseCombat,DireClaw,RockSlide|Adamant||M|||50|
|
|t:|1783788941
|teamsize|p1|4
|teamsize|p2|4
|start
|switch|p1a: Blue|Basculegion, L50, M|100/100
|switch|p1b: Seth|Froslass, L50, F|100/100
|switch|p2a: Victreebel|Victreebel, L50, F|100/100
|switch|p2b: Basculegion|Basculegion, L50, M|100/100
|turn|1
|
|t:|1783788979
|move|p2a: Victreebel|Protect|p2a: Victreebel
|-singleturn|p2a: Victreebel|Protect
|move|p1a: Blue|Flip Turn|p2b: Basculegion
|-resisted|p2b: Basculegion|1
|-damage|p2b: Basculegion|74/100
|
|t:|1783788986
|switch|p1a: Orange|Annihilape, L50, F|100/100|[from] Flip Turn
|move|p1b: Seth|Shadow Ball|p2b: Basculegion
|-supereffective|p2b: Basculegion|1
|-damage|p2b: Basculegion|7/100
|-unboost|p2b: Basculegion|spd|1
|move|p2b: Basculegion|Last Respects|p1a: Orange
|-supereffective|p1a: Orange|1
|-enditem|p1a: Orange|Focus Sash
|-damage|p1a: Orange|1/100
|-damage|p2b: Basculegion|0 fnt|[from] item: Life Orb
|faint|p2b: Basculegion
|
|upkeep
|
|t:|1783789007
|switch|p2b: Pyroar|Pyroar, L50, M|100/100
|-ability|p2b: Pyroar|Unnerve
|turn|2
|
|t:|1783789030
|switch|p2a: Ninetales|Ninetales, L50, F|100/100
|-weather|SunnyDay|[from] ability: Drought|[of] p2a: Ninetales
|detailschange|p2b: Pyroar|Pyroar-Mega, L50, M
|-mega|p2b: Pyroar|Pyroar|Pyroarite
|move|p1b: Seth|Protect|p1b: Seth
|-singleturn|p1b: Seth|Protect
|move|p2b: Pyroar|Heat Wave|p1b: Seth|[spread] p1a
|-activate|p1b: Seth|move: Protect
|-damage|p1a: Orange|0 fnt
|faint|p1a: Orange
|
|-weather|SunnyDay|[upkeep]
|upkeep
|
|t:|1783789039
|switch|p1a: Blue|Basculegion, L50, M|100/100
|turn|3
|
|t:|1783789105
|switch|p2b: Victreebel|Victreebel, L50, F|100/100
|detailschange|p1b: Seth|Froslass-Mega, L50, F
|-mega|p1b: Seth|Froslass|Froslassite
|-weather|Snowscape|[from] ability: Snow Warning|[of] p1b: Seth
|move|p2a: Ninetales|Heat Wave|p1a: Blue|[spread] p1b
|-miss|p2a: Ninetales|p1a: Blue
|-supereffective|p1b: Seth|1
|-damage|p1b: Seth|33/100
|move|p1a: Blue|Wave Crash|p2a: Ninetales
|-supereffective|p2a: Ninetales|1
|-damage|p2a: Ninetales|0 fnt
|faint|p2a: Ninetales
|-damage|p1a: Blue|74/100|[from] Recoil
|move|p1b: Seth|Blizzard|p2b: Victreebel
|-supereffective|p2b: Victreebel|1
|-damage|p2b: Victreebel|0 fnt
|faint|p2b: Victreebel
|
|-weather|Snowscape|[upkeep]
|upkeep
|
|t:|1783789125
|switch|p2a: Pyroar|Pyroar-Mega, L50, M|100/100
|turn|4
|c|☆TacoBurger|gg
|
|t:|1783789131
|move|p1a: Blue|Wave Crash|p2a: Pyroar
|-supereffective|p2a: Pyroar|1
|-damage|p2a: Pyroar|0 fnt
|faint|p2a: Pyroar
|-damage|p1a: Blue|46/100|[from] Recoil
|
|win|kirbybreaker
|c|☆kirbybreaker|gg
