|j|☆oriozz
|j|☆zaharba
|html|oriozzzaharba    
|uhtml|bestof|Game 1 of a best-of-3
|t:|1783984799
|gametype|doubles
|player|p1|oriozz|101|1179
|player|p2|zaharba|266|1149
|gen|9
|tier|[Gen 9 Champions] VGC 2026 Reg M-B (Bo3)
|rated|
|rule|Species Clause: Limit one of each Pokémon
|rule|Item Clause: Limit 1 of each item
|clearpoke
|poke|p1|Charizard, L50, M|
|poke|p1|Grimmsnarl, L50, M|
|poke|p1|Pelipper, L50, F|
|poke|p1|Archaludon, L50, M|
|poke|p1|Basculegion, L50, M|
|poke|p1|Venusaur, L50, F|
|poke|p2|Raichu, L50, M, shiny|
|poke|p2|Vivillon, L50, F|
|poke|p2|Ninetales-Alola, L50, F, shiny|
|poke|p2|Tyranitar, L50, F|
|poke|p2|Basculegion-F, L50, F|
|poke|p2|Talonflame, L50, M|
|teampreview|4
|showteam|p1|Charizard||CharizarditeY|Blaze|Protect,HeatWave,WeatherBall,SolarBeam|Timid||M|||50|]Grimmsnarl||LightClay|Prankster|SpiritBreak,Reflect,LightScreen,PartingShot|Careful||M|||50|]Pelipper||SitrusBerry|Drizzle|Hurricane,WeatherBall,Tailwind,WideGuard|Modest||F|||50|]Archaludon||Leftovers|Stamina|Protect,ElectroShot,DragonPulse,FlashCannon|Timid||M|||50|]Basculegion||ChoiceScarf|Adaptability|FlipTurn,WaveCrash,AquaJet,LastRespects|Jolly||M|||50|]Venusaur||FocusSash|Chlorophyll|Protect,SleepPowder,SludgeBomb,EarthPower|Modest||F|||50|
|showteam|p2|Raichu||RaichuniteY|LightningRod|FocusBlast,ZapCannon,UpperHand,FakeOut|Timid||M|||50|]Vivillon||ChoiceScarf|CompoundEyes|SleepPowder,RagePowder,Hurricane,StruggleBug|Timid||F|||50|]Ninetales-Alola||NeverMeltIce|SnowWarning|Protect,FreezeDry,Blizzard,Encore|Timid||F|||50|]Tyranitar||FocusSash|SandStream|RockSlide,LowKick,Protect,DragonDance|Jolly||F|||50|]Basculegion-F||SpellTag|Adaptability|Protect,Hex,HydroPump,MuddyWater|Modest||F|||50|]Talonflame||LifeOrb|GaleWings|Whirlwind,BraveBird,Overheat,Tailwind|Naive||M|||50|
|inactive|Battle timer is ON: inactive players will automatically lose when time's up. (requested by zaharba)
|inactive|oriozz also wants the timer to be on.
|inactive|oriozz has 60 seconds left.
|inactive|zaharba has 60 seconds left.
|
|t:|1783984840
|teamsize|p1|4
|teamsize|p2|4
|start
|switch|p1a: Venusaur|Venusaur, L50, F|100/100
|switch|p1b: Archaludon|Archaludon, L50, M|100/100
|switch|p2a: Raichu|Raichu, L50, M, shiny|100/100
|switch|p2b: Vivillon|Vivillon, L50, F|100/100
|turn|1
|inactive|oriozz has 30 seconds left.
|
|t:|1783984866
|detailschange|p2a: Raichu|Raichu-Mega-Y, L50, M, shiny
|-mega|p2a: Raichu|Raichu|Raichunite Y
|move|p1b: Archaludon|Protect|p1b: Archaludon
|-singleturn|p1b: Archaludon|Protect
|move|p2b: Vivillon|Sleep Powder|p1b: Archaludon
|-activate|p1b: Archaludon|move: Protect
|move|p2a: Raichu|Zap Cannon|p1a: Venusaur
|-resisted|p1a: Venusaur|1
|-damage|p1a: Venusaur|61/100
|-status|p1a: Venusaur|par
|cant|p1a: Venusaur|par
|
|upkeep
|turn|2
|inactive|oriozz has 30 seconds left.
|inactive|oriozz has 20 seconds left.
|
|t:|1783984906
|move|p2b: Vivillon|Sleep Powder|p1b: Archaludon
|-status|p1b: Archaludon|slp|[from] move: Sleep Powder
|move|p2a: Raichu|Focus Blast|p1b: Archaludon
|-supereffective|p1b: Archaludon|1
|-damage|p1b: Archaludon|0 fnt
|faint|p1b: Archaludon
|move|p1a: Venusaur|Sleep Powder|p2b: Vivillon
|-status|p2b: Vivillon|slp|[from] move: Sleep Powder
|
|upkeep
|
|t:|1783984920
|switch|p1b: Charizard|Charizard, L50, M|100/100
|turn|3
|
|t:|1783984940
|detailschange|p1b: Charizard|Charizard-Mega-Y, L50, M
|-mega|p1b: Charizard|Charizard|Charizardite Y
|-weather|SunnyDay|[from] ability: Drought|[of] p1b: Charizard
|move|p1b: Charizard|Protect|p1b: Charizard
|-singleturn|p1b: Charizard|Protect
|cant|p2b: Vivillon|slp
|move|p2a: Raichu|Zap Cannon|p1b: Charizard
|-activate|p1b: Charizard|move: Protect
|move|p1a: Venusaur|Earth Power|p2a: Raichu
|-supereffective|p2a: Raichu|1
|-damage|p2a: Raichu|17/100
|
|-weather|SunnyDay|[upkeep]
|upkeep
|turn|4
|inactive|oriozz has 30 seconds left.
|
|t:|1783984966
|cant|p2b: Vivillon|slp
|move|p2a: Raichu|Zap Cannon|p1b: Charizard
|-supereffective|p1b: Charizard|1
|-damage|p1b: Charizard|0 fnt
|faint|p1b: Charizard
|cant|p1a: Venusaur|par
|
|-weather|SunnyDay|[upkeep]
|upkeep
|
|t:|1783984973
|switch|p1b: Pelipper|Pelipper, L50, F|100/100
|-weather|RainDance|[from] ability: Drizzle|[of] p1b: Pelipper
|turn|5
|
|t:|1783984996
|-curestatus|p2b: Vivillon|slp|[msg]
|move|p2b: Vivillon|Sleep Powder|p1b: Pelipper
|-status|p1b: Pelipper|slp|[from] move: Sleep Powder
|move|p2a: Raichu|Zap Cannon|p1b: Pelipper
|-supereffective|p1b: Pelipper|2
|-damage|p1b: Pelipper|0 fnt
|faint|p1b: Pelipper
|move|p1a: Venusaur|Earth Power|p2a: Raichu
|-supereffective|p2a: Raichu|1
|-damage|p2a: Raichu|0 fnt
|faint|p2a: Raichu
|
|-weather|RainDance|[upkeep]
|upkeep
|inactive|zaharba has 30 seconds left.
|inactive|zaharba has 20 seconds left.
|inactive|zaharba has 15 seconds left.
|
|t:|1783985038
|switch|p2a: Ninetales|Ninetales-Alola, L50, F, shiny|100/100
|-weather|Snowscape|[from] ability: Snow Warning|[of] p2a: Ninetales
|turn|6
|
|t:|1783985049
|switch|p2b: Basculegion|Basculegion-F, L50, F|100/100
|move|p2a: Ninetales|Blizzard|p1a: Venusaur
|-supereffective|p1a: Venusaur|1
|-damage|p1a: Venusaur|0 fnt
|faint|p1a: Venusaur
|
|win|zaharba
||oriozz is ready for game 2.
||zaharba is ready for game 2.
|uhtml|next|Next: Game 2 of 3
|l|☆zaharba
|player|p2|
|j|☆zaharba
|player|p2|zaharba|266|
