|j|☆Gentlefish
|j|☆Basedfortnitegamer
|html|GentlefishBasedfortnitegamer    
|uhtml|bestof|Game 1 of a best-of-3
|t:|1756236261
|gametype|doubles
|player|p1|Gentlefish|dragontamer-gen9|1210
|player|p2|Basedfortnitegamer|2|1235
|gen|9
|tier|[Gen 9] VGC 2025 Reg H (Bo3)
|rated|
|rule|Species Clause: Limit one of each Pokémon
|rule|Item Clause: Limit 1 of each item
|clearpoke
|poke|p1|Garchomp, L50, F|
|poke|p1|Weezing-Galar, L50, F|
|poke|p1|Archaludon, L50, M|
|poke|p1|Gholdengo, L50|
|poke|p1|Talonflame, L50, F|
|poke|p1|Annihilape, L50, F|
|poke|p2|Incineroar, L50, F|
|poke|p2|Sinistcha-Masterpiece, L50|
|poke|p2|Ursaluna, L50, F|
|poke|p2|Ninetales-Alola, L50, M|
|poke|p2|Dragonite, L50, F|
|poke|p2|Annihilape, L50, M|
|teampreview|4
|showteam|p1|Garchomp||LifeOrb|RoughSkin|DragonClaw,Earthquake,StompingTantrum,Protect|||F|||50|,,,,,Ground]Weezing-Galar||FocusSash|NeutralizingGas|Protect,SludgeBomb,Taunt,StrangeSteam|||F|||50|,,,,,Flying]Archaludon||PowerHerb|Sturdy|ElectroShot,Thunderbolt,DracoMeteor,Protect|||M|||50|,,,,,Electric]Gholdengo||ChoiceSpecs|GoodasGold|ShadowBall,DazzlingGleam,PowerGem,MakeItRain||||||50|,,,,,Fairy]Talonflame||CovertCloak|GaleWings|Tailwind,DualWingbeat,WillOWisp,FlareBlitz|||F|||50|,,,,,Stellar]Annihilape||AssaultVest|Defiant|CloseCombat,RageFist,FinalGambit,IcePunch|||F|||50|,,,,,Grass
|showteam|p2|Incineroar||SafetyGoggles|Intimidate|FlareBlitz,KnockOff,FakeOut,PartingShot|||F|||50|,,,,,Ghost]Sinistcha-Masterpiece||SitrusBerry|Hospitality|MatchaGotcha,RagePowder,TrickRoom,LifeDew||||||50|,,,,,Water]Ursaluna||FlameOrb|Guts|Facade,HeadlongRush,Earthquake,Protect|||F|||50|,,,,,Ghost]Ninetales-Alola||NeverMeltIce|SnowWarning|Blizzard,FreezeDry,Encore,Protect|||M|||50|,,,,,Ghost]Dragonite||LoadedDice|Multiscale|ScaleShot,Tailwind,Haze,Protect|||F|||50|,,,,,Fairy]Annihilape||FocusSash|Defiant|CloseCombat,RageFist,Coaching,Taunt|||M|||50|,,,,,Flying
|inactive|Battle timer is ON: inactive players will automatically lose when time's up. (requested by Basedfortnitegamer)
|inactive|Gentlefish has 60 seconds left.
|inactive|Basedfortnitegamer has 60 seconds left.
|
|t:|1756236317
|teamsize|p1|4
|teamsize|p2|4
|start
|switch|p1a: Talonflame|Talonflame, L50, F|100/100
|switch|p1b: Gholdengo|Gholdengo, L50|100/100
|switch|p2a: Annihilape|Annihilape, L50, M|100/100
|switch|p2b: Ninetales|Ninetales-Alola, L50, M|100/100
|-weather|Snowscape|[from] ability: Snow Warning|[of] p2b: Ninetales
|turn|1
|inactive|Gentlefish has 30 seconds left.
|inactive|Gentlefish has 20 seconds left.
|
|t:|1756236360
|move|p2b: Ninetales|Protect|p2b: Ninetales
|-singleturn|p2b: Ninetales|Protect
|move|p1a: Talonflame|Will-O-Wisp|p2a: Annihilape
|-status|p2a: Annihilape|brn
|move|p2a: Annihilape|Rage Fist|p1b: Gholdengo
|-supereffective|p1b: Gholdengo
|-damage|p1b: Gholdengo|73/100
|move|p1b: Gholdengo|Make It Rain|p2a: Annihilape|[spread] p2a
|-activate|p2b: Ninetales|move: Protect
|-damage|p2a: Annihilape|28/100 brn
|-unboost|p1b: Gholdengo|spa|1
|
|-weather|Snowscape|[upkeep]
|-damage|p2a: Annihilape|22/100 brn|[from] brn
|upkeep
|turn|2
|
|t:|1756236376
|move|p1a: Talonflame|Tailwind|p1a: Talonflame
|-sidestart|p1: Gentlefish|move: Tailwind
|move|p1b: Gholdengo|Make It Rain|p2b: Ninetales|[spread] p2a,p2b
|-supereffective|p2b: Ninetales
|-damage|p2a: Annihilape|0 fnt
|-damage|p2b: Ninetales|0 fnt
|-unboost|p1b: Gholdengo|spa|1
|faint|p2a: Annihilape
|faint|p2b: Ninetales
|
|-weather|Snowscape|[upkeep]
|upkeep
|j| Jamstiffer
|-message|Basedfortnitegamer forfeited.
|
|win|Gentlefish
|l|☆Basedfortnitegamer
|player|p2|
||Basedfortnitegamer is ready for game 2.
||Gentlefish is ready for game 2.
|uhtml|next|Next: Game 2 of 3
|l| Jamstiffer
