|j|☆Clementine1997
|j|☆ar1stoteles vgc
|html|Clementine1997ar1stoteles vgc    
|uhtml|bestof|Game 1 of a best-of-3
|t:|1756496926
|gametype|doubles
|player|p1|Clementine1997|clair|1005
|player|p2|ar1stoteles vgc|wallace|1094
|gen|9
|tier|[Gen 9] VGC 2025 Reg H (Bo3)
|rated|
|rule|Species Clause: Limit one of each Pokémon
|rule|Item Clause: Limit 1 of each item
|clearpoke
|poke|p1|Maushold-Four, L50|
|poke|p1|Annihilape, L50, M|
|poke|p1|Pelipper, L50, F|
|poke|p1|Archaludon, L50, F|
|poke|p1|Armarouge, L50, F|
|poke|p1|Indeedee-F, L50, F|
|poke|p2|Indeedee-F, L50, F|
|poke|p2|Hatterene, L50, F|
|poke|p2|Gallade, L50, M|
|poke|p2|Ursaluna, L50, M|
|poke|p2|Lilligant-Hisui, L50, F|
|poke|p2|Torkoal, L50, M|
|teampreview|4
|showteam|p1|Maushold-Four||SafetyGoggles|FriendGuard|PopulationBomb,BeatUp,FollowMe,Taunt||||||50|,,,,,Ghost]Annihilape||LifeOrb|Defiant|RageFist,CloseCombat,BulkUp,Protect|||M|||50|,,,,,Fire]Pelipper||CovertCloak|Drizzle|Hurricane,WeatherBall,Tailwind,Protect|||F|||50|,,,,,Grass]Archaludon||AssaultVest|Stamina|BodyPress,ElectroShot,DarkPulse,FlashCannon|||F|||50|,,,,,Grass]Armarouge||WeaknessPolicy|WeakArmor|ExpandingForce,AuraSphere,ShadowBall,Protect|||F|||50|,,,,,Psychic]Indeedee-F||PsychicSeed|PsychicSurge|Psychic,TrickRoom,Imprison,Protect|||F|||50|,,,,,Dark
|showteam|p2|Indeedee-F||PsychicSeed|PsychicSurge|TrickRoom,FollowMe,HelpingHand,DazzlingGleam|||F|||50|,,,,,Fire]Hatterene||LifeOrb|MagicBounce|ExpandingForce,TrickRoom,DazzlingGleam,Protect|||F|||50|,,,,,Psychic]Gallade||ClearAmulet|Sharpness|PsychoCut,TrickRoom,SacredSword,WideGuard|||M|||50|,,,,,Grass]Ursaluna||FlameOrb|Guts|HeadlongRush,Facade,SwordsDance,Protect|||M|||50|,,,,,Ghost]Lilligant-Hisui||FocusSash|Chlorophyll|SolarBlade,SleepPowder,CloseCombat,AfterYou|||F|||50|,,,,,Ghost]Torkoal||ChoiceSpecs|Drought|Eruption,HeatWave,WeatherBall,EarthPower|||M|||50|,,,,,Fire
|inactive|Battle timer is ON: inactive players will automatically lose when time's up. (requested by ar1stoteles vgc)
|
|t:|1756496940
|teamsize|p1|4
|teamsize|p2|4
|start
|switch|p1a: Maushold|Maushold-Four, L50, shiny|100/100
|switch|p1b: Armarouge|Armarouge, L50, F, shiny|100/100
|switch|p2a: 紫竽超可愛|Indeedee-F, L50, F, shiny|100/100
|switch|p2b: 紫竽敲可愛|Hatterene, L50, F, shiny|100/100
|-fieldstart|move: Psychic Terrain|[from] ability: Psychic Surge|[of] p2a: 紫竽超可愛
|-enditem|p2a: 紫竽超可愛|Psychic Seed
|-boost|p2a: 紫竽超可愛|spd|1|[from] item: Psychic Seed
|turn|1
|inactive|ar1stoteles vgc has 30 seconds left.
|inactive|Clementine1997 has 30 seconds left.
|inactive|ar1stoteles vgc has 20 seconds left.
|inactive|Clementine1997 has 20 seconds left.
|inactive|ar1stoteles vgc has 15 seconds left.
|inactive|ar1stoteles vgc has 10 seconds left.
|inactive|Clementine1997 has 15 seconds left.
|inactive|ar1stoteles vgc has 5 seconds left.
|inactive|Clementine1997 has 10 seconds left.
|
|t:|1756496999
|move|p2a: 紫竽超可愛|Follow Me|p2a: 紫竽超可愛
|-singleturn|p2a: 紫竽超可愛|move: Follow Me
|move|p1a: Maushold|Taunt|p2a: 紫竽超可愛
|-start|p2a: 紫竽超可愛|move: Taunt
|move|p1b: Armarouge|Shadow Ball|p2a: 紫竽超可愛
|-immune|p2a: 紫竽超可愛
|move|p2b: 紫竽敲可愛|Trick Room|p2b: 紫竽敲可愛
|-fieldstart|move: Trick Room|[of] p2b: 紫竽敲可愛
|
|upkeep
|turn|2
|
|t:|1756497016
|-terastallize|p2b: 紫竽敲可愛|Psychic
|move|p2b: 紫竽敲可愛|Expanding Force|p1b: Armarouge|[spread] p1a,p1b
|-resisted|p1b: Armarouge
|-damage|p1a: Maushold|0 fnt
|-damage|p1b: Armarouge|46/100
|faint|p1a: Maushold
|-damage|p2b: 紫竽敲可愛|91/100|[from] item: Life Orb
|move|p2a: 紫竽超可愛|Dazzling Gleam|p1b: Armarouge
|-resisted|p1b: Armarouge
|-damage|p1b: Armarouge|34/100
|move|p1b: Armarouge|Expanding Force|p2b: 紫竽敲可愛|[spread] p2a,p2b
|-resisted|p2a: 紫竽超可愛
|-resisted|p2b: 紫竽敲可愛
|-damage|p2a: 紫竽超可愛|80/100
|-damage|p2b: 紫竽敲可愛|55/100
|
|upkeep
|
|t:|1756497020
|switch|p1a: Archaludon|Archaludon, L50, F, shiny|100/100
|turn|3
|-message|Clementine1997 forfeited.
|
|win|ar1stoteles vgc
|l|☆Clementine1997
|player|p1|
