|j|Ōśåregitron 21
|j|ŌśåBNGxPolo10
|html|regitron 21BNGxPolo10    
|uhtml|bestof|Game 1 of a best-of-3
|t:|1756426739
|gametype|doubles
|player|p1|regitron 21|shauntal|1020
|player|p2|BNGxPolo10|marshal|1000
|gen|9
|tier|[Gen 9] VGC 2025 Reg H (Bo3)
|rated|
|rule|Species Clause: Limit one of each Pok├®mon
|rule|Item Clause: Limit 1 of each item
|clearpoke
|poke|p1|Slaking, L50, M|
|poke|p1|Meowstic, L50, M|
|poke|p1|Volcarona, L50, M|
|poke|p1|Delphox, L50, F|
|poke|p1|Indeedee-F, L50, F|
|poke|p1|Garchomp, L50, M|
|poke|p2|Whimsicott, L50, F|
|poke|p2|Volcarona, L50, M|
|poke|p2|Rillaboom, L50, F|
|poke|p2|Dragonite, L50, M|
|poke|p2|Palafin, L50, M|
|poke|p2|Florges, L50, F|
|teampreview|4
|showteam|p1|Slaking||SitrusBerry|Truant|Protect,HighHorsepower,DoubleEdge,BulkUp|||M|||50|,,,,,Fire]Meowstic||CovertCloak|Prankster|SkillSwap,Psychic,ThunderWave,SunnyDay|||M|||50|,,,,,Dark]Volcarona||FocusSash|FlameBody|Tailwind,QuiverDance,BugBuzz,HeatWave|||M|||50|,,,,,Grass]Delphox||LifeOrb|Blaze|HeatWave,ExpandingForce,ShadowBall,Protect|||F|||50|,,,,,Dark]Indeedee-F||PsychicSeed|PsychicSurge|FollowMe,Imprison,TrickRoom,Psychic|||F|||50|,,,,,Fairy]Garchomp||ClearAmulet|RoughSkin|StompingTantrum,Earthquake,DragonClaw,Protect|||M|||50|,,,,,Flying
|showteam|p2|Whimsicott||CovertCloak|Prankster|Tailwind,Taunt,Encore,DazzlingGleam|||F|||50|,,,,,Dark]Volcarona||FocusSash|FlameBody|HeatWave,QuiverDance,GigaDrain,BugBuzz|||M|||50|,,,,,Water]Rillaboom||AssaultVest|GrassySurge|Uturn,GrassyGlide,HighHorsepower,KnockOff|||F|||50|,,,,,Ground]Dragonite||LifeOrb|Multiscale|ExtremeSpeed,IceSpinner,Roost,DragonClaw|||M|||50|,,,,,Normal]Palafin||PunchingGlove|ZerotoHero|DrainPunch,FlipTurn,WaveCrash,IcePunch|||M|||50|,,,,,Grass]Florges||SitrusBerry|FlowerVeil|DazzlingGleam,PsychicNoise,PollenPuff,Protect|||F|||50|,,,,,Fairy
|c|Ōśåregitron 21|hey good luck man
|c|Ōśåregitron 21|nice team
|c|ŌśåBNGxPolo10|Appreciate it follow me on twitch
|c|Ōśåregitron 21|sorry i dont use twitch
|
|t:|1756426812
|teamsize|p1|4
|teamsize|p2|4
|start
|switch|p1a: Delphox|Delphox, L50, F|100/100
|switch|p1b: Chonkydee|Indeedee-F, L50, F|100/100
|switch|p2a: Whimsicott|Whimsicott, L50, F|100/100
|switch|p2b: Rillaboom|Rillaboom, L50, F|100/100
|-fieldstart|move: Grassy Terrain|[from] ability: Grassy Surge|[of] p2b: Rillaboom
|-fieldstart|move: Psychic Terrain|[from] ability: Psychic Surge|[of] p1b: Chonkydee
|-enditem|p1b: Chonkydee|Psychic Seed
|-boost|p1b: Chonkydee|spd|1|[from] item: Psychic Seed
|turn|1
|
|t:|1756426864
|move|p2a: Whimsicott|Tailwind|p2a: Whimsicott
|-sidestart|p2: BNGxPolo10|move: Tailwind
|move|p2b: Rillaboom|U-turn|p1a: Delphox
|-damage|p1a: Delphox|64/100
|
|t:|1756426870
|switch|p2b: Florges|Florges, L50, F|100/100|[from] U-turn
|move|p1a: Delphox|Heat Wave|p2b: Florges|[spread] p2a,p2b
|-supereffective|p2a: Whimsicott
|-damage|p2a: Whimsicott|0 fnt
|-damage|p2b: Florges|72/100
|faint|p2a: Whimsicott
|-damage|p1a: Delphox|54/100|[from] item: Life Orb
|move|p1b: Chonkydee|Trick Room|p1b: Chonkydee
|-fieldstart|move: Trick Room|[of] p1b: Chonkydee
|
|upkeep
|
|t:|1756426890
|switch|p2a: Rillaboom|Rillaboom, L50, F|100/100
|-fieldstart|move: Grassy Terrain|[from] ability: Grassy Surge|[of] p2a: Rillaboom
|turn|2
|
|t:|1756426903
|move|p2b: Florges|Protect|p2b: Florges
|-singleturn|p2b: Florges|Protect
|move|p1b: Chonkydee|Follow Me|p1b: Chonkydee
|-singleturn|p1b: Chonkydee|move: Follow Me
|move|p1a: Delphox|Heat Wave|p2a: Rillaboom|[spread] p2a
|-activate|p2b: Florges|move: Protect
|-supereffective|p2a: Rillaboom
|-damage|p2a: Rillaboom|23/100
|-damage|p1a: Delphox|44/100|[from] item: Life Orb
|move|p2a: Rillaboom|High Horsepower|p1b: Chonkydee
|-damage|p1b: Chonkydee|68/100
|
|-heal|p1b: Chonkydee|75/100|[from] Grassy Terrain
|-heal|p1a: Delphox|50/100|[from] Grassy Terrain
|-heal|p2b: Florges|78/100|[from] Grassy Terrain
|-heal|p2a: Rillaboom|29/100|[from] Grassy Terrain
|upkeep
|turn|3
|
|t:|1756426923
|move|p1b: Chonkydee|Psychic|p2b: Florges
|-damage|p2b: Florges|57/100
|move|p1a: Delphox|Heat Wave|p2a: Rillaboom|[spread] p2a,p2b
|-supereffective|p2a: Rillaboom
|-damage|p2a: Rillaboom|0 fnt
|-damage|p2b: Florges|27/100
|-enditem|p2b: Florges|Sitrus Berry|[eat]
|-heal|p2b: Florges|52/100|[from] item: Sitrus Berry
|faint|p2a: Rillaboom
|-damage|p1a: Delphox|40/100|[from] item: Life Orb
|move|p2b: Florges|Pollen Puff|p2: Rillaboom|[notarget]
|-fail|p2b: Florges
|
|-heal|p1b: Chonkydee|81/100|[from] Grassy Terrain
|-heal|p1a: Delphox|46/100|[from] Grassy Terrain
|-heal|p2b: Florges|58/100|[from] Grassy Terrain
|upkeep
|
|t:|1756426937
|switch|p2a: Dragonite|Dragonite, L50, M|100/100
|turn|4
|-message|BNGxPolo10 forfeited.
|raw|regitron 21's rating: 1020 → 1055(+35 for winning)
|raw|BNGxPolo10's rating: 1000 → 1000(+0 for losing)
|
|win|regitron 21
|l|ŌśåBNGxPolo10
|player|p2|
