|j|☆Koraidon games
|j|☆toadsamongmen
|html|Koraidon gamestoadsamongmen    
|uhtml|bestof|Game 2 of a best-of-3
|t:|1782350783
|gametype|doubles
|player|p1|Koraidon games|colress|
|player|p2|toadsamongmen|swimmerf|
|gen|9
|tier|[Gen 9 Champions] VGC 2026 Reg M-B (Bo3)
|rule|Species Clause: Limit one of each Pokémon
|rule|Item Clause: Limit 1 of each item
|clearpoke
|poke|p1|Pyroar, L50, M|
|poke|p1|Sylveon, L50, F, shiny|
|poke|p1|Kangaskhan, L50, F|
|poke|p1|Farigiraf, L50, M|
|poke|p1|Torkoal, L50, M|
|poke|p1|Vileplume, L50, F, shiny|
|poke|p2|Mawile, L50, M|
|poke|p2|Archaludon, L50, F|
|poke|p2|Pelipper, L50, F|
|poke|p2|Swampert, L50, F|
|poke|p2|Incineroar, L50, F|
|poke|p2|Farigiraf, L50, F|
|teampreview|4
|showteam|p1|Pyroar||Pyroarite|Unnerve|HeatWave,Overheat,Round,Protect|Timid||M|||50|]Sylveon||LifeOrb|Pixilate|HyperVoice,HyperBeam,Round,Detect|Quiet||F|||50|]Kangaskhan||Kangaskhanite|Scrappy|DoubleEdge,BrickBreak,SuckerPunch,FakeOut|Brave||F|||50|]Farigiraf||SitrusBerry|ArmorTail|Psychic,Thunderbolt,HelpingHand,TrickRoom|Bold||M|||50|]Torkoal||Charcoal|Drought|Eruption,WeatherBall,EarthPower,Protect|Quiet||M|||50|]Vileplume||CobaBerry|Chlorophyll|GrassKnot,SludgeBomb,AfterYou,SleepPowder|Timid||F|||50|
|showteam|p2|Mawile||Mawilite|Intimidate|SuckerPunch,RockSlide,PlayRough,Protect|Brave||M|||50|]Archaludon||Leftovers|Stamina|ElectroShot,DragonPulse,AuraSphere,Protect|Calm||F|||50|]Pelipper||FocusSash|Drizzle|Tailwind,WeatherBall,Hurricane,Protect|Modest||F|||50|]Swampert||Swampertite|Damp|HighHorsepower,WaveCrash,Protect,KnockOff|Adamant||F|||50|]Incineroar||Charcoal|Intimidate|FakeOut,FlareBlitz,PartingShot,Snarl|Impish||F|||50|]Farigiraf||ColburBerry|ArmorTail|Psychic,TrickRoom,Protect,FoulPlay|Relaxed||F|||50|
|
|t:|1782350821
|teamsize|p1|4
|teamsize|p2|4
|start
|switch|p1a: カエンジシ|Pyroar, L50, M|100/100
|switch|p1b: キキリン|Farigiraf, L50, M|100/100
|switch|p2a: Swampert|Swampert, L50, F|100/100
|switch|p2b: Incineroar|Incineroar, L50, F|100/100
|-ability|p1a: カエンジシ|Unnerve
|-ability|p2b: Incineroar|Intimidate|boost
|-unboost|p1a: カエンジシ|atk|1
|-unboost|p1b: キキリン|atk|1
|turn|1
|
|t:|1782350846
|detailschange|p2a: Swampert|Swampert-Mega, L50, F
|-mega|p2a: Swampert|Swampert|Swampertite
|move|p1a: カエンジシ|Protect|p1a: カエンジシ
|-singleturn|p1a: カエンジシ|Protect
|move|p2a: Swampert|Wave Crash|p1a: カエンジシ
|-activate|p1a: カエンジシ|move: Protect
|move|p2b: Incineroar|Snarl|p1a: カエンジシ|[spread] p1b
|-activate|p1a: カエンジシ|move: Protect
|-supereffective|p1b: キキリン|1
|-damage|p1b: キキリン|80/100
|-unboost|p1b: キキリン|spa|1
|move|p1b: キキリン|Psychic|p2a: Swampert
|-damage|p2a: Swampert|78/100
|
|upkeep
|turn|2
|
|t:|1782350866
|switch|p1b: コータス|Torkoal, L50, M|100/100
|-weather|SunnyDay|[from] ability: Drought|[of] p1b: コータス
|detailschange|p1a: カエンジシ|Pyroar-Mega, L50, M
|-mega|p1a: カエンジシ|Pyroar|Pyroarite
|move|p1a: カエンジシ|Heat Wave|p2b: Incineroar|[spread] p2a,p2b
|-resisted|p2a: Swampert|1
|-resisted|p2b: Incineroar|1
|-damage|p2a: Swampert|40/100
|-damage|p2b: Incineroar|64/100
|move|p2a: Swampert|High Horsepower|p1a: カエンジシ
|-supereffective|p1a: カエンジシ|1
|-damage|p1a: カエンジシ|0 fnt
|faint|p1a: カエンジシ
|move|p2b: Incineroar|Snarl|p1b: コータス
|-damage|p1b: コータス|80/100
|-unboost|p1b: コータス|spa|1
|
|-weather|SunnyDay|[upkeep]
|upkeep
|c|☆Koraidon games|bro I got to go to locals
|-message|Koraidon games forfeited.
|
|win|toadsamongmen
|c|☆toadsamongmen|lol
