|j|☆almagroalanzarote
|j|☆BeckVGC
|html|almagroalanzaroteBeckVGC    
|uhtml|bestof|Game 3 of a best-of-3
|t:|1784679903
|gametype|doubles
|player|p1|almagroalanzarote|nate|1211
|player|p2|BeckVGC|roughneck-gen4|1098
|gen|9
|tier|[Gen 9 Champions] VGC 2026 Reg M-B (Bo3)
|rated|
|rule|Species Clause: Limit one of each Pokémon
|rule|Item Clause: Limit 1 of each item
|clearpoke
|poke|p1|Blastoise, L50, M|
|poke|p1|Delphox, L50, F|
|poke|p1|Sneasler, L50, M|
|poke|p1|Incineroar, L50, M|
|poke|p1|Kingambit, L50, M|
|poke|p1|Sinistcha, L50|
|poke|p2|Liepard, L50, F|
|poke|p2|Primarina, L50, M|
|poke|p2|Delphox, L50, M|
|poke|p2|Garchomp, L50, M|
|poke|p2|Araquanid, L50, M|
|poke|p2|Tsareena, L50, F|
|teampreview|4
|showteam|p1|Blastoise||Blastoisinite|RainDish|WaterSpout,DarkPulse,ShellSmash,Protect|Modest||M|||50|]Delphox||Delphoxite|Blaze|HeatWave,Psyshock,NastyPlot,Protect|Timid||F|||50|]Sneasler||FocusSash|PoisonTouch|FakeOut,CloseCombat,DireClaw,QuickGuard|Jolly||M|||50|]Incineroar||SitrusBerry|Intimidate|FakeOut,FlareBlitz,PartingShot,HelpingHand|Impish||M|||50|]Kingambit||BlackGlasses|Defiant|KowtowCleave,SuckerPunch,SwordsDance,Protect|Adamant||M|||50|]Sinistcha||OccaBerry|Hospitality|MatchaGotcha,RagePowder,TrickRoom,Protect|Bold|||||50|
|showteam|p2|Liepard||FocusSash|Prankster|KnockOff,Encore,SunnyDay,FakeOut|Jolly||F|||50|]Primarina||LifeOrb|LiquidVoice|HyperVoice,Moonblast,EnergyBall,Protect|Quiet||M|||50|]Delphox||Delphoxite|Blaze|HeatWave,GrassKnot,Psyshock,Protect|Timid||M|||50|]Garchomp||LumBerry|RoughSkin|RockTomb,DragonClaw,Earthquake,Protect|Adamant||M|||50|]Araquanid||SitrusBerry|WaterBubble|Liquidation,WideGuard,LeechLife,PoisonJab|Brave||M|||50|]Tsareena||ChoiceScarf|QueenlyMajesty|PowerWhip,HighJumpKick,KnockOff,TripleAxel|Jolly||F|||50|
|inactive|Battle timer is ON: inactive players will automatically lose when time's up. (requested by BeckVGC)
|inactive|almagroalanzarote also wants the timer to be on.
|
|t:|1784679930
|teamsize|p1|4
|teamsize|p2|4
|start
|switch|p1a: Blastoise|Blastoise, L50, M|100/100
|switch|p1b: Sneasler|Sneasler, L50, M|100/100
|switch|p2a: Primarina|Primarina, L50, M|100/100
|switch|p2b: Liepard|Liepard, L50, F|100/100
|turn|1
|
|t:|1784679945
|detailschange|p1a: Blastoise|Blastoise-Mega, L50, M
|-mega|p1a: Blastoise|Blastoise|Blastoisinite
|move|p2b: Liepard|Fake Out|p1a: Blastoise
|-damage|p1a: Blastoise|88/100
|move|p1b: Sneasler|Dire Claw|p2a: Primarina
|-supereffective|p2a: Primarina|1
|-damage|p2a: Primarina|0 fnt
|faint|p2a: Primarina
|cant|p1a: Blastoise|flinch
|
|upkeep
|
|t:|1784679959
|switch|p2a: Garchomp|Garchomp, L50, M|100/100
|turn|2
|
|t:|1784679978
|move|p2b: Liepard|Encore|p1b: Sneasler
|-start|p1b: Sneasler|Encore
|move|p1b: Sneasler|Dire Claw|p2b: Liepard
|-damage|p2b: Liepard|5/100
|-status|p2b: Liepard|par
|move|p2a: Garchomp|Earthquake|p1a: Blastoise|[spread] p2b,p1a,p1b
|-supereffective|p1b: Sneasler|1
|-damage|p2b: Liepard|0 fnt
|-damage|p1a: Blastoise|48/100
|-enditem|p1b: Sneasler|Focus Sash
|-damage|p1b: Sneasler|1/100
|faint|p2b: Liepard
|move|p1a: Blastoise|Shell Smash|p1a: Blastoise
|-unboost|p1a: Blastoise|def|1
|-unboost|p1a: Blastoise|spd|1
|-boost|p1a: Blastoise|atk|2
|-boost|p1a: Blastoise|spa|2
|-boost|p1a: Blastoise|spe|2
|
|upkeep
|
|t:|1784679988
|switch|p2b: Delphox|Delphox, L50, M|100/100
|turn|3
|
|t:|1784679994
|switch|p1b: Sinistcha|Sinistcha, L50|100/100
|-heal|p1a: Blastoise|73/100|[from] ability: Hospitality|[of] p1b: Sinistcha
|move|p1a: Blastoise|Protect|p1a: Blastoise
|-singleturn|p1a: Blastoise|Protect
|move|p2b: Delphox|Protect|p2b: Delphox
|-singleturn|p2b: Delphox|Protect
|move|p2a: Garchomp|Earthquake|p1b: Sinistcha|[spread] p1b
|-activate|p2b: Delphox|move: Protect
|-activate|p1a: Blastoise|move: Protect
|-resisted|p1b: Sinistcha|1
|-damage|p1b: Sinistcha|84/100
|
|upkeep
|turn|4
|
|t:|1784680006
|switch|p1b: Incineroar|Incineroar, L50, M|100/100
|-ability|p1b: Incineroar|Intimidate|boost
|-unboost|p2a: Garchomp|atk|1
|-unboost|p2b: Delphox|atk|1
|detailschange|p2b: Delphox|Delphox-Mega, L50, M
|-mega|p2b: Delphox|Delphox|Delphoxite
|move|p1a: Blastoise|Water Spout|p2b: Delphox|[spread] p2a,p2b
|-supereffective|p2b: Delphox|1
|-damage|p2a: Garchomp|5/100
|-damage|p2b: Delphox|0 fnt
|faint|p2b: Delphox
|move|p2a: Garchomp|Earthquake|p1a: Blastoise|[spread] p1a,p1b
|-supereffective|p1b: Incineroar|1
|-damage|p1a: Blastoise|33/100
|-damage|p1b: Incineroar|57/100
|
|upkeep
|turn|5
|inactive|BeckVGC has 30 seconds left.
|inactive|BeckVGC has 20 seconds left.
|inactive|BeckVGC has 15 seconds left.
|-message|BeckVGC forfeited.
|raw|almagroalanzarote's rating: 1211 → 1228(+17 for winning)
|raw|BeckVGC's rating: 1098 → 1081(-17 for losing)
|
|win|almagroalanzarote
