|j|☆i still have it
|j|☆blfuller_4
|html|i still have itblfuller_4    
|uhtml|bestof|Game 3 of a best-of-3
|t:|1755924788
|gametype|doubles
|player|p1|i still have it|benga|1313
|player|p2|blfuller_4|101|1369
|gen|9
|tier|[Gen 9] VGC 2025 Reg H (Bo3)
|rated|
|rule|Species Clause: Limit one of each Pokémon
|rule|Item Clause: Limit 1 of each item
|clearpoke
|poke|p1|Sneasler, L50, M|
|poke|p1|Kingambit, L50, M|
|poke|p1|Dragonite, L50, F|
|poke|p1|Rillaboom, L50, M|
|poke|p1|Incineroar, L50, M|
|poke|p1|Basculegion, L50, M|
|poke|p2|Tyranitar, L50, F|
|poke|p2|Excadrill, L50, F|
|poke|p2|Sneasler, L50, F|
|poke|p2|Indeedee, L50, M|
|poke|p2|Gholdengo, L50|
|poke|p2|Whimsicott, L50, F|
|teampreview|4
|showteam|p1|Sneasler||FocusSash|PoisonTouch|DireClaw,CloseCombat,Coaching,Protect|||M|||50|,,,,,Stellar]Kingambit||DreadPlate|Defiant|KowtowCleave,SuckerPunch,SwordsDance,Protect|||M|||50|,,,,,Dark]Dragonite||LoadedDice|Multiscale|ScaleShot,Tailwind,Haze,Protect|||F|||50|,,,,,Steel]Rillaboom||AssaultVest|GrassySurge|WoodHammer,Uturn,FakeOut,GrassyGlide|||M|||50|,,,,,Fire]Incineroar||SafetyGoggles|Intimidate|FlareBlitz,KnockOff,FakeOut,PartingShot|||M|||50|,,,,,Ghost]Basculegion||ChoiceScarf|Adaptability|WaveCrash,LastRespects,FlipTurn,TeraBlast|||M|||50|,,,,,Fighting
|showteam|p2|Tyranitar||AssaultVest|SandStream|RockSlide,TeraBlast,KnockOff,LowKick|||F|||50|,,,,,Flying]Excadrill||FocusSash|SandRush|Protect,Earthquake,HighHorsepower,IronHead|||F|||50|,,,,,Stellar]Sneasler||PsychicSeed|Unburden|ThroatChop,Protect,CloseCombat,DireClaw|||F|||50|,,,,,Dark]Indeedee||ChoiceScarf|PsychicSurge|ExpandingForce,DazzlingGleam,ShadowBall,Trick|||M|||50|,,,,,Psychic]Gholdengo||ChoiceSpecs|GoodasGold|MakeItRain,ShadowBall,Thunderbolt,PowerGem||||||50|,,,,,Steel]Whimsicott||CovertCloak|Prankster|Tailwind,Moonblast,Encore,FakeTears|||F|||50|,,,,,Dark
|inactive|Battle timer is ON: inactive players will automatically lose when time's up. (requested by i still have it)
|inactive|i still have it has 60 seconds left.
|
|t:|1755924844
|teamsize|p1|4
|teamsize|p2|4
|start
|switch|p1a: Incineroar|Incineroar, L50, M|100/100
|switch|p1b: Basculegion|Basculegion, L50, M|100/100
|switch|p2a: Tyranitar|Tyranitar, L50, F|100/100
|switch|p2b: Sneasler|Sneasler, L50, F|100/100
|-ability|p1a: Incineroar|Intimidate|boost
|-unboost|p2a: Tyranitar|atk|1
|-unboost|p2b: Sneasler|atk|1
|-weather|Sandstorm|[from] ability: Sand Stream|[of] p2a: Tyranitar
|turn|1
|inactive|i still have it has 30 seconds left.
|inactive|blfuller_4 has 30 seconds left.
|
|t:|1755924874
|-terastallize|p2a: Tyranitar|Flying
|move|p2b: Sneasler|Protect|p2b: Sneasler
|-singleturn|p2b: Sneasler|Protect
|move|p1b: Basculegion|Flip Turn|p2b: Sneasler
|-activate|p2b: Sneasler|move: Protect
|move|p1a: Incineroar|Parting Shot|p2a: Tyranitar
|-unboost|p2a: Tyranitar|atk|1
|-unboost|p2a: Tyranitar|spa|1
|
|t:|1755924881
|switch|p1a: Dragonite|Dragonite, L50, F|100/100|[from] Parting Shot
|move|p2a: Tyranitar|Rock Slide|p1b: Basculegion|[spread] p1b
|-miss|p2a: Tyranitar|p1a: Dragonite
|-damage|p1b: Basculegion|81/100
|
|-weather|Sandstorm|[upkeep]
|-damage|p1b: Basculegion|74/100|[from] Sandstorm
|-damage|p2b: Sneasler|94/100|[from] Sandstorm
|-damage|p1a: Dragonite|95/100|[from] Sandstorm
|-damage|p2a: Tyranitar|95/100|[from] Sandstorm
|upkeep
|turn|2
|
|t:|1755924902
|switch|p1a: Incineroar|Incineroar, L50, M|100/100
|-ability|p1a: Incineroar|Intimidate|boost
|-unboost|p2a: Tyranitar|atk|1
|-unboost|p2b: Sneasler|atk|1
|move|p1b: Basculegion|Flip Turn|p2b: Sneasler
|-damage|p2b: Sneasler|38/100
|
|t:|1755924906
|switch|p1b: Rillaboom|Rillaboom, L50, M|100/100|[from] Flip Turn
|-fieldstart|move: Grassy Terrain|[from] ability: Grassy Surge|[of] p1b: Rillaboom
|move|p2b: Sneasler|Throat Chop|p1b: Rillaboom
|-damage|p1b: Rillaboom|86/100
|-start|p1b: Rillaboom|Throat Chop|[silent]
|move|p2a: Tyranitar|Rock Slide|p1b: Rillaboom|[spread] p1a,p1b
|-supereffective|p1a: Incineroar
|-damage|p1a: Incineroar|77/100
|-damage|p1b: Rillaboom|73/100
|
|-weather|Sandstorm|[upkeep]
|-damage|p2b: Sneasler|32/100|[from] Sandstorm
|-damage|p1b: Rillaboom|67/100|[from] Sandstorm
|-damage|p2a: Tyranitar|89/100|[from] Sandstorm
|-heal|p2b: Sneasler|38/100|[from] Grassy Terrain
|-heal|p1b: Rillaboom|73/100|[from] Grassy Terrain
|-heal|p1a: Incineroar|83/100|[from] Grassy Terrain
|upkeep
|turn|3
|inactive|i still have it has 30 seconds left.
|
|t:|1755924933
|switch|p2a: Indeedee|Indeedee, L50, M|100/100
|-fieldstart|move: Psychic Terrain|[from] ability: Psychic Surge|[of] p2a: Indeedee
|-enditem|p2b: Sneasler|Psychic Seed
|-boost|p2b: Sneasler|spd|1|[from] item: Psychic Seed
|move|p1b: Rillaboom|Fake Out|p2b: Sneasler
|-activate|p2b: Sneasler|move: Psychic Terrain
|move|p2b: Sneasler|Dire Claw|p1b: Rillaboom
|-supereffective|p1b: Rillaboom
|-damage|p1b: Rillaboom|34/100
|-status|p1b: Rillaboom|par
|move|p1a: Incineroar|Parting Shot|p2a: Indeedee
|-unboost|p2a: Indeedee|atk|1
|-unboost|p2a: Indeedee|spa|1
|inactive|i still have it has 30 seconds left.
|inactive|i still have it has 20 seconds left.
|
|t:|1755924969
|switch|p1a: Basculegion|Basculegion, L50, M|74/100|[from] Parting Shot
|
|-weather|Sandstorm|[upkeep]
|-damage|p2b: Sneasler|32/100|[from] Sandstorm
|-damage|p2a: Indeedee|95/100|[from] Sandstorm
|-damage|p1a: Basculegion|68/100|[from] Sandstorm
|-damage|p1b: Rillaboom|29/100 par|[from] Sandstorm
|-end|p1b: Rillaboom|Throat Chop|[silent]
|upkeep
|turn|4
|
|t:|1755924990
|switch|p1b: Incineroar|Incineroar, L50, M|83/100
|-ability|p1b: Incineroar|Intimidate|boost
|-unboost|p2a: Indeedee|atk|1
|-unboost|p2b: Sneasler|atk|1
|move|p2b: Sneasler|Throat Chop|p1a: Basculegion
|-supereffective|p1a: Basculegion
|-damage|p1a: Basculegion|36/100
|-start|p1a: Basculegion|Throat Chop|[silent]
|move|p2a: Indeedee|Expanding Force|p1a: Basculegion|[spread] p1a
|-immune|p1b: Incineroar
|-damage|p1a: Basculegion|0 fnt
|faint|p1a: Basculegion
|
|-weather|Sandstorm|[upkeep]
|-damage|p2b: Sneasler|26/100|[from] Sandstorm
|-damage|p2a: Indeedee|89/100|[from] Sandstorm
|upkeep
|-message|i still have it forfeited.
|
|win|blfuller_4
|raw|i still have it's rating: 1313 → 1296(-17 for losing)
|raw|blfuller_4's rating: 1369 → 1386(+17 for winning)
|l|☆i still have it
|player|p1|
