|j|☆rapidsinglestrike
|j|☆spiritneko666
|html|rapidsinglestrikespiritneko666    
|uhtml|bestof|Game 3 of a best-of-3
|t:|1756863440
|gametype|doubles
|player|p1|rapidsinglestrike|1|1255
|player|p2|spiritneko666|psychic-gen4|1222
|gen|9
|tier|[Gen 9] VGC 2025 Reg H (Bo3)
|rated|
|rule|Species Clause: Limit one of each Pokémon
|rule|Item Clause: Limit 1 of each item
|clearpoke
|poke|p1|Maushold, L50|
|poke|p1|Annihilape, L50, M|
|poke|p1|Incineroar, L50, M|
|poke|p1|Rillaboom, L50, M|
|poke|p1|Dragonite, L50, M|
|poke|p1|Gholdengo, L50|
|poke|p2|Sneasler, L50, F|
|poke|p2|Indeedee, L50, M|
|poke|p2|Ursaluna-Bloodmoon, L50, M|
|poke|p2|Talonflame, L50, M|
|poke|p2|Primarina, L50, M|
|poke|p2|Arcanine-Hisui, L50, M|
|teampreview|4
|showteam|p1|Maushold||WideLens|Technician|PopulationBomb,BeatUp,Protect,FollowMe||||||50|,,,,,Ghost]Annihilape||Leftovers|Defiant|RageFist,DrainPunch,Protect,BulkUp|||M|||50|,,,,,Fire]Incineroar||SitrusBerry|Intimidate|FakeOut,KnockOff,PartingShot,FlareBlitz|||M|||50|,,,,,Grass]Rillaboom||AssaultVest|GrassySurge|FakeOut,GrassyGlide,Uturn,WoodHammer|||M|||50|,,,,,Fire]Dragonite||LoadedDice|Multiscale|ScaleShot,Tailwind,Protect,Haze|||M|||50|,,,,,Fairy]Gholdengo||LifeOrb|GoodasGold|MakeItRain,ShadowBall,Protect,NastyPlot||||||50|,,,,,Water
|showteam|p2|Sneasler||PsychicSeed|Unburden|CloseCombat,DireClaw,ThroatChop,Protect|||F|||50|,,,,,Dark]Indeedee||FocusSash|PsychicSurge|ExpandingForce,TrickRoom,HelpingHand,Protect|||M|||50|,,,,,Psychic]Ursaluna-Bloodmoon||LifeOrb|MindsEye|BloodMoon,HyperVoice,EarthPower,Protect|||M|||50|,,,,,Normal]Talonflame||CovertCloak|GaleWings|FlareBlitz,DualWingbeat,WillOWisp,Tailwind|||M|||50|,,,,,Fairy]Primarina||SitrusBerry|LiquidVoice|HyperVoice,Moonblast,Haze,Protect|||M|||50|,,,,,Grass]Arcanine-Hisui||ChoiceBand|Intimidate|FlareBlitz,ExtremeSpeed,CloseCombat,RockSlide|||M|||50|,,,,,Grass
|inactive|Battle timer is ON: inactive players will automatically lose when time's up. (requested by spiritneko666)
|inactive|rapidsinglestrike also wants the timer to be on.
|inactive|rapidsinglestrike has 60 seconds left.
|inactive|spiritneko666 has 60 seconds left.
|
|t:|1756863479
|teamsize|p1|4
|teamsize|p2|4
|start
|switch|p1a: Dragonite|Dragonite, L50, M|100/100
|switch|p1b: Rillaboom|Rillaboom, L50, M|100/100
|switch|p2a: Shrike|Talonflame, L50, M|100/100
|switch|p2b: Maple|Ursaluna-Bloodmoon, L50, M|100/100
|-fieldstart|move: Grassy Terrain|[from] ability: Grassy Surge|[of] p1b: Rillaboom
|turn|1
|inactive|rapidsinglestrike has 30 seconds left.
|
|t:|1756863507
|switch|p2b: Alfred|Indeedee, L50, M|100/100
|-fieldstart|move: Psychic Terrain|[from] ability: Psychic Surge|[of] p2b: Alfred
|move|p2a: Shrike|Will-O-Wisp|p1a: Dragonite
|-status|p1a: Dragonite|brn
|move|p1a: Dragonite|Tailwind|p1a: Dragonite
|-sidestart|p1: rapidsinglestrike|move: Tailwind
|move|p1b: Rillaboom|Wood Hammer|p2b: Alfred
|-crit|p2b: Alfred
|-enditem|p2b: Alfred|Focus Sash
|-damage|p2b: Alfred|1/100
|-damage|p1b: Rillaboom|79/100|[from] Recoil
|
|-damage|p1a: Dragonite|95/100 brn|[from] brn
|upkeep
|turn|2
|inactive|rapidsinglestrike has 30 seconds left.
|inactive|spiritneko666 has 30 seconds left.
|inactive|spiritneko666 has 20 seconds left.
|inactive|spiritneko666 has 15 seconds left.
|
|t:|1756863550
|-terastallize|p1b: Rillaboom|Fire
|move|p2a: Shrike|Tailwind|p2a: Shrike
|-sidestart|p2: spiritneko666|move: Tailwind
|move|p2b: Alfred|Expanding Force|p1a: Dragonite|[spread] p1a,p1b
|-damage|p1a: Dragonite|39/100 brn
|-damage|p1b: Rillaboom|42/100
|move|p1a: Dragonite|Scale Shot|p2a: Shrike
|-damage|p2a: Shrike|90/100
|-damage|p2a: Shrike|78/100
|-damage|p2a: Shrike|67/100
|-damage|p2a: Shrike|55/100
|-hitcount|p2a: Shrike|4
|-unboost|p1a: Dragonite|def|1
|-boost|p1a: Dragonite|spe|1
|move|p1b: Rillaboom|U-turn|p2b: Alfred
|-supereffective|p2b: Alfred
|-damage|p2b: Alfred|0 fnt
|faint|p2b: Alfred
|
|t:|1756863568
|switch|p1b: Maushold|Maushold, L50|100/100|[from] U-turn
|
|-damage|p1a: Dragonite|33/100 brn|[from] brn
|upkeep
|
|t:|1756863576
|switch|p2b: Arcanine|Arcanine-Hisui, L50, M|100/100
|-ability|p2b: Arcanine|Intimidate|boost
|-unboost|p1a: Dragonite|atk|1
|-unboost|p1b: Maushold|atk|1
|turn|3
|
|t:|1756863595
|move|p1a: Dragonite|Scale Shot|p2b: Arcanine
|-damage|p2b: Arcanine|95/100
|-damage|p2b: Arcanine|88/100
|-damage|p2b: Arcanine|82/100
|-damage|p2b: Arcanine|75/100
|-damage|p2b: Arcanine|68/100
|-hitcount|p2b: Arcanine|5
|-unboost|p1a: Dragonite|def|1
|-boost|p1a: Dragonite|spe|1
|move|p2a: Shrike|Flare Blitz|p1b: Maushold
|-damage|p1b: Maushold|30/100
|-damage|p2a: Shrike|33/100|[from] Recoil
|move|p1b: Maushold|Population Bomb|p2a: Shrike
|-damage|p2a: Shrike|22/100
|-damage|p2a: Shrike|10/100
|-damage|p2a: Shrike|0 fnt
|faint|p2a: Shrike
|-hitcount|p2: Shrike|3
|move|p2b: Arcanine|Rock Slide|p1a: Dragonite|[spread] p1a,p1b
|-supereffective|p1a: Dragonite
|-damage|p1a: Dragonite|0 fnt
|-damage|p1b: Maushold|0 fnt
|faint|p1a: Dragonite
|faint|p1b: Maushold
|
|upkeep
|
|t:|1756863615
|switch|p2a: Maple|Ursaluna-Bloodmoon, L50, M|100/100
|switch|p1b: Rillaboom|Rillaboom, L50, M, tera:Fire|42/100
|switch|p1a: Gholdengo|Gholdengo, L50|100/100
|-fieldstart|move: Grassy Terrain|[from] ability: Grassy Surge|[of] p1b: Rillaboom
|turn|4
|
|t:|1756863639
|move|p2b: Arcanine|Rock Slide|p1a: Gholdengo|[spread] p1a,p1b
|-resisted|p1a: Gholdengo
|-supereffective|p1b: Rillaboom
|-damage|p1a: Gholdengo|80/100
|-damage|p1b: Rillaboom|0 fnt
|faint|p1b: Rillaboom
|move|p1a: Gholdengo|Make It Rain|p2a: Maple|[spread] p2a,p2b
|-damage|p2a: Maple|16/100
|-damage|p2b: Arcanine|0 fnt
|-unboost|p1a: Gholdengo|spa|1
|faint|p2b: Arcanine
|-damage|p1a: Gholdengo|71/100|[from] item: Life Orb
|move|p2a: Maple|Earth Power|p1a: Gholdengo
|-supereffective|p1a: Gholdengo
|-damage|p1a: Gholdengo|0 fnt
|faint|p1a: Gholdengo
|-damage|p2a: Maple|6/100|[from] item: Life Orb
|
|win|spiritneko666
|raw|rapidsinglestrike's rating: 1255 → 1228(-27 for losing)
|raw|spiritneko666's rating: 1222 → 1249(+27 for winning)
|l|☆rapidsinglestrike
|player|p1|
