|j|☆jANMxRin
|j|☆Ruben1452
|html|jANMxRinRuben1452    
|uhtml|bestof|Game 3 of a best-of-3
|t:|1756293592
|gametype|doubles
|player|p1|jANMxRin|acerola-masters|1049
|player|p2|Ruben1452|hilbert-wonderlauncher|1031
|gen|9
|tier|[Gen 9] VGC 2025 Reg H (Bo3)
|rated|
|rule|Species Clause: Limit one of each Pokémon
|rule|Item Clause: Limit 1 of each item
|clearpoke
|poke|p1|Sneasler, L50, M|
|poke|p1|Indeedee, L50, M|
|poke|p1|Volcarona, L50, M|
|poke|p1|Ursaluna-Bloodmoon, L50, M|
|poke|p1|Annihilape, L50, F|
|poke|p1|Tyranitar, L50, M|
|poke|p2|Incineroar, L50, F|
|poke|p2|Basculegion, L50, M|
|poke|p2|Pelipper, L50, F|
|poke|p2|Amoonguss, L50, M|
|poke|p2|Archaludon, L50, M|
|poke|p2|Gholdengo, L50|
|teampreview|4
|showteam|p1|Sneasler||PsychicSeed|Unburden|CloseCombat,DireClaw,ThroatChop,Protect|||M|||50|,,,,,Dark]Indeedee||ChoiceScarf|PsychicSurge|ExpandingForce,TeraBlast,Trick,Protect|||M|||50|,,,,,Psychic]Volcarona||SitrusBerry|FlameBody|Overheat,StruggleBug,RagePowder,Tailwind|||M|||50|,,,,,Grass]Ursaluna-Bloodmoon||LifeOrb|MindsEye|BloodMoon,HyperVoice,EarthPower,Protect|||M|||50|,,,,,Normal]Annihilape||SafetyGoggles|Defiant|CloseCombat,RageFist,Taunt,FinalGambit|||F|||50|,,,,,Fairy]Tyranitar||AssaultVest|SandStream|RockSlide,KnockOff,TeraBlast,LowKick|||M|||50|,,,,,Flying
|showteam|p2|Incineroar||SafetyGoggles|Intimidate|FakeOut,PartingShot,Taunt,KnockOff|||F|||50|,,,,,Ghost]Basculegion||ChoiceBand|SwiftSwim|WaveCrash,LastRespects,FlipTurn,AquaJet|||M|||50|,,,,,Grass]Pelipper||FocusSash|Drizzle|WeatherBall,Hurricane,Tailwind,WideGuard|||F|||50|,,,,,Ground]Amoonguss||SitrusBerry|Regenerator|Spore,RagePowder,PollenPuff,Protect|||M|||50|,,,,,Water]Archaludon||AssaultVest|Stamina|ElectroShot,DragonPulse,FlashCannon,BodyPress|||M|||50|,,,,,Bug]Gholdengo||LifeOrb|GoodasGold|MakeItRain,ShadowBall,NastyPlot,Protect||||||50|,,,,,Water
|inactive|Battle timer is ON: inactive players will automatically lose when time's up. (requested by Ruben1452)
|inactive|jANMxRin has 60 seconds left.
|
|t:|1756293631
|teamsize|p1|4
|teamsize|p2|4
|start
|switch|p1a: Sneasler|Sneasler, L50, M|100/100
|switch|p1b: Indeedee|Indeedee, L50, M|100/100
|switch|p2a: Pelipper|Pelipper, L50, F|100/100
|switch|p2b: Gholdengo|Gholdengo, L50|100/100
|-fieldstart|move: Psychic Terrain|[from] ability: Psychic Surge|[of] p1b: Indeedee
|-enditem|p1a: Sneasler|Psychic Seed
|-boost|p1a: Sneasler|spd|1|[from] item: Psychic Seed
|-weather|RainDance|[from] ability: Drizzle|[of] p2a: Pelipper
|turn|1
|inactive|jANMxRin has 30 seconds left.
|
|t:|1756293666
|move|p1a: Sneasler|Dire Claw|p2a: Pelipper
|-damage|p2a: Pelipper|45/100
|move|p1b: Indeedee|Tera Blast|p2a: Pelipper
|-damage|p2a: Pelipper|0 fnt
|faint|p2a: Pelipper
|move|p2b: Gholdengo|Nasty Plot|p2b: Gholdengo
|-boost|p2b: Gholdengo|spa|2
|
|-weather|RainDance|[upkeep]
|upkeep
|
|t:|1756293684
|switch|p2a: Basculegion|Basculegion, L50, M|100/100
|turn|2
|inactive|jANMxRin has 30 seconds left.
|inactive|Ruben1452 has 30 seconds left.
|inactive|jANMxRin has 20 seconds left.
|inactive|jANMxRin has 15 seconds left.
|inactive|jANMxRin has 10 seconds left.
|inactive|Ruben1452 has 20 seconds left.
|inactive|Ruben1452 has 15 seconds left.
|
|t:|1756293741
|-terastallize|p1a: Sneasler|Dark
|-terastallize|p2b: Gholdengo|Water
|move|p1a: Sneasler|Throat Chop|p2b: Gholdengo
|-damage|p2b: Gholdengo|47/100
|-start|p2b: Gholdengo|Throat Chop|[silent]
|move|p2a: Basculegion|Flip Turn|p1a: Sneasler
|-crit|p1a: Sneasler
|-damage|p1a: Sneasler|0 fnt
|faint|p1a: Sneasler
|
|t:|1756293752
|switch|p2a: Amoonguss|Amoonguss, L50, M|100/100|[from] Flip Turn
|move|p1b: Indeedee|Tera Blast|p2b: Gholdengo
|-damage|p2b: Gholdengo|4/100
|move|p2b: Gholdengo|Make It Rain|p1b: Indeedee
|-crit|p1b: Indeedee
|-damage|p1b: Indeedee|0 fnt
|-unboost|p2b: Gholdengo|spa|1
|faint|p1b: Indeedee
|-damage|p2b: Gholdengo|0 fnt|[from] item: Life Orb
|faint|p2b: Gholdengo
|
|-weather|RainDance|[upkeep]
|upkeep
|
|t:|1756293768
|switch|p1a: Annihilape|Annihilape, L50, F|100/100
|switch|p2b: Basculegion|Basculegion, L50, M|100/100
|switch|p1b: Volcarona|Volcarona, L50, M|100/100
|turn|3
|inactive|jANMxRin has 30 seconds left.
|inactive|jANMxRin has 20 seconds left.
|inactive|jANMxRin has 15 seconds left.
|
|t:|1756293810
|move|p1b: Volcarona|Rage Powder|p1b: Volcarona
|-singleturn|p1b: Volcarona|move: Rage Powder
|move|p2b: Basculegion|Last Respects|p1b: Volcarona
|-damage|p1b: Volcarona|0 fnt
|faint|p1b: Volcarona
|move|p1a: Annihilape|Taunt|p2a: Amoonguss
|-start|p2a: Amoonguss|move: Taunt
|move|p2a: Amoonguss|Pollen Puff|p2b: Basculegion
|
|-weather|RainDance|[upkeep]
|upkeep
|turn|4
|
|t:|1756293823
|move|p2b: Basculegion|Last Respects|p1a: Annihilape
|-supereffective|p1a: Annihilape
|-damage|p1a: Annihilape|0 fnt
|faint|p1a: Annihilape
|
|win|Ruben1452
|raw|jANMxRin's rating: 1049 → 1031(-18 for losing)
|raw|Ruben1452's rating: 1031 → 1068(+37 for winning)
