|j|☆cpeavy04
|j|☆Thisiswhyweclash
|html|cpeavy04Thisiswhyweclash    
|uhtml|bestof|Game 2 of a best-of-3
|t:|1756964270
|gametype|doubles
|player|p1|cpeavy04|169|1249
|player|p2|Thisiswhyweclash|schoolkid-gen4dp|1309
|gen|9
|tier|[Gen 9] VGC 2025 Reg H (Bo3)
|rated|
|rule|Species Clause: Limit one of each Pokémon
|rule|Item Clause: Limit 1 of each item
|clearpoke
|poke|p1|Dragonite, L50, M|
|poke|p1|Ursaluna-Bloodmoon, L50, M|
|poke|p1|Gholdengo, L50|
|poke|p1|Incineroar, L50, M|
|poke|p1|Ninetales-Alola, L50, M|
|poke|p1|Annihilape, L50, M|
|poke|p2|Gholdengo, L50|
|poke|p2|Incineroar, L50, F|
|poke|p2|Amoonguss, L50, M|
|poke|p2|Archaludon, L50, F|
|poke|p2|Pelipper, L50, M|
|poke|p2|Basculegion, L50, M|
|teampreview|4
|showteam|p1|Dragonite||LoadedDice|Multiscale|ScaleShot,Tailwind,Haze,Protect|||M|||50|,,,,,Steel]Ursaluna-Bloodmoon||AssaultVest|MindsEye|HyperVoice,BloodMoon,EarthPower,VacuumWave|||M|||50|,,,,,Poison]Gholdengo||LifeOrb|GoodasGold|MakeItRain,ShadowBall,NastyPlot,Protect||||||50|,,,,,Fairy]Incineroar||SafetyGoggles|Intimidate|FlareBlitz,KnockOff,FakeOut,PartingShot|||M|||50|,,,,,Ghost]Ninetales-Alola||FocusSash|SnowWarning|FreezeDry,IcicleSpear,AuroraVeil,Protect|||M|||50|,,,,,Ghost]Annihilape||Leftovers|Defiant|DrainPunch,RageFist,BulkUp,Protect|||M|||50|,,,,,Fire
|showteam|p2|Gholdengo||LifeOrb|GoodasGold|MakeItRain,ShadowBall,NastyPlot,Protect||||||50|,,,,,Water]Incineroar||RockyHelmet|Intimidate|Taunt,KnockOff,PartingShot,FakeOut|||F|||50|,,,,,Ghost]Amoonguss||SitrusBerry|Regenerator|PollenPuff,Spore,RagePowder,Protect|||M|||50|,,,,,Water]Archaludon||AssaultVest|Stamina|DragonPulse,FlashCannon,ElectroShot,BodyPress|||F|||50|,,,,,Bug]Pelipper||FocusSash|Drizzle|WeatherBall,Hurricane,Tailwind,Protect|||M|||50|,,,,,Ground]Basculegion||ChoiceBand|SwiftSwim|WaveCrash,LastRespects,FlipTurn,AquaJet|||M|||50|,,,,,Water
|inactive|Battle timer is ON: inactive players will automatically lose when time's up. (requested by cpeavy04)
|
|t:|1756964306
|teamsize|p1|4
|teamsize|p2|4
|start
|switch|p1a: Dragonite|Dragonite, L50, M|100/100
|switch|p1b: Annihilape|Annihilape, L50, M|100/100
|switch|p2a: Gholdengo|Gholdengo, L50|100/100
|switch|p2b: Amoonguss|Amoonguss, L50, M|100/100
|turn|1
|
|t:|1756964327
|move|p2a: Gholdengo|Protect|p2a: Gholdengo
|-singleturn|p2a: Gholdengo|Protect
|move|p1b: Annihilape|Protect|p1b: Annihilape
|-singleturn|p1b: Annihilape|Protect
|move|p1a: Dragonite|Tailwind|p1a: Dragonite
|-sidestart|p1: cpeavy04|move: Tailwind
|move|p2b: Amoonguss|Spore|p1a: Dragonite
|-status|p1a: Dragonite|slp|[from] move: Spore
|
|upkeep
|turn|2
|
|t:|1756964349
|cant|p1a: Dragonite|slp
|move|p1b: Annihilape|Bulk Up|p1b: Annihilape
|-boost|p1b: Annihilape|atk|1
|-boost|p1b: Annihilape|def|1
|move|p2a: Gholdengo|Nasty Plot|p2a: Gholdengo
|-boost|p2a: Gholdengo|spa|2
|move|p2b: Amoonguss|Spore|p1b: Annihilape
|-status|p1b: Annihilape|slp|[from] move: Spore
|
|upkeep
|turn|3
|
|t:|1756964364
|-terastallize|p1b: Annihilape|Fire
|cant|p1a: Dragonite|slp
|cant|p1b: Annihilape|slp
|move|p2a: Gholdengo|Shadow Ball|p1b: Annihilape
|-damage|p1b: Annihilape|29/100 slp
|-damage|p2a: Gholdengo|91/100|[from] item: Life Orb
|move|p2b: Amoonguss|Pollen Puff|p1a: Dragonite
|-resisted|p1a: Dragonite
|-damage|p1a: Dragonite|96/100 slp
|
|-heal|p1b: Annihilape|35/100 slp|[from] item: Leftovers
|upkeep
|turn|4
|
|t:|1756964389
|switch|p2b: Archaludon|Archaludon, L50, F|100/100
|cant|p1a: Dragonite|slp
|cant|p1b: Annihilape|slp
|move|p2a: Gholdengo|Make It Rain|p1a: Dragonite|[spread] p1a,p1b
|-resisted|p1b: Annihilape
|-damage|p1a: Dragonite|0 fnt
|-damage|p1b: Annihilape|0 fnt
|-unboost|p2a: Gholdengo|spa|1
|faint|p1a: Dragonite
|faint|p1b: Annihilape
|-damage|p2a: Gholdengo|82/100|[from] item: Life Orb
|
|-sideend|p1: cpeavy04|move: Tailwind
|upkeep
|-message|cpeavy04 forfeited.
|
|win|Thisiswhyweclash
|raw|cpeavy04's rating: 1249 → 1228(-21 for losing)
|raw|Thisiswhyweclash's rating: 1309 → 1326(+17 for winning)
|l|☆cpeavy04
|player|p1|
