|j|☆SeeYouInSf
|j|☆25thFloor
|html|SeeYouInSf25thFloor    
|uhtml|bestof|Game 3 of a best-of-3
|t:|1754420272
|gametype|doubles
|player|p1|SeeYouInSf|unknown|1224
|player|p2|25thFloor|volo|1291
|gen|9
|tier|[Gen 9] VGC 2025 Reg H (Bo3)
|rated|
|rule|Species Clause: Limit one of each Pokémon
|rule|Item Clause: Limit 1 of each item
|clearpoke
|poke|p1|Lilligant-Hisui, L50, F|
|poke|p1|Hatterene, L50, F|
|poke|p1|Ursaluna, L50, M|
|poke|p1|Indeedee-F, L50, F|
|poke|p1|Torkoal, L50, F|
|poke|p1|Gallade, L50, M|
|poke|p2|Whimsicott, L50, F|
|poke|p2|Annihilape, L50, F|
|poke|p2|Arcanine-Hisui, L50, F|
|poke|p2|Dragonite, L50, F|
|poke|p2|Ursaluna-Bloodmoon, L50, M|
|poke|p2|Electabuzz, L50, M|
|teampreview|4
|showteam|p1|Lilligant-Hisui||FocusSash|Chlorophyll|TripleAxel,AfterYou,CloseCombat,SleepPowder|||F|||50|,,,,,Ghost]Hatterene||CovertCloak|MagicBounce|DazzlingGleam,ExpandingForce,TrickRoom,MysticalFire|||F|||50|,,,,,Fire]Ursaluna||FlameOrb|Guts|Facade,HeadlongRush,Earthquake,Protect|||M|||50|,,,,,Ghost]Indeedee-F||PsychicSeed|PsychicSurge|Psychic,TrickRoom,HelpingHand,FollowMe|||F|||50|,,,,,Dragon]Torkoal||FlamePlate|Drought|Eruption,WeatherBall,HeatWave,Protect|||F|||50|,,,,,Fire]Gallade||ClearAmulet|Sharpness|PsychoCut,SacredSword,TrickRoom,WideGuard|||M|||50|,,,,,Grass
|showteam|p2|Whimsicott||CovertCloak|Prankster|Moonblast,Tailwind,Encore,BeatUp|||F|||50|,,,,,Ghost]Annihilape||SpellTag|Defiant|Protect,CloseCombat,RageFist,Taunt|||F|||50|,,,,,Water]Arcanine-Hisui||AssaultVest|Intimidate|FlareBlitz,RockSlide,Snarl,ExtremeSpeed|||F|||50|,,,,,Ghost]Dragonite||LoadedDice|Multiscale|Protect,ScaleShot,ExtremeSpeed,Haze|||F|||50|,,,,,Fairy]Ursaluna-Bloodmoon||LifeOrb|MindsEye|Protect,HyperVoice,EarthPower,BloodMoon|||M|||50|,,,,,Normal]Electabuzz||Eviolite|VitalSpirit|Protect,Electroweb,FollowMe,Taunt|||M|||50|,,,,,Ghost
|inactive|Battle timer is ON: inactive players will automatically lose when time's up. (requested by SeeYouInSf)
|inactive|SeeYouInSf has 60 seconds left.
|
|t:|1754420311
|teamsize|p1|4
|teamsize|p2|4
|start
|switch|p1a: Torkoal|Torkoal, L50, F|100/100
|switch|p1b: Lilligant|Lilligant-Hisui, L50, F|100/100
|switch|p2a: Arcanine|Arcanine-Hisui, L50, F|100/100
|switch|p2b: Ursaluna|Ursaluna-Bloodmoon, L50, M|100/100
|-ability|p2a: Arcanine|Intimidate|boost
|-unboost|p1a: Torkoal|atk|1
|-unboost|p1b: Lilligant|atk|1
|-weather|SunnyDay|[from] ability: Drought|[of] p1a: Torkoal
|turn|1
|inactive|SeeYouInSf has 30 seconds left.
|inactive|SeeYouInSf has 20 seconds left.
|inactive|SeeYouInSf has 15 seconds left.
|inactive|SeeYouInSf has 10 seconds left.
|
|t:|1754420360
|switch|p2a: Electabuzz|Electabuzz, L50, M, shiny|100/100
|switch|p1a: Ursaluna|Ursaluna, L50, M|100/100
|move|p2b: Ursaluna|Protect|p2b: Ursaluna
|-singleturn|p2b: Ursaluna|Protect
|move|p1b: Lilligant|Sleep Powder|p2b: Ursaluna
|-activate|p2b: Ursaluna|move: Protect
|
|-weather|SunnyDay|[upkeep]
|-status|p1a: Ursaluna|brn|[from] item: Flame Orb
|upkeep
|turn|2
|inactive|SeeYouInSf has 30 seconds left.
|
|t:|1754420394
|-terastallize|p2b: Ursaluna|Normal
|move|p2a: Electabuzz|Follow Me|p2a: Electabuzz
|-singleturn|p2a: Electabuzz|move: Follow Me
|move|p1b: Lilligant|Sleep Powder|p2a: Electabuzz
|-immune|p2a: Electabuzz|[from] ability: Vital Spirit
|move|p2b: Ursaluna|Hyper Voice|p1a: Ursaluna|[spread] p1a,p1b
|-damage|p1a: Ursaluna|33/100 brn
|-enditem|p1b: Lilligant|Focus Sash
|-damage|p1b: Lilligant|1/100
|-damage|p2b: Ursaluna|91/100|[from] item: Life Orb
|move|p1a: Ursaluna|Earthquake|p2b: Ursaluna|[spread] p1b,p2a,p2b
|-resisted|p1b: Lilligant
|-supereffective|p2a: Electabuzz
|-damage|p1b: Lilligant|0 fnt
|-damage|p2a: Electabuzz|0 fnt
|-damage|p2b: Ursaluna|34/100
|faint|p1b: Lilligant
|faint|p2a: Electabuzz
|
|-weather|SunnyDay|[upkeep]
|-damage|p1a: Ursaluna|28/100 brn|[from] brn
|upkeep
|
|t:|1754420407
|switch|p2a: Arcanine|Arcanine-Hisui, L50, F|100/100
|switch|p1b: Gallade|Gallade, L50, M|100/100
|-ability|p2a: Arcanine|Intimidate|boost
|-unboost|p1a: Ursaluna|atk|1
|-fail|p1b: Gallade|unboost|[from] item: Clear Amulet|[of] p1b: Gallade
|turn|3
|inactive|SeeYouInSf has 30 seconds left.
|inactive|SeeYouInSf has 20 seconds left.
|inactive|SeeYouInSf has 15 seconds left.
|
|t:|1754420450
|move|p2a: Arcanine|Flare Blitz|p1b: Gallade
|-damage|p1b: Gallade|0 fnt
|faint|p1b: Gallade
|-damage|p2a: Arcanine|70/100|[from] Recoil
|move|p2b: Ursaluna|Earth Power|p1a: Ursaluna
|-damage|p1a: Ursaluna|0 fnt
|faint|p1a: Ursaluna
|-damage|p2b: Ursaluna|24/100|[from] item: Life Orb
|
|-weather|SunnyDay|[upkeep]
|upkeep
|
|t:|1754420458
|switch|p1a: Torkoal|Torkoal, L50, F|100/100
|turn|4
|
|t:|1754420482
|-terastallize|p1a: Torkoal|Fire
|move|p2a: Arcanine|Rock Slide|p1a: Torkoal
|-supereffective|p1a: Torkoal
|-damage|p1a: Torkoal|43/100
|move|p2b: Ursaluna|Earth Power|p1a: Torkoal
|-supereffective|p1a: Torkoal
|-damage|p1a: Torkoal|0 fnt
|faint|p1a: Torkoal
|-damage|p2b: Ursaluna|15/100|[from] item: Life Orb
|
|win|25thFloor
|raw|SeeYouInSf's rating: 1224 → 1204(-20 for losing)
|raw|25thFloor's rating: 1291 → 1311(+20 for winning)
