|j|☆entei enthusiast
|j|☆NabiscoFigNewtons
|html|entei enthusiastNabiscoFigNewtons    
|uhtml|bestof|Game 1 of a best-of-3
|t:|1783020503
|gametype|doubles
|player|p1|entei enthusiast|kamado-armor|1000
|player|p2|NabiscoFigNewtons|266|1040
|gen|9
|tier|[Gen 9 Champions] VGC 2026 Reg M-B (Bo3)
|rated|
|rule|Species Clause: Limit one of each Pokémon
|rule|Item Clause: Limit 1 of each item
|clearpoke
|poke|p1|Gyarados, L50, M, shiny|
|poke|p1|Floette-Eternal, L50, F|
|poke|p1|Sneasler, L50, F|
|poke|p1|Sinistcha, L50|
|poke|p1|Garchomp, L50, M|
|poke|p1|Incineroar, L50, F|
|poke|p2|Mawile, L50, M|
|poke|p2|Swampert, L50, F|
|poke|p2|Pelipper, L50, M|
|poke|p2|Sinistcha, L50|
|poke|p2|Kingambit, L50, F|
|poke|p2|Incineroar, L50, M|
|teampreview|4
|showteam|p1|Gyarados||Gyaradosite|Intimidate|Waterfall,LashOut,DragonDance,Protect|Adamant||M|||50|]Floette-Eternal||Floettite|FlowerVeil|DrainingKiss,DazzlingGleam,CalmMind,Protect|Timid||F|||50|]Sneasler||FocusSash|PoisonTouch|CloseCombat,DireClaw,FakeOut,Coaching|Jolly||F|||50|]Sinistcha||SitrusBerry|Hospitality|MatchaGotcha,LifeDew,RagePowder,Protect|Calm|||||50|]Garchomp||LifeOrb|RoughSkin|DragonClaw,RockSlide,Earthquake,Protect|Jolly||M|||50|]Incineroar||PasshoBerry|Intimidate|FlareBlitz,FakeOut,PartingShot,Taunt|Careful||F|||50|
|showteam|p2|Mawile||Mawilite|HyperCutter|PlayRough,IronHead,Protect,SwordsDance|Brave||M|||50|]Swampert||Swampertite|Torrent|Earthquake,WaveCrash,Protect,FlipTurn|Adamant||F|||50|]Pelipper||SitrusBerry|Drizzle|WideGuard,Hurricane,Uturn,WeatherBall|Quiet||M|||50|]Sinistcha||MentalHerb|Hospitality|TrickRoom,Scald,MatchaGotcha,Protect|Relaxed|||||50|]Kingambit||BlackGlasses|Defiant|KowtowCleave,SuckerPunch,IronHead,Protect|Brave||F|||50|]Incineroar||Leftovers|Intimidate|FakeOut,Taunt,PartingShot,FlareBlitz|Sassy||M|||50|
|inactive|Battle timer is ON: inactive players will automatically lose when time's up. (requested by entei enthusiast)
|inactive|entei enthusiast has 60 seconds left.
|inactive|NabiscoFigNewtons has 60 seconds left.
|inactive|entei enthusiast has 30 seconds left.
|inactive|NabiscoFigNewtons has 30 seconds left.
|inactive|NabiscoFigNewtons has 20 seconds left.
|inactive|NabiscoFigNewtons has 15 seconds left.
|inactive|NabiscoFigNewtons has 10 seconds left.
|
|t:|1783020592
|teamsize|p1|4
|teamsize|p2|4
|start
|switch|p1a: Gyarados|Gyarados, L50, M, shiny|100/100
|switch|p1b: Sneasler|Sneasler, L50, F|100/100
|switch|p2a: Mawile|Mawile, L50, M|100/100
|switch|p2b: Sinistcha|Sinistcha, L50|100/100
|-ability|p1a: Gyarados|Intimidate|boost
|-fail|p2a: Mawile|unboost|Attack|[from] ability: Hyper Cutter|[of] p2a: Mawile
|-unboost|p2b: Sinistcha|atk|1
|turn|1
|inactive|NabiscoFigNewtons has 30 seconds left.
|inactive|NabiscoFigNewtons has 20 seconds left.
|inactive|NabiscoFigNewtons has 15 seconds left.
|inactive|NabiscoFigNewtons has 10 seconds left.
|inactive|NabiscoFigNewtons has 5 seconds left.
|
|t:|1783020645
|detailschange|p1a: Gyarados|Gyarados-Mega, L50, M, shiny
|-mega|p1a: Gyarados|Gyarados|Gyaradosite
|-ability|p1a: Gyarados|Mold Breaker
|detailschange|p2a: Mawile|Mawile-Mega, L50, M
|-mega|p2a: Mawile|Mawile|Mawilite
|move|p1b: Sneasler|Coaching|p1a: Gyarados
|-boost|p1a: Gyarados|atk|1
|-boost|p1a: Gyarados|def|1
|move|p1a: Gyarados|Lash Out|p2b: Sinistcha
|-supereffective|p2b: Sinistcha|1
|-damage|p2b: Sinistcha|0 fnt
|faint|p2b: Sinistcha
|move|p2a: Mawile|Swords Dance|p2a: Mawile
|-boost|p2a: Mawile|atk|2
|
|upkeep
|
|t:|1783020659
|switch|p2b: Incineroar|Incineroar, L50, M|100/100
|-ability|p2b: Incineroar|Intimidate|boost
|-unboost|p1a: Gyarados|atk|1
|-unboost|p1b: Sneasler|atk|1
|turn|2
|inactive|entei enthusiast has 30 seconds left.
|inactive|NabiscoFigNewtons has 30 seconds left.
|
|t:|1783020692
|switch|p1b: Sinistcha|Sinistcha, L50|100/100
|move|p1a: Gyarados|Protect|p1a: Gyarados
|-singleturn|p1a: Gyarados|Protect
|move|p2b: Incineroar|Fake Out|p1b: Sinistcha
|-immune|p1b: Sinistcha
|move|p2a: Mawile|Play Rough|p1a: Gyarados
|-activate|p1a: Gyarados|move: Protect
|
|upkeep
|turn|3
|
|t:|1783020713
|move|p1b: Sinistcha|Rage Powder|p1b: Sinistcha
|-singleturn|p1b: Sinistcha|move: Rage Powder
|move|p1a: Gyarados|Dragon Dance|p1a: Gyarados
|-boost|p1a: Gyarados|atk|1
|-boost|p1a: Gyarados|spe|1
|move|p2b: Incineroar|Flare Blitz|p1b: Sinistcha
|-supereffective|p1b: Sinistcha|1
|-damage|p1b: Sinistcha|2/100
|-enditem|p1b: Sinistcha|Sitrus Berry|[eat]
|-heal|p1b: Sinistcha|26/100|[from] item: Sitrus Berry
|-damage|p2b: Incineroar|69/100|[from] Recoil
|move|p2a: Mawile|Play Rough|p1b: Sinistcha
|-crit|p1b: Sinistcha
|-damage|p1b: Sinistcha|0 fnt
|faint|p1b: Sinistcha
|
|-heal|p2b: Incineroar|75/100|[from] item: Leftovers
|upkeep
|
|t:|1783020733
|switch|p1b: Garchomp|Garchomp, L50, M|100/100
|turn|4
|
|t:|1783020746
|move|p1a: Gyarados|Waterfall|p2a: Mawile
|-damage|p2a: Mawile|34/100
|move|p1b: Garchomp|Earthquake|p2a: Mawile|[spread] p1a,p2a,p2b
|-supereffective|p2a: Mawile|1
|-supereffective|p2b: Incineroar|1
|-damage|p1a: Gyarados|74/100
|-damage|p2a: Mawile|0 fnt
|-damage|p2b: Incineroar|0 fnt
|faint|p2a: Mawile
|faint|p2b: Incineroar
|-damage|p1b: Garchomp|90/100|[from] item: Life Orb
|
|upkeep
|
|t:|1783020754
|switch|p2a: Kingambit|Kingambit, L50, F|100/100
|turn|5
|
|t:|1783020772
|switch|p1b: Sneasler|Sneasler, L50, F|100/100
|move|p1a: Gyarados|Waterfall|p2a: Kingambit
|-damage|p2a: Kingambit|44/100
|move|p2a: Kingambit|Kowtow Cleave|p1b: Sneasler
|-resisted|p1b: Sneasler|1
|-damage|p1b: Sneasler|45/100
|
|upkeep
|turn|6
|
|t:|1783020779
|move|p1a: Gyarados|Waterfall|p2a: Kingambit
|-damage|p2a: Kingambit|0 fnt
|faint|p2a: Kingambit
|
|win|entei enthusiast
||entei enthusiast is ready for game 2.
|inactive|NabiscoFigNewtons has 30 seconds to confirm battle start!
|c|☆NabiscoFigNewtons|Gr I really like ur team
||NabiscoFigNewtons is ready for game 2.
|uhtml|next|Next: Game 2 of 3
