|j|☆naibot2814
|j|☆crosseczek
|html|naibot2814crosseczek    
|uhtml|bestof|Game 2 of a best-of-3
|t:|1784062631
|gametype|doubles
|player|p1|naibot2814|colress|1317
|player|p2|crosseczek|maid|1262
|gen|9
|tier|[Gen 9 Champions] VGC 2026 Reg M-B (Bo3)
|rated|
|rule|Species Clause: Limit one of each Pokémon
|rule|Item Clause: Limit 1 of each item
|clearpoke
|poke|p1|Blastoise, L50, M|
|poke|p1|Incineroar, L50, M|
|poke|p1|Sneasler, L50, M|
|poke|p1|Sinistcha, L50|
|poke|p1|Kingambit, L50, M, shiny|
|poke|p1|Delphox, L50, F|
|poke|p2|Mawile, L50, M|
|poke|p2|Araquanid, L50, F|
|poke|p2|Whimsicott, L50, F|
|poke|p2|Raichu, L50, M|
|poke|p2|Incineroar, L50, M|
|poke|p2|Farigiraf, L50, F|
|teampreview|4
|showteam|p1|Blastoise||Blastoisinite|Torrent|WaterSpout,DarkPulse,ShellSmash,Protect|Modest||M|||50|]Incineroar||SitrusBerry|Intimidate|FakeOut,FlareBlitz,DarkestLariat,PartingShot|Careful||M|||50|]Sneasler||FocusSash|PoisonTouch|FakeOut,CloseCombat,PoisonJab,RockTomb|Jolly||M|||50|]Sinistcha||KasibBerry|Hospitality|MatchaGotcha,TrickRoom,RagePowder,Protect|Bold|||||50|]Kingambit||BlackGlasses|Defiant|KowtowCleave,SuckerPunch,SwordsDance,Protect|Adamant||M|||50|]Delphox||Delphoxite|Blaze|HeatWave,Psyshock,NastyPlot,Protect|Timid||F|||50|
|showteam|p2|Mawile||Mawilite|HyperCutter|PlayRough,SuckerPunch,SwordsDance,Protect|Brave||M|||50|]Araquanid||LifeOrb|WaterBubble|Liquidation,LeechLife,WideGuard,Infestation|Adamant||F|||50|]Whimsicott||FocusSash|Prankster|Moonblast,Encore,Tailwind,Protect|Modest||F|||50|]Raichu||RaichuniteY|LightningRod|ZapCannon,FocusBlast,GrassKnot,Protect|Modest||M|||50|]Incineroar||Charcoal|Intimidate|FlareBlitz,ThroatChop,PartingShot,FakeOut|Adamant||M|||50|]Farigiraf||ColburBerry|ArmorTail|Psychic,Imprison,TrickRoom,Protect|Modest||F|||50|
|
|t:|1784062652
|teamsize|p1|4
|teamsize|p2|4
|start
|switch|p1a: Incineroar|Incineroar, L50, M|100/100
|switch|p1b: Kingambit|Kingambit, L50, M, shiny|100/100
|switch|p2a: Raichu|Raichu, L50, M|100/100
|switch|p2b: Whimsicott|Whimsicott, L50, F|100/100
|-ability|p1a: Incineroar|Intimidate|boost
|-unboost|p2a: Raichu|atk|1
|-unboost|p2b: Whimsicott|atk|1
|turn|1
|
|t:|1784062661
|switch|p2b: Farigiraf|Farigiraf, L50, F|100/100
|detailschange|p2a: Raichu|Raichu-Mega-Y, L50, M
|-mega|p2a: Raichu|Raichu|Raichunite Y
|move|p1a: Incineroar|Fake Out||[still]
|cant|p2b: Farigiraf|ability: Armor Tail|Fake Out|[of] p1a: Incineroar
|move|p2a: Raichu|Focus Blast|p1b: Kingambit
|-supereffective|p1b: Kingambit|2
|-damage|p1b: Kingambit|0 fnt
|faint|p1b: Kingambit
|
|upkeep
|-message|naibot2814 forfeited.
|
|win|crosseczek
|l|☆naibot2814
|player|p1|
||naibot2814 is ready for game 3.
||crosseczek is ready for game 3.
|uhtml|next|Next: Game 3 of 3
|j|☆naibot2814
|player|p1|naibot2814|colress|
