|j|☆t3hsleepyshuckle
|j|☆zucmpall
|html|t3hsleepyshucklezucmpall    
|uhtml|bestof|Game 1 of a best-of-3
|t:|1756685475
|gametype|doubles
|player|p1|t3hsleepyshuckle|bugcatcher-gen4dp|1037
|player|p2|zucmpall|101|1000
|gen|9
|tier|[Gen 9] VGC 2025 Reg H (Bo3)
|rated|
|rule|Species Clause: Limit one of each Pokémon
|rule|Item Clause: Limit 1 of each item
|clearpoke
|poke|p1|Indeedee, L50, M|
|poke|p1|Sneasler, L50, F|
|poke|p1|Excadrill, L50, M|
|poke|p1|Tyranitar, L50, F|
|poke|p1|Corviknight, L50, M|
|poke|p1|Magmar, L50, F|
|poke|p2|Dragonite, L50, F|
|poke|p2|Gholdengo, L50|
|poke|p2|Rillaboom, L50, F|
|poke|p2|Ursaluna-Bloodmoon, L50, M|
|poke|p2|Maushold-Four, L50|
|poke|p2|Annihilape, L50, M|
|teampreview|4
|showteam|p1|Indeedee||ChoiceScarf|PsychicSurge|ExpandingForce,TeraBlast,Protect,Trick|||M|||50|,,,,,Psychic]Sneasler||WhiteHerb|Unburden|FakeOut,DireClaw,CloseCombat,Coaching|||F|||50|,,,,,Flying]Excadrill||FocusSash|SandRush|Protect,IronHead,Earthquake,SwordsDance|||M|||50|,,,,,Ground]Tyranitar||AssaultVest|SandStream|RockSlide,KnockOff,LowKick,TeraBlast|||F|||50|,,,,,Flying]Corviknight||PsychicSeed|MirrorArmor|BulkUp,BraveBird,PowerTrip,Roost|||M|||50|,,,,,Water]Magmar||Eviolite|FlameBody|FollowMe,HeatWave,Protect,HelpingHand|||F|||50|,,,,,Flying
|showteam|p2|Dragonite||LoadedDice|Multiscale|Tailwind,Haze,Protect,ScaleShot|||F|||50|,,,,,Fairy]Gholdengo||LifeOrb|GoodasGold|MakeItRain,ShadowBall,NastyPlot,Protect||||||50|,,,,,Water]Rillaboom||MiracleSeed|GrassySurge|WoodHammer,GrassyGlide,FakeOut,HighHorsepower|||F|||50|,,,,,Fire]Ursaluna-Bloodmoon||AssaultVest|MindsEye|BloodMoon,EarthPower,HyperVoice,VacuumWave|||M|||50|,,,,,Water]Maushold-Four||FocusSash|FriendGuard|SuperFang,FollowMe,BeatUp,Protect||||||50|,,,,,Ghost]Annihilape||SitrusBerry|Defiant|RageFist,DrainPunch,BulkUp,Protect|||M|||50|,,,,,Fire
|inactive|Battle timer is ON: inactive players will automatically lose when time's up. (requested by t3hsleepyshuckle)
|l|☆t3hsleepyshuckle
|inactive|t3hsleepyshuckle disconnected and has a minute to reconnect!
|player|p1|
|j|☆t3hsleepyshuckle
|inactive|t3hsleepyshuckle reconnected and has 85 seconds left.
|player|p1|t3hsleepyshuckle|bugcatcher-gen4dp|
|inactive|t3hsleepyshuckle has 60 seconds left.
|inactive|zucmpall has 60 seconds left.
|inactive|t3hsleepyshuckle has 30 seconds left.
|inactive|zucmpall has 30 seconds left.
|inactive|zucmpall has 20 seconds left.
|inactive|zucmpall has 15 seconds left.
|inactive|zucmpall has 10 seconds left.
|inactive|zucmpall has 5 seconds left.
|
|t:|1756685569
|teamsize|p1|4
|teamsize|p2|4
|start
|switch|p1a: Indeedee|Indeedee, L50, M|100/100
|switch|p1b: Sneasler|Sneasler, L50, F|100/100
|switch|p2a: Maushold|Maushold-Four, L50|100/100
|switch|p2b: Annihilape|Annihilape, L50, M|100/100
|-fieldstart|move: Psychic Terrain|[from] ability: Psychic Surge|[of] p1a: Indeedee
|turn|1
|inactive|t3hsleepyshuckle has 30 seconds left.
|inactive|zucmpall has 30 seconds left.
|inactive|t3hsleepyshuckle has 20 seconds left.
|inactive|zucmpall has 20 seconds left.
|inactive|zucmpall has 15 seconds left.
|inactive|zucmpall has 10 seconds left.
|inactive|t3hsleepyshuckle has 15 seconds left.
|inactive|zucmpall has 5 seconds left.
|
|t:|1756685621
|switch|p2b: Gholdengo|Gholdengo, L50|100/100
|move|p1a: Indeedee|Expanding Force|p2b: Gholdengo|[spread] p2a,p2b
|-resisted|p2b: Gholdengo
|-damage|p2a: Maushold|34/100
|-damage|p2b: Gholdengo|78/100
|move|p1b: Sneasler|Dire Claw|p2b: Gholdengo
|-immune|p2b: Gholdengo
|move|p2a: Maushold|Super Fang|p1a: Indeedee
|-damage|p1a: Indeedee|51/100
|
|upkeep
|turn|2
|inactive|t3hsleepyshuckle has 30 seconds left.
|inactive|zucmpall has 30 seconds left.
|inactive|t3hsleepyshuckle has 20 seconds left.
|inactive|zucmpall has 20 seconds left.
|inactive|t3hsleepyshuckle has 15 seconds left.
|inactive|zucmpall has 15 seconds left.
|inactive|t3hsleepyshuckle has 10 seconds left.
|inactive|zucmpall has 10 seconds left.
|inactive|t3hsleepyshuckle has 5 seconds left.
|inactive|zucmpall has 5 seconds left.
|
|t:|1756685676
|switch|p1b: Excadrill|Excadrill, L50, M|100/100
|move|p2a: Maushold|Protect|p2a: Maushold
|-singleturn|p2a: Maushold|Protect
|move|p1a: Indeedee|Expanding Force|p2a: Maushold|[spread] p2b
|-activate|p2a: Maushold|move: Protect
|-resisted|p2b: Gholdengo
|-damage|p2b: Gholdengo|57/100
|move|p2b: Gholdengo|Make It Rain|p1b: Excadrill|[spread] p1a,p1b
|-resisted|p1b: Excadrill
|-damage|p1a: Indeedee|0 fnt
|-damage|p1b: Excadrill|56/100
|-unboost|p2b: Gholdengo|spa|1
|faint|p1a: Indeedee
|-damage|p2b: Gholdengo|48/100|[from] item: Life Orb
|
|upkeep
|
|t:|1756685693
|switch|p1a: Tyranitar|Tyranitar, L50, F|100/100
|-weather|Sandstorm|[from] ability: Sand Stream|[of] p1a: Tyranitar
|turn|3
|inactive|t3hsleepyshuckle has 30 seconds left.
|inactive|zucmpall has 30 seconds left.
|inactive|zucmpall has 20 seconds left.
|inactive|zucmpall has 15 seconds left.
|inactive|zucmpall has 10 seconds left.
|inactive|zucmpall has 5 seconds left.
|
|t:|1756685747
|-terastallize|p2b: Gholdengo|Water
|-terastallize|p1a: Tyranitar|Flying
|move|p2a: Maushold|Follow Me|p2a: Maushold
|-singleturn|p2a: Maushold|move: Follow Me
|move|p1b: Excadrill|Earthquake|p2b: Gholdengo|[spread] p2a,p2b
|-immune|p1a: Tyranitar
|-damage|p2a: Maushold|0 fnt
|-damage|p2b: Gholdengo|13/100
|faint|p2a: Maushold
|move|p2b: Gholdengo|Make It Rain|p1a: Tyranitar|[spread] p1a,p1b
|-resisted|p1b: Excadrill
|-damage|p1a: Tyranitar|76/100
|-damage|p1b: Excadrill|25/100
|-unboost|p2b: Gholdengo|spa|1
|-damage|p2b: Gholdengo|3/100|[from] item: Life Orb
|move|p1a: Tyranitar|Tera Blast|p2b: Gholdengo|[anim] Tera Blast Flying
|-damage|p2b: Gholdengo|0 fnt
|faint|p2b: Gholdengo
|
|-weather|Sandstorm|[upkeep]
|-damage|p1a: Tyranitar|70/100|[from] Sandstorm
|upkeep
|
|t:|1756685764
|switch|p2a: Ursaluna|Ursaluna-Bloodmoon, L50, M|100/100
|switch|p2b: Annihilape|Annihilape, L50, M|100/100
|turn|4
|inactive|t3hsleepyshuckle has 30 seconds left.
|inactive|zucmpall has 30 seconds left.
|inactive|t3hsleepyshuckle has 20 seconds left.
|inactive|zucmpall has 20 seconds left.
|inactive|t3hsleepyshuckle has 15 seconds left.
|inactive|t3hsleepyshuckle has 10 seconds left.
|
|t:|1756685814
|move|p2a: Ursaluna|Vacuum Wave|p1b: Excadrill
|-activate|p1b: Excadrill|move: Psychic Terrain
|move|p1b: Excadrill|Earthquake|p2b: Annihilape|[spread] p2a,p2b
|-immune|p1a: Tyranitar
|-damage|p2a: Ursaluna|71/100
|-damage|p2b: Annihilape|57/100
|move|p2b: Annihilape|Bulk Up|p2b: Annihilape
|-boost|p2b: Annihilape|atk|1
|-boost|p2b: Annihilape|def|1
|move|p1a: Tyranitar|Tera Blast|p2b: Annihilape|[anim] Tera Blast Flying
|-supereffective|p2b: Annihilape
|-damage|p2b: Annihilape|0 fnt
|faint|p2b: Annihilape
|
|-weather|Sandstorm|[upkeep]
|-damage|p1a: Tyranitar|64/100|[from] Sandstorm
|upkeep
|turn|5
|inactive|t3hsleepyshuckle has 30 seconds left.
|
|t:|1756685840
|move|p1b: Excadrill|Earthquake|p2a: Ursaluna|[spread] p2a
|-immune|p1a: Tyranitar
|-damage|p2a: Ursaluna|41/100
|move|p1a: Tyranitar|Knock Off|p2a: Ursaluna
|-damage|p2a: Ursaluna|1/100
|-enditem|p2a: Ursaluna|Assault Vest|[from] move: Knock Off|[of] p1a: Tyranitar
|move|p2a: Ursaluna|Hyper Voice|p1b: Excadrill|[spread] p1a,p1b
|-resisted|p1b: Excadrill
|-damage|p1a: Tyranitar|40/100
|-damage|p1b: Excadrill|0 fnt
|faint|p1b: Excadrill
|
|-weather|Sandstorm|[upkeep]
|-damage|p1a: Tyranitar|35/100|[from] Sandstorm
|-fieldend|move: Psychic Terrain
|upkeep
|
|t:|1756685855
|switch|p1b: Sneasler|Sneasler, L50, F|100/100
|turn|6
|-message|zucmpall forfeited.
|
|win|t3hsleepyshuckle
|l|☆zucmpall
|player|p2|
||zucmpall is ready for game 2.
||t3hsleepyshuckle is ready for game 2.
|uhtml|next|Next: Game 2 of 3
