|j|☆beckybug
|j|☆thaduck
|html|beckybugthaduck    
|uhtml|bestof|Game 2 of a best-of-3
|t:|1784152864
|gametype|doubles
|player|p1|beckybug|briar|1325
|player|p2|thaduck|ghetsis|1334
|gen|9
|tier|[Gen 9 Champions] VGC 2026 Reg M-B (Bo3)
|rated|
|rule|Species Clause: Limit one of each Pokémon
|rule|Item Clause: Limit 1 of each item
|clearpoke
|poke|p1|Charizard, L50, M|
|poke|p1|Venusaur, L50, F|
|poke|p1|Pelipper, L50, M|
|poke|p1|Archaludon, L50, F|
|poke|p1|Grimmsnarl, L50, M|
|poke|p1|Basculegion, L50, M|
|poke|p2|Metagross, L50|
|poke|p2|Incineroar, L50, M|
|poke|p2|Basculegion, L50, M|
|poke|p2|Hydreigon, L50, F|
|poke|p2|Floette-Eternal, L50, F|
|poke|p2|Whimsicott, L50, M|
|teampreview|4
|showteam|p1|Charizard||CharizarditeY|Blaze|WeatherBall,HeatWave,SolarBeam,Protect|Modest||M|||50|]Venusaur||FocusSash|Chlorophyll|SludgeBomb,EarthPower,SleepPowder,Protect|Modest||F|||50|]Pelipper||SitrusBerry|Drizzle|WeatherBall,Hurricane,Tailwind,Protect|Modest||M|||50|]Archaludon||Leftovers|Stamina|FlashCannon,DragonPulse,ElectroShot,Protect|Calm||F|||50|]Grimmsnarl||LightClay|Prankster|SpiritBreak,PartingShot,Reflect,LightScreen|Sassy||M|||50|]Basculegion||ChoiceScarf|Adaptability|WaveCrash,LastRespects,AquaJet,FlipTurn|Jolly||M|||50|
|showteam|p2|Metagross||Metagrossite|ClearBody|IronHead,PsychicFangs,BodyPress,Protect|Adamant|||||50|]Incineroar||SitrusBerry|Intimidate|FlareBlitz,ThroatChop,PartingShot,FakeOut|Careful||M|||50|]Basculegion||LifeOrb|Adaptability|AquaJet,LastRespects,Protect,WaveCrash|Adamant||M|||50|]Hydreigon||ChoiceScarf|Levitate|DarkPulse,DracoMeteor,EarthPower,Snarl|Modest||F|||50|]Floette-Eternal||Floettite|FlowerVeil|Moonblast,DazzlingGleam,CalmMind,Protect|Modest||F|||50|]Whimsicott||FocusSash|Prankster|Moonblast,Tailwind,Encore,Protect|Timid||M|||50|
|
|t:|1784152883
|teamsize|p1|4
|teamsize|p2|4
|start
|switch|p1a: Grimmsnarl|Grimmsnarl, L50, M|100/100
|switch|p1b: Charizard|Charizard, L50, M|100/100
|switch|p2a: Floette|Floette-Eternal, L50, F|100/100
|switch|p2b: Hydreigon|Hydreigon, L50, F|100/100
|turn|1
|
|t:|1784152919
|detailschange|p1b: Charizard|Charizard-Mega-Y, L50, M
|-mega|p1b: Charizard|Charizard|Charizardite Y
|-weather|SunnyDay|[from] ability: Drought|[of] p1b: Charizard
|detailschange|p2a: Floette|Floette-Mega, L50, F
|-mega|p2a: Floette|Floette|Floettite
|-ability|p2a: Floette|Fairy Aura
|move|p1a: Grimmsnarl|Light Screen|p1a: Grimmsnarl
|-sidestart|p1: beckybug|move: Light Screen
|move|p2b: Hydreigon|Snarl|p1b: Charizard|[spread] p1a,p1b
|-resisted|p1a: Grimmsnarl|2
|-damage|p1a: Grimmsnarl|96/100
|-damage|p1b: Charizard|85/100
|-unboost|p1a: Grimmsnarl|spa|1
|-unboost|p1b: Charizard|spa|1
|move|p1b: Charizard|Heat Wave|p2b: Hydreigon|[spread] p2a,p2b
|-resisted|p2b: Hydreigon|1
|-damage|p2a: Floette|66/100
|-damage|p2b: Hydreigon|76/100
|move|p2a: Floette|Calm Mind|p2a: Floette
|-boost|p2a: Floette|spa|1
|-boost|p2a: Floette|spd|1
|
|-weather|SunnyDay|[upkeep]
|upkeep
|turn|2
|
|t:|1784152940
|move|p1b: Charizard|Protect|p1b: Charizard
|-singleturn|p1b: Charizard|Protect
|move|p2b: Hydreigon|Snarl|p1a: Grimmsnarl|[spread] p1a
|-activate|p1b: Charizard|move: Protect
|-resisted|p1a: Grimmsnarl|2
|-damage|p1a: Grimmsnarl|93/100
|-unboost|p1a: Grimmsnarl|spa|1
|move|p2a: Floette|Moonblast|p1a: Grimmsnarl
|-supereffective|p1a: Grimmsnarl|1
|-damage|p1a: Grimmsnarl|0 fnt
|faint|p1a: Grimmsnarl
|
|-weather|SunnyDay|[upkeep]
|upkeep
|
|t:|1784152949
|switch|p1a: Pelipper|Pelipper, L50, M|100/100
|-weather|RainDance|[from] ability: Drizzle|[of] p1a: Pelipper
|turn|3
|
|t:|1784152955
|move|p2b: Hydreigon|Snarl|p1a: Pelipper|[spread] p1a,p1b
|-damage|p1a: Pelipper|81/100
|-damage|p1b: Charizard|70/100
|-unboost|p1a: Pelipper|spa|1
|-unboost|p1b: Charizard|spa|1
|move|p1b: Charizard|Weather Ball|p2a: Floette
|-damage|p2a: Floette|50/100g
|move|p2a: Floette|Moonblast|p1a: Pelipper
|-damage|p1a: Pelipper|0 fnt
|faint|p1a: Pelipper
|
|-weather|RainDance|[upkeep]
|upkeep
|-message|beckybug forfeited.
|
|win|thaduck
||beckybug is ready for game 3.
||thaduck is ready for game 3.
|uhtml|next|Next: Game 3 of 3
