|j|☆temporary name 3
|j|☆smearglehater21
|html|temporary name 3smearglehater21    
|uhtml|bestof|Game 1 of a best-of-3
|t:|1784763634
|gametype|doubles
|player|p1|temporary name 3|170|1119
|player|p2|smearglehater21|nate|1372
|gen|9
|tier|[Gen 9 Champions] VGC 2026 Reg M-B (Bo3)
|rated|
|rule|Species Clause: Limit one of each Pokémon
|rule|Item Clause: Limit 1 of each item
|clearpoke
|poke|p1|Charizard, L50, F|
|poke|p1|Venusaur, L50, M|
|poke|p1|Torkoal, L50, M|
|poke|p1|Farigiraf, L50, M|
|poke|p1|Dragapult, L50, F|
|poke|p1|Mawile, L50, M|
|poke|p2|Kingambit, L50, M|
|poke|p2|Whimsicott, L50, M|
|poke|p2|Basculegion, L50, M|
|poke|p2|Garchomp, L50, M|
|poke|p2|Charizard, L50, F|
|poke|p2|Floette-Eternal, L50, F|
|teampreview|4
|showteam|p1|Charizard||CharizarditeY|SolarPower|Protect,HeatWave,WeatherBall,SolarBeam|Modest||F|||50|]Venusaur||LifeOrb|Chlorophyll|EarthPower,SleepPowder,SludgeBomb,Protect|Modest||M|||50|]Torkoal||Charcoal|Drought|Protect,Eruption,WeatherBall,HelpingHand|Quiet||M|||50|]Farigiraf||SitrusBerry|ArmorTail|TrickRoom,Thunderbolt,Protect,Psychic|Bold||M|||50|]Dragapult||FocusSash|ClearBody|Uturn,DragonDarts,PhantomForce,Protect|Adamant||F|||50|]Mawile||Mawilite|Intimidate|PlayRough,Protect,SuckerPunch,IronHead|Adamant||M|||50|
|showteam|p2|Kingambit||ChopleBerry|Defiant|KowtowCleave,LowKick,SuckerPunch,IronHead|Adamant||M|||50|]Whimsicott||FocusSash|Prankster|Moonblast,Tailwind,Encore,Protect|Timid||M|||50|]Basculegion||MysticWater|Adaptability|WaveCrash,LastRespects,AquaJet,Protect|Adamant||M|||50|]Garchomp||LifeOrb|RoughSkin|DragonClaw,RockSlide,Earthquake,Protect|Jolly||M|||50|]Charizard||CharizarditeY|Blaze|WeatherBall,HeatWave,SolarBeam,Protect|Modest||F|||50|]Floette-Eternal||Floettite|FlowerVeil|Moonblast,DazzlingGleam,LightofRuin,Protect|Timid||F|||50|
|inactive|Battle timer is ON: inactive players will automatically lose when time's up. (requested by smearglehater21)
|inactive|temporary name 3 has 60 seconds left.
|inactive|smearglehater21 has 60 seconds left.
|
|t:|1784763675
|teamsize|p1|4
|teamsize|p2|4
|start
|switch|p1a: Venusaur|Venusaur, L50, M|100/100
|switch|p1b: Torkoal|Torkoal, L50, M|100/100
|switch|p2a: Charizard|Charizard, L50, F|100/100
|switch|p2b: Garchomp|Garchomp, L50, M|100/100
|-weather|SunnyDay|[from] ability: Drought|[of] p1b: Torkoal
|turn|1
|inactive|temporary name 3 has 30 seconds left.
|
|t:|1784763701
|switch|p1b: Dragapult|Dragapult, L50, F|100/100
|detailschange|p2a: Charizard|Charizard-Mega-Y, L50, F
|-mega|p2a: Charizard|Charizard|Charizardite Y
|move|p1a: Venusaur|Sleep Powder|p2a: Charizard|[miss]
|-miss|p1a: Venusaur|p2a: Charizard
|move|p2b: Garchomp|Earthquake|p1a: Venusaur|[spread] p1a,p1b
|-immune|p2a: Charizard
|-damage|p1a: Venusaur|30/100
|-damage|p1b: Dragapult|30/100
|-damage|p2b: Garchomp|90/100|[from] item: Life Orb
|move|p2a: Charizard|Heat Wave|p1a: Venusaur|[spread] p1a,p1b
|-supereffective|p1a: Venusaur|1
|-resisted|p1b: Dragapult|1
|-damage|p1a: Venusaur|0 fnt
|-damage|p1b: Dragapult|0 fnt
|faint|p1a: Venusaur
|faint|p1b: Dragapult
|
|-weather|SunnyDay|[upkeep]
|upkeep
|-message|temporary name 3 forfeited.
|
|win|smearglehater21
|l|☆temporary name 3
|player|p1|
