|j|☆1#miraidonhater
|j|☆K0deBeast
|html|1#miraidonhaterK0deBeast    
|uhtml|bestof|Game 1 of a best-of-3
|t:|1782222464
|gametype|doubles
|player|p1|1#miraidonhater|volkner|1115
|player|p2|K0deBeast|hiker|1217
|gen|9
|tier|[Gen 9 Champions] VGC 2026 Reg M-B (Bo3)
|rated|
|rule|Species Clause: Limit one of each Pokémon
|rule|Item Clause: Limit 1 of each item
|clearpoke
|poke|p1|Metagross, L50|
|poke|p1|Incineroar, L50, F|
|poke|p1|Sneasler, L50, M|
|poke|p1|Sinistcha, L50|
|poke|p1|Kommo-o, L50, F|
|poke|p1|Basculegion, L50, M|
|poke|p2|Garchomp, L50, M, shiny|
|poke|p2|Staraptor, L50, M, shiny|
|poke|p2|Whimsicott, L50, M, shiny|
|poke|p2|Rotom-Heat, L50|
|poke|p2|Sneasler, L50, M, shiny|
|poke|p2|Incineroar, L50, F|
|teampreview|4
|showteam|p1|Metagross||Metagrossite|ClearBody|RockSlide,IronHead,Protect,IcePunch|Jolly|||||50|]Incineroar||ChopleBerry|Intimidate|FakeOut,FlareBlitz,PartingShot,ThroatChop|Impish||F|||50|]Sneasler||FocusSash|PoisonTouch|FakeOut,CloseCombat,DireClaw,RockSlide|Jolly||M|||50|]Sinistcha||SitrusBerry|Hospitality|MatchaGotcha,LifeDew,RagePowder,Protect|Bold|||||50|]Kommo-o||Leftovers|Soundproof|ClangingScales,ClangorousSoul,AuraSphere,Protect|Timid||F|||50|]Basculegion||ChoiceScarf|Adaptability|AquaJet,LastRespects,WaveCrash,FlipTurn|Jolly||M|||50|
|showteam|p2|Garchomp||LifeOrb|RoughSkin|Earthquake,Protect,RockSlide,DragonClaw|Adamant||M|||50|]Staraptor||Staraptite|Intimidate|BraveBird,CloseCombat,Roost,Protect|Jolly||M|||50|]Whimsicott||FocusSash|Prankster|Moonblast,Tailwind,Tickle,FakeTears|Timid||M|||50|]Rotom-Heat||ChoiceScarf|Levitate|Discharge,Overheat,ShadowBall,Trick|Modest|||||50|]Sneasler||WhiteHerb|Unburden|DireClaw,FakeOut,CloseCombat,Protect|Adamant||M|||50|]Incineroar||Leftovers|Intimidate|DarkestLariat,PartingShot,Taunt,FakeOut|Impish||F|||50|
|
|t:|1782222501
|teamsize|p1|4
|teamsize|p2|4
|start
|switch|p1a: Incineroar|Incineroar, L50, F|100/100
|switch|p1b: Kommo-o|Kommo-o, L50, F|100/100
|switch|p2a: Sneasler|Sneasler, L50, M, shiny|100/100
|switch|p2b: Rotom|Rotom-Heat, L50|100/100
|-ability|p1a: Incineroar|Intimidate|boost
|-unboost|p2a: Sneasler|atk|1
|-unboost|p2b: Rotom|atk|1
|-enditem|p2a: Sneasler|White Herb
|-clearnegativeboost|p2a: Sneasler|[silent]
|turn|1
|j| porygon-epilepz
|
|t:|1782222561
|switch|p1a: Sneasler|Sneasler, L50, M|100/100
|move|p1b: Kommo-o|Protect|p1b: Kommo-o
|-singleturn|p1b: Kommo-o|Protect
|move|p2a: Sneasler|Fake Out|p1b: Kommo-o
|-activate|p1b: Kommo-o|move: Protect
|move|p2b: Rotom|Trick|p1b: Kommo-o
|-activate|p1b: Kommo-o|move: Protect
|
|upkeep
|turn|2
|inactive|Battle timer is ON: inactive players will automatically lose when time's up. (requested by 1#miraidonhater)
|
|t:|1782222588
|move|p1a: Sneasler|Fake Out|p2b: Rotom
|-damage|p2b: Rotom|80/100
|move|p2a: Sneasler|Dire Claw|p1b: Kommo-o
|-damage|p1b: Kommo-o|63/100
|cant|p2b: Rotom|flinch
|move|p1b: Kommo-o|Clangorous Soul|p1b: Kommo-o
|-boost|p1b: Kommo-o|atk|1
|-boost|p1b: Kommo-o|def|1
|-boost|p1b: Kommo-o|spa|1
|-boost|p1b: Kommo-o|spd|1
|-boost|p1b: Kommo-o|spe|1
|-damage|p1b: Kommo-o|30/100
|
|-heal|p1b: Kommo-o|36/100|[from] item: Leftovers
|upkeep
|turn|3
|
|t:|1782222609
|switch|p1a: Incineroar|Incineroar, L50, F|100/100
|-ability|p1a: Incineroar|Intimidate|boost
|-unboost|p2a: Sneasler|atk|1
|-unboost|p2b: Rotom|atk|1
|move|p1b: Kommo-o|Protect|p1b: Kommo-o
|-singleturn|p1b: Kommo-o|Protect
|move|p2a: Sneasler|Close Combat|p1b: Kommo-o
|-activate|p1b: Kommo-o|move: Protect
|move|p2b: Rotom|Trick|p1a: Incineroar
|-activate|p2b: Rotom|move: Trick|[of] p1a: Incineroar
|-item|p1a: Incineroar|Choice Scarf|[from] move: Trick
|-item|p2b: Rotom|Chople Berry|[from] move: Trick
|
|-heal|p1b: Kommo-o|43/100|[from] item: Leftovers
|upkeep
|turn|4
|inactive|1#miraidonhater has 30 seconds left.
|inactive|1#miraidonhater has 20 seconds left.
|inactive|1#miraidonhater has 15 seconds left.
|inactive|1#miraidonhater has 10 seconds left.
|
|t:|1782222656
|switch|p1b: Sinistcha|Sinistcha, L50|100/100
|move|p2a: Sneasler|Protect|p2a: Sneasler
|-singleturn|p2a: Sneasler|Protect
|move|p2b: Rotom|Trick|p1b: Sinistcha
|-activate|p2b: Rotom|move: Trick|[of] p1b: Sinistcha
|-item|p1b: Sinistcha|Chople Berry|[from] move: Trick
|-item|p2b: Rotom|Sitrus Berry|[from] move: Trick
|move|p1a: Incineroar|Parting Shot|p2b: Rotom
|-unboost|p2b: Rotom|atk|1
|-unboost|p2b: Rotom|spa|1
|
|t:|1782222661
|switch|p1a: Kommo-o|Kommo-o, L50, F|43/100|[from] Parting Shot
|
|-heal|p1a: Kommo-o|49/100|[from] item: Leftovers
|upkeep
|turn|5
|-message|1#miraidonhater forfeited.
|
|win|K0deBeast
|l|☆1#miraidonhater
|player|p1|
||K0deBeast is ready for game 2.
|raw|1#miraidonhater's rating: 1115 → 1097(-18 for losing)
|raw|K0deBeast's rating: 1217 → 1235(+18 for winning)
