|j|☆Gruneis
|j|☆Pinoitaliano
|html|GruneisPinoitaliano    
|uhtml|bestof|Game 2 of a best-of-3
|t:|1757172143
|gametype|doubles
|player|p1|Gruneis|bugcatcher-gen4dp|1110
|player|p2|Pinoitaliano|allister|1036
|gen|9
|tier|[Gen 9] VGC 2025 Reg H (Bo3)
|rated|
|rule|Species Clause: Limit one of each Pokémon
|rule|Item Clause: Limit 1 of each item
|clearpoke
|poke|p1|Archaludon, L50, F|
|poke|p1|Basculegion, L50, M|
|poke|p1|Pelipper, L50, M|
|poke|p1|Amoonguss, L50, F|
|poke|p1|Gholdengo, L50|
|poke|p1|Sneasler, L50, F|
|poke|p2|Incineroar, L50, F|
|poke|p2|Farigiraf, L50, F|
|poke|p2|Araquanid, L50, F|
|poke|p2|Arboliva, L50, F|
|poke|p2|Amoonguss, L50, F|
|poke|p2|Sneasler, L50, M|
|teampreview|4
|showteam|p1|Archaludon||AssaultVest|Stamina|DracoMeteor,FlashCannon,ElectroShot,BodyPress|||F|||50|,,,,,Bug]Basculegion||ChoiceBand|SwiftSwim|WaveCrash,FlipTurn,LastRespects,AquaJet|||M|||50|,,,,,Water]Pelipper||CovertCloak|Drizzle|WeatherBall,Hurricane,Tailwind,Protect|||M|||50|,,,,,Steel]Amoonguss||SitrusBerry|Regenerator|PollenPuff,Spore,RagePowder,Protect|||F|||50|,,,,,Fairy]Gholdengo||LifeOrb|GoodasGold|MakeItRain,ShadowBall,NastyPlot,Protect||||||50|,,,,,Water]Sneasler||FocusSash|PoisonTouch|CloseCombat,DireClaw,FakeOut,Protect|||F|||50|,,,,,Ghost
|showteam|p2|Incineroar||IronBall|Intimidate|FakeOut,DarkestLariat,FlareBlitz,KnockOff|||F|||50|,,,,,Grass]Farigiraf||CovertCloak|ArmorTail|HyperVoice,TrickRoom,HelpingHand,Protect|||F|||50|,,,,,Grass]Araquanid||MysticWater|WaterBubble|Liquidation,LeechLife,Protect,WideGuard|||F|||50|,,,,,Water]Arboliva||SitrusBerry|Harvest|Encore,GigaDrain,PollenPuff,WeatherBall|||F|||50|,,,,,Water]Amoonguss||EjectButton|Regenerator|ClearSmog,PollenPuff,Spore,RagePowder|||F|||50|,,,,,Water]Sneasler||WhiteHerb|Unburden|Acrobatics,CloseCombat,Protect,DireClaw|||M|||50|,,,,,Stellar
|inactive|Battle timer is ON: inactive players will automatically lose when time's up. (requested by Pinoitaliano)
|inactive|Gruneis also wants the timer to be on.
|inactive|Gruneis has 60 seconds left.
|inactive|Pinoitaliano has 60 seconds left.
|
|t:|1757172187
|teamsize|p1|4
|teamsize|p2|4
|start
|switch|p1a: Basculegion|Basculegion, L50, M|100/100
|switch|p1b: Pelipper|Pelipper, L50, M|100/100
|switch|p2a: Farigiraf|Farigiraf, L50, F|100/100
|switch|p2b: Araquanid|Araquanid, L50, F|100/100
|-weather|RainDance|[from] ability: Drizzle|[of] p1b: Pelipper
|turn|1
|
|t:|1757172205
|switch|p2a: Amoonguss|Amoonguss, L50, F|100/100
|-terastallize|p2b: Araquanid|Water
|move|p1a: Basculegion|Wave Crash|p2a: Amoonguss
|-resisted|p2a: Amoonguss
|-damage|p2a: Amoonguss|23/100
|-damage|p1a: Basculegion|72/100|[from] Recoil
|-enditem|p2a: Amoonguss|Eject Button
|
|t:|1757172215
|switch|p2a: Farigiraf|Farigiraf, L50, F|100/100
|move|p1b: Pelipper|Hurricane|p2a: Farigiraf
|-damage|p2a: Farigiraf|71/100
|move|p2b: Araquanid|Liquidation|p1a: Basculegion
|-resisted|p1a: Basculegion
|-damage|p1a: Basculegion|0 fnt
|faint|p1a: Basculegion
|
|-weather|RainDance|[upkeep]
|upkeep
|
|t:|1757172224
|switch|p1a: Gholdengo|Gholdengo, L50|100/100
|turn|2
|
|t:|1757172245
|-terastallize|p1a: Gholdengo|Water
|move|p1a: Gholdengo|Nasty Plot|p1a: Gholdengo
|-boost|p1a: Gholdengo|spa|2
|move|p1b: Pelipper|Weather Ball|p2a: Farigiraf
|-damage|p2a: Farigiraf|30/100
|move|p2b: Araquanid|Leech Life|p1a: Gholdengo
|-damage|p1a: Gholdengo|67/100
|move|p2a: Farigiraf|Trick Room|p2a: Farigiraf
|-fieldstart|move: Trick Room|[of] p2a: Farigiraf
|
|-weather|RainDance|[upkeep]
|upkeep
|turn|3
|inactive|Pinoitaliano has 30 seconds left.
|
|t:|1757172272
|move|p2a: Farigiraf|Helping Hand|p2b: Araquanid
|-singleturn|p2b: Araquanid|Helping Hand|[of] p2a: Farigiraf
|move|p2b: Araquanid|Liquidation|p1a: Gholdengo
|-resisted|p1a: Gholdengo
|-damage|p1a: Gholdengo|0 fnt
|faint|p1a: Gholdengo
|move|p1b: Pelipper|Weather Ball|p2a: Farigiraf
|-damage|p2a: Farigiraf|0 fnt
|faint|p2a: Farigiraf
|
|-weather|RainDance|[upkeep]
|upkeep
|-message|Gruneis forfeited.
|
|win|Pinoitaliano
|l|☆Gruneis
|player|p1|
||Gruneis is ready for game 3.
||Pinoitaliano is ready for game 3.
|uhtml|next|Next: Game 3 of 3
