|j|☆yopif
|j|☆That1Morpecko
|html|yopifThat1Morpecko    
|uhtml|bestof|Game 1 of a best-of-3
|t:|1782653375
|gametype|doubles
|player|p1|yopif|170|1093
|player|p2|That1Morpecko|hiker-gen4|1086
|gen|9
|tier|[Gen 9 Champions] VGC 2026 Reg M-B (Bo3)
|rated|
|rule|Species Clause: Limit one of each Pokémon
|rule|Item Clause: Limit 1 of each item
|clearpoke
|poke|p1|Farigiraf, L50, F|
|poke|p1|Incineroar, L50, F|
|poke|p1|Glimmora, L50, M|
|poke|p1|Weavile, L50, F|
|poke|p1|Mawile, L50, M|
|poke|p1|Appletun, L50, M|
|poke|p2|Aerodactyl, L50, M|
|poke|p2|Garchomp, L50, F|
|poke|p2|Kingambit, L50, M|
|poke|p2|Charizard, L50, M|
|poke|p2|Sylveon, L50, M|
|poke|p2|Farigiraf, L50, F|
|teampreview|4
|showteam|p1|Farigiraf||ColburBerry|ArmorTail|TrickRoom,RainDance,HyperVoice,HelpingHand|Quiet||F|||50|]Incineroar||ChopleBerry|Intimidate|DarkestLariat,PartingShot,FakeOut,FlareBlitz|Adamant||F|||50|]Glimmora||Glimmoranite|ToxicDebris|SludgeBomb,Protect,PowerGem,EarthPower|Modest||M|||50|]Weavile||FocusSash|Pressure|FakeOut,FakeTears,Protect,KnockOff|Jolly||F|||50|]Mawile||Mawilite|HyperCutter|PlayRough,IronHead,IcePunch,Protect|Brave||M|||50|]Appletun||LifeOrb|Ripen|AppleAcid,DragonPulse,GigaDrain,Protect|Quiet||M|||50|
|showteam|p2|Aerodactyl||Aerodactylite|Unnerve|IceFang,RockSlide,Tailwind,DualWingbeat|Jolly||M|||50|]Garchomp||LifeOrb|RoughSkin|DragonClaw,RockSlide,Earthquake,Protect|Jolly||F|||50|]Kingambit||FocusSash|Defiant|SuckerPunch,KowtowCleave,IronHead,LowKick|Adamant||M|||50|]Charizard||CharizarditeY|Blaze|Protect,WeatherBall,HeatWave,SolarBeam|Modest||M|||50|]Sylveon||FairyFeather|Pixilate|Protect,HyperVoice,HyperBeam,QuickAttack|Modest||M|||50|]Farigiraf||SitrusBerry|ArmorTail|TrickRoom,Thunderbolt,Roar,TwinBeam|Bold||F|||50|
|inactive|Battle timer is ON: inactive players will automatically lose when time's up. (requested by yopif)
|inactive|That1Morpecko also wants the timer to be on.
|
|t:|1782653399
|teamsize|p1|4
|teamsize|p2|4
|start
|switch|p1a: Incineroar|Incineroar, L50, F|100/100
|switch|p1b: Farigiraf|Farigiraf, L50, F|100/100
|switch|p2a: Charizard|Charizard, L50, M|100/100
|switch|p2b: Kingambit|Kingambit, L50, M|100/100
|-ability|p1a: Incineroar|Intimidate|boost
|-unboost|p2a: Charizard|atk|1
|-unboost|p2b: Kingambit|atk|1
|-ability|p2b: Kingambit|Defiant|boost
|-boost|p2b: Kingambit|atk|2
|turn|1
|inactive|That1Morpecko has 30 seconds left.
|inactive|That1Morpecko has 20 seconds left.
|inactive|That1Morpecko has 15 seconds left.
|
|t:|1782653443
|detailschange|p2a: Charizard|Charizard-Mega-Y, L50, M
|-mega|p2a: Charizard|Charizard|Charizardite Y
|-weather|SunnyDay|[from] ability: Drought|[of] p2a: Charizard
|move|p2a: Charizard|Weather Ball|p1b: Farigiraf
|-damage|p1b: Farigiraf|18/100
|move|p2b: Kingambit|Kowtow Cleave|p1b: Farigiraf
|-supereffective|p1b: Farigiraf|1
|-enditem|p1b: Farigiraf|Colbur Berry|[eat]
|-enditem|p1b: Farigiraf|Colbur Berry|[weaken]
|-damage|p1b: Farigiraf|0 fnt
|faint|p1b: Farigiraf
|move|p1a: Incineroar|Flare Blitz|p2b: Kingambit
|-supereffective|p2b: Kingambit|1
|-enditem|p2b: Kingambit|Focus Sash
|-damage|p2b: Kingambit|1/100
|-damage|p1a: Incineroar|65/100|[from] Recoil
|
|-weather|SunnyDay|[upkeep]
|upkeep
|
|t:|1782653467
|switch|p1b: Mawile|Mawile, L50, M|100/100
|turn|2
|inactive|That1Morpecko has 30 seconds left.
|
|t:|1782653496
|detailschange|p1b: Mawile|Mawile-Mega, L50, M
|-mega|p1b: Mawile|Mawile|Mawilite
|move|p1b: Mawile|Protect|p1b: Mawile
|-singleturn|p1b: Mawile|Protect
|move|p2a: Charizard|Heat Wave|p1a: Incineroar|[spread] p1a
|-activate|p1b: Mawile|move: Protect
|-resisted|p1a: Incineroar|1
|-damage|p1a: Incineroar|37/100
|move|p2b: Kingambit|Low Kick|p1a: Incineroar
|-supereffective|p1a: Incineroar|1
|-enditem|p1a: Incineroar|Chople Berry|[eat]
|-enditem|p1a: Incineroar|Chople Berry|[weaken]
|-damage|p1a: Incineroar|0 fnt
|faint|p1a: Incineroar
|
|-weather|SunnyDay|[upkeep]
|upkeep
|
|t:|1782653508
|switch|p1a: Appletun|Appletun, L50, M|100/100
|turn|3
|
|t:|1782653523
|move|p2b: Kingambit|Sucker Punch|p1a: Appletun
|-damage|p1a: Appletun|34/100
|move|p2a: Charizard|Heat Wave|p1b: Mawile|[spread] p1a,p1b
|-supereffective|p1b: Mawile|1
|-damage|p1a: Appletun|0 fnt
|-damage|p1b: Mawile|0 fnt
|faint|p1a: Appletun
|faint|p1b: Mawile
|
|win|That1Morpecko
||yopif is ready for game 2.
|inactive|That1Morpecko has 30 seconds to confirm battle start!
||That1Morpecko is ready for game 2.
|uhtml|next|Next: Game 2 of 3
|l|☆yopif
|player|p1|
