|j|☆JNEST
|j|☆Happyhelper
|html|JNESTHappyhelper    
|uhtml|bestof|Game 1 of a best-of-3
|t:|1756249323
|gametype|doubles
|player|p1|JNEST|veteran-gen4|1156
|player|p2|Happyhelper|2|1110
|gen|9
|tier|[Gen 9] VGC 2025 Reg H (Bo3)
|rated|
|rule|Species Clause: Limit one of each Pokémon
|rule|Item Clause: Limit 1 of each item
|clearpoke
|poke|p1|Weezing, L50, M|
|poke|p1|Incineroar, L50, M|
|poke|p1|Ursaluna-Bloodmoon, L50, M|
|poke|p1|Annihilape, L50, F|
|poke|p1|Tyranitar, L50, M|
|poke|p1|Amoonguss, L50, F|
|poke|p2|Amoonguss, L50, F|
|poke|p2|Incineroar, L50, M|
|poke|p2|Garchomp, L50, M|
|poke|p2|Corviknight, L50, F|
|poke|p2|Maushold-Four, L50|
|poke|p2|Archaludon, L50, M|
|teampreview|4
|showteam|p1|Weezing||SitrusBerry|NeutralizingGas|Protect,Taunt,WillOWisp,SludgeBomb|||M|||50|,,,,,Ghost]Incineroar||AbilityShield|Intimidate|KnockOff,FlareBlitz,FakeOut,PartingShot|||M|||50|,,,,,Ghost]Ursaluna-Bloodmoon||LifeOrb|MindsEye|Protect,HyperVoice,EarthPower,BloodMoon|||M|||50|,,,,,Normal]Annihilape||SafetyGoggles|Defiant|Taunt,RageFist,CloseCombat,FinalGambit|||F|||50|,,,,,Fairy]Tyranitar||AssaultVest|SandStream|RockSlide,KnockOff,TeraBlast,LowKick|||M|||50|,,,,,Flying]Amoonguss||Leftovers|Regenerator|ClearSmog,Spore,RagePowder,PollenPuff|||F|||50|,,,,,Water
|showteam|p2|Amoonguss||SitrusBerry|Regenerator|RagePowder,SludgeBomb,Spore,Protect|||F|||50|,,,,,Dark]Incineroar||SafetyGoggles|Intimidate|FakeOut,PartingShot,KnockOff,FlareBlitz|||M|||50|,,,,,Ghost]Garchomp||LifeOrb|RoughSkin|DragonClaw,Earthquake,StompingTantrum,SwordsDance|||M|||50|,,,,,Dragon]Corviknight||CovertCloak|MirrorArmor|BraveBird,Tailwind,BodyPress,IronDefense|||F|||50|,,,,,Dragon]Maushold-Four||WideLens|Technician|PopulationBomb,Protect,FollowMe,RainDance||||||50|,,,,,Ghost]Archaludon||PowerHerb|Stamina|ElectroShot,Protect,DracoMeteor,BodyPress|||M|||50|,,,,,Flying
|inactive|Battle timer is ON: inactive players will automatically lose when time's up. (requested by JNEST)
|inactive|JNEST has 60 seconds left.
|inactive|Happyhelper has 60 seconds left.
|
|t:|1756249356
|teamsize|p1|4
|teamsize|p2|4
|start
|switch|p1a: Weezing|Weezing, L50, M|100/100
|switch|p1b: Annihilape|Annihilape, L50, F|100/100
|switch|p2a: Corviknight|Corviknight, L50, F|100/100
|switch|p2b: Garchomp|Garchomp, L50, M|100/100
|-ability|p1a: Weezing|Neutralizing Gas
|turn|1
|
|t:|1756249370
|-terastallize|p1a: Weezing|Ghost
|move|p2b: Garchomp|Earthquake|p1b: Annihilape|[spread] p1a,p1b
|-immune|p2a: Corviknight
|-crit|p1b: Annihilape
|-damage|p1a: Weezing|57/100
|-damage|p1b: Annihilape|22/100
|-damage|p2b: Garchomp|91/100|[from] item: Life Orb
|move|p1b: Annihilape|Final Gambit|p2a: Corviknight
|-damage|p2a: Corviknight|79/100
|faint|p1b: Annihilape
|move|p2a: Corviknight|Tailwind|p2a: Corviknight
|-sidestart|p2: Happyhelper|move: Tailwind
|move|p1a: Weezing|Will-O-Wisp|p2b: Garchomp|[miss]
|-miss|p1a: Weezing|p2b: Garchomp
|
|upkeep
|
|t:|1756249381
|switch|p1b: Incineroar|Incineroar, L50, M|100/100
|-ability|p1b: Incineroar|Intimidate|boost
|-unboost|p2a: Corviknight|atk|1
|-unboost|p2b: Garchomp|atk|1
|turn|2
|
|t:|1756249403
|-terastallize|p2a: Corviknight|Dragon
|move|p1b: Incineroar|Fake Out|p2a: Corviknight
|-damage|p2a: Corviknight|68/100
|move|p2b: Garchomp|Earthquake|p1a: Weezing|[spread] p2a,p1a,p1b
|-supereffective|p1b: Incineroar
|-damage|p2a: Corviknight|39/100
|-damage|p1a: Weezing|27/100
|-damage|p1b: Incineroar|34/100
|-enditem|p1a: Weezing|Sitrus Berry|[eat]
|-heal|p1a: Weezing|52/100|[from] item: Sitrus Berry
|-damage|p2b: Garchomp|81/100|[from] item: Life Orb
|move|p2a: Corviknight|Iron Defense|p2a: Corviknight
|-boost|p2a: Corviknight|def|2
|move|p1a: Weezing|Will-O-Wisp|p2b: Garchomp|[miss]
|-miss|p1a: Weezing|p2b: Garchomp
|
|upkeep
|turn|3
|-message|JNEST forfeited.
|
|win|Happyhelper
||Happyhelper is ready for game 2.
|inactive|JNEST has 30 seconds to confirm battle start!
|inactive|JNEST has 20 seconds to confirm battle start!
|inactive|JNEST has 10 seconds to confirm battle start!
||JNEST is ready for game 2.
|uhtml|next|Next: Game 2 of 3
