|j|☆Lego Darth Malgus
|j|☆scottedstone
|html|Lego Darth Malgusscottedstone    
|uhtml|bestof|Game 1 of a best-of-3
|t:|1757750941
|gametype|doubles
|player|p1|Lego Darth Malgus|102|1094
|player|p2|scottedstone|170|1281
|gen|9
|tier|[Gen 9] VGC 2025 Reg H (Bo3)
|rated|
|rule|Species Clause: Limit one of each Pokémon
|rule|Item Clause: Limit 1 of each item
|clearpoke
|poke|p1|Empoleon, L50, M|
|poke|p1|Rillaboom, L50, F|
|poke|p1|Volcarona, L50, M|
|poke|p1|Zoroark-Hisui, L50, F|
|poke|p1|Salamence, L50, M|
|poke|p1|Kleavor, L50, F|
|poke|p2|Pelipper, L50, M|
|poke|p2|Basculegion, L50, M|
|poke|p2|Archaludon, L50, M|
|poke|p2|Sneasler, L50, M|
|poke|p2|Indeedee, L50, M|
|poke|p2|Amoonguss, L50, F|
|teampreview|4
|showteam|p1|Empoleon||Leftovers|Competitive|WaterPledge,Protect,IcyWind,Yawn|||M|||50|,,,,,Ghost]Rillaboom||MiracleSeed|GrassySurge|FakeOut,DrumBeating,GrassyGlide,Taunt|||F|||50|,,,,,Water]Volcarona||SitrusBerry|FlameBody|QuiverDance,HeatWave,TeraBlast,Protect|||M|||50|,,,,,Fairy]Zoroark-Hisui||ChoiceSpecs|Illusion|IcyWind,HyperVoice,ShadowBall,Trick|||F|||50|,,,,,Normal]Salamence||LifeOrb|Intimidate|DracoMeteor,Tailwind,AirSlash,Protect|||M|||50|,,,,,Dragon]Kleavor||AssaultVest|Sharpness|StoneAxe,XScissor,CloseCombat,NightSlash|||F|||50|,,,,,Steel
|showteam|p2|Pelipper||FocusSash|Drizzle|Hurricane,WeatherBall,Tailwind,Protect|||M|||50|,,,,,Stellar]Basculegion||LifeOrb|SwiftSwim|WaveCrash,LastRespects,AquaJet,Protect|||M|||50|,,,,,Water]Archaludon||AssaultVest|Stamina|DragonPulse,FlashCannon,ElectroShot,BodyPress|||M|||50|,,,,,Grass]Sneasler||PsychicSeed|Unburden|DireClaw,CloseCombat,ThroatChop,Protect|||M|||50|,,,,,Dark]Indeedee||ChoiceScarf|PsychicSurge|ExpandingForce,TeraBlast,Protect,Trick|||M|||50|,,,,,Psychic]Amoonguss||SitrusBerry|Regenerator|PollenPuff,RagePowder,Spore,Protect|||F|||50|,,,,,Water
|inactive|Battle timer is ON: inactive players will automatically lose when time's up. (requested by Lego Darth Malgus)
|
|t:|1757750965
|teamsize|p1|4
|teamsize|p2|4
|start
|switch|p1a: Kleavor|Kleavor, L50, F|100/100
|switch|p1b: Rillaboom|Rillaboom, L50, F, shiny|100/100
|switch|p2a: Pelipper|Pelipper, L50, M|100/100
|switch|p2b: Basculegion|Basculegion, L50, M|100/100
|-fieldstart|move: Grassy Terrain|[from] ability: Grassy Surge|[of] p1b: Rillaboom
|-weather|RainDance|[from] ability: Drizzle|[of] p2a: Pelipper
|turn|1
|inactive|Lego Darth Malgus has 30 seconds left.
|inactive|scottedstone has 30 seconds left.
|inactive|scottedstone has 20 seconds left.
|
|t:|1757751001
|switch|p2a: Indeedee|Indeedee, L50, M|100/100
|-fieldstart|move: Psychic Terrain|[from] ability: Psychic Surge|[of] p2a: Indeedee
|move|p2b: Basculegion|Wave Crash|p1a: Kleavor
|-supereffective|p1a: Kleavor
|-damage|p1a: Kleavor|0 fnt
|faint|p1a: Kleavor
|-damage|p2b: Basculegion|76/100|[from] Recoil
|-damage|p2b: Basculegion|66/100|[from] item: Life Orb
|move|p1b: Rillaboom|Taunt|p2a: Indeedee
|-start|p2a: Indeedee|move: Taunt
|
|-weather|RainDance|[upkeep]
|upkeep
|
|t:|1757751007
|switch|p1a: Salamence|Salamence, L50, M|100/100
|-ability|p1a: Salamence|Intimidate|boost
|-unboost|p2a: Indeedee|atk|1
|-unboost|p2b: Basculegion|atk|1
|turn|2
|
|t:|1757751020
|-terastallize|p2a: Indeedee|Psychic
|move|p2b: Basculegion|Wave Crash|p1a: Salamence
|-resisted|p1a: Salamence
|-damage|p1a: Salamence|50/100
|-damage|p2b: Basculegion|52/100|[from] Recoil
|-damage|p2b: Basculegion|42/100|[from] item: Life Orb
|move|p2a: Indeedee|Expanding Force|p1b: Rillaboom|[spread] p1a,p1b
|-damage|p1a: Salamence|0 fnt
|-damage|p1b: Rillaboom|0 fnt
|faint|p1a: Salamence
|faint|p1b: Rillaboom
|
|-weather|RainDance|[upkeep]
|upkeep
|-message|Lego Darth Malgus forfeited.
|
|win|scottedstone
||Lego Darth Malgus is ready for game 2.
||scottedstone is ready for game 2.
|uhtml|next|Next: Game 2 of 3
