|j|☆ayrsoudneiht
|j|☆luiz red
|html|ayrsoudneihtluiz red    
|uhtml|bestof|Game 1 of a best-of-3
|t:|1782254296
|gametype|doubles
|player|p1|ayrsoudneiht|170|1049
|player|p2|luiz red|veteran|1045
|gen|9
|tier|[Gen 9 Champions] VGC 2026 Reg M-B (Bo3)
|rated|
|rule|Species Clause: Limit one of each Pokémon
|rule|Item Clause: Limit 1 of each item
|clearpoke
|poke|p1|Alcremie, L50, F|
|poke|p1|Maushold, L50|
|poke|p1|Dragalge, L50, M|
|poke|p1|Goodra-Hisui, L50, M|
|poke|p1|Mr. Rime, L50, M|
|poke|p1|Drampa, L50, M|
|poke|p2|Sneasler, L50, M|
|poke|p2|Corviknight, L50, F|
|poke|p2|Basculegion, L50, M|
|poke|p2|Archaludon, L50, M|
|poke|p2|Pelipper, L50, F|
|poke|p2|Venusaur, L50, F|
|teampreview|4
|showteam|p1|Alcremie||Leftovers|AromaVeil|Protect,Psychic,DazzlingGleam,WonderRoom|Modest||F|||50|]Maushold||FocusSash|FriendGuard|FollowMe,GrassKnot,Uturn,AfterYou|Timid|||||50|]Dragalge||Dragalgite|Adaptability|Toxic,Scald,Protect,SludgeWave|Sassy||M|||50|]Goodra-Hisui||SitrusBerry|SapSipper|BodyPress,DragonTail,Shelter,SkitterSmack|Adamant||M|||50|]Mr. Rime||ChoiceScarf|ScreenCleaner|FreezeDry,ShadowBall,Thunder,BatonPass|Timid||M|||50|]Drampa||Drampanite|Berserk|Whirlwind,TriAttack,HeatWave,IcyWind|Modest||M|||50|
|showteam|p2|Sneasler||WhiteHerb|Unburden|CloseCombat,DireClaw,FakeOut,Protect|Adamant||M|||50|]Corviknight||Leftovers|MirrorArmor|BodyPress,IronDefense,Protect,BraveBird|Impish||F|||50|]Basculegion||ChoiceScarf|Adaptability|FlipTurn,LastRespects,AquaJet,WaveCrash|Jolly||M|||50|]Archaludon||SitrusBerry|Stamina|DragonPulse,FlashCannon,Protect,ElectroShot|Modest||M|||50|]Pelipper||SharpBeak|Drizzle|WeatherBall,Hurricane,Tailwind,WideGuard|Bold||F|||50|]Venusaur||Venusaurite|Chlorophyll|SleepPowder,GigaDrain,SludgeWave,EarthPower|Modest||F|||50|
|
|t:|1782254359
|teamsize|p1|4
|teamsize|p2|4
|start
|switch|p1a: Mr. Rime|Mr. Rime, L50, M|100/100
|switch|p1b: Drampa|Drampa, L50, M|100/100
|switch|p2a: Venusaur|Venusaur, L50, F|100/100
|switch|p2b: Sneasler|Sneasler, L50, M|100/100
|turn|1
|
|t:|1782254391
|detailschange|p2a: Venusaur|Venusaur-Mega, L50, F
|-mega|p2a: Venusaur|Venusaur|Venusaurite
|detailschange|p1b: Drampa|Drampa-Mega, L50, M
|-mega|p1b: Drampa|Drampa|Drampanite
|move|p2b: Sneasler|Fake Out|p1a: Mr. Rime
|-damage|p1a: Mr. Rime|78/100
|cant|p1a: Mr. Rime|flinch
|move|p2a: Venusaur|Sleep Powder|p1a: Mr. Rime
|-status|p1a: Mr. Rime|slp|[from] move: Sleep Powder
|move|p1b: Drampa|Tri Attack|p2a: Venusaur
|-damage|p2a: Venusaur|59/100
|
|upkeep
|turn|2
|
|t:|1782254430
|switch|p1a: Goodra|Goodra-Hisui, L50, M|100/100
|move|p2b: Sneasler|Close Combat|p1b: Drampa
|-supereffective|p1b: Drampa|1
|-damage|p1b: Drampa|0 fnt
|-unboost|p2b: Sneasler|def|1
|-unboost|p2b: Sneasler|spd|1
|faint|p1b: Drampa
|-enditem|p2b: Sneasler|White Herb
|-clearnegativeboost|p2b: Sneasler|[silent]
|move|p2a: Venusaur|Earth Power|p1a: Goodra
|-supereffective|p1a: Goodra|1
|-damage|p1a: Goodra|57/100
|
|upkeep
|
|t:|1782254445
|switch|p1b: Alcremie|Alcremie, L50, F|100/100
|turn|3
|
|t:|1782254464
|move|p2b: Sneasler|Close Combat|p1a: Goodra
|-supereffective|p1a: Goodra|1
|-damage|p1a: Goodra|0 fnt
|-unboost|p2b: Sneasler|def|1
|-unboost|p2b: Sneasler|spd|1
|faint|p1a: Goodra
|move|p2a: Venusaur|Sleep Powder|p1b: Alcremie
|-status|p1b: Alcremie|slp|[from] move: Sleep Powder
|cant|p1b: Alcremie|slp
|
|upkeep
|l|☆ayrsoudneiht
|player|p1|
|inactive|Battle timer is ON: inactive players will automatically lose when time's up. (requested by luiz red)
|inactive|ayrsoudneiht has 30 seconds to reconnect!
|inactive|ayrsoudneiht has 20 seconds to reconnect!
|inactive|ayrsoudneiht has 15 seconds to reconnect!
|inactive|ayrsoudneiht has 10 seconds to reconnect!
|inactive|ayrsoudneiht has 5 seconds to reconnect!
|-message|ayrsoudneiht lost due to inactivity.
|
|win|luiz red
|raw|ayrsoudneiht's rating: 1049 → 1031(-18 for losing)
|raw|luiz red's rating: 1045 → 1079(+34 for winning)
