|j|☆dengonumber1fan
|j|☆namboyVGC
|html|dengonumber1fannamboyVGC    
|uhtml|bestof|Game 2 of a best-of-3
|t:|1755986353
|gametype|doubles
|player|p1|dengonumber1fan|benga|1424
|player|p2|namboyVGC|ethan|1377
|gen|9
|tier|[Gen 9] VGC 2025 Reg H (Bo3)
|rated|
|rule|Species Clause: Limit one of each Pokémon
|rule|Item Clause: Limit 1 of each item
|clearpoke
|poke|p1|Dragonite, L50, M|
|poke|p1|Gholdengo, L50|
|poke|p1|Ursaluna-Bloodmoon, L50, M|
|poke|p1|Incineroar, L50, M|
|poke|p1|Amoonguss, L50, M|
|poke|p1|Annihilape, L50, M|
|poke|p2|Sneasler, L50, F|
|poke|p2|Indeedee, L50, M|
|poke|p2|Tyranitar, L50, M|
|poke|p2|Excadrill, L50, M|
|poke|p2|Annihilape, L50, M|
|poke|p2|Hydreigon, L50, M|
|teampreview|4
|showteam|p1|Dragonite||LoadedDice|Multiscale|ScaleShot,Tailwind,Haze,Protect|||M|||50|,,,,,Fairy]Gholdengo||LifeOrb|GoodasGold|MakeItRain,ShadowBall,NastyPlot,Protect||||||50|,,,,,Water]Ursaluna-Bloodmoon||AssaultVest|MindsEye|EarthPower,BloodMoon,HyperVoice,VacuumWave|||M|||50|,,,,,Water]Incineroar||RockyHelmet|Intimidate|FlareBlitz,KnockOff,PartingShot,FakeOut|||M|||50|,,,,,Ghost]Amoonguss||SitrusBerry|Regenerator|Spore,RagePowder,PollenPuff,Protect|||M|||50|,,,,,Fairy]Annihilape||FocusSash|Defiant|CloseCombat,RageFist,Coaching,Taunt|||M|||50|,,,,,Stellar
|showteam|p2|Sneasler||PsychicSeed|Unburden|CloseCombat,DireClaw,ThroatChop,Protect|||F|||50|,,,,,Dark]Indeedee||ChoiceScarf|PsychicSurge|ExpandingForce,TeraBlast,Trick,DazzlingGleam|||M|||50|,,,,,Fire]Tyranitar||AssaultVest|SandStream|RockSlide,KnockOff,TeraBlast,LowKick|||M|||50|,,,,,Flying]Excadrill||FocusSash|SandRush|HighHorsepower,Earthquake,IronHead,Protect|||M|||50|,,,,,Stellar]Annihilape||SafetyGoggles|Defiant|CloseCombat,RageFist,Taunt,FinalGambit|||M|||50|,,,,,Psychic]Hydreigon||CovertCloak|Levitate|Snarl,Tailwind,DracoMeteor,Roar|||M|||50|,,,,,Poison
|inactive|Battle timer is ON: inactive players will automatically lose when time's up. (requested by namboyVGC)
|inactive|dengonumber1fan also wants the timer to be on.
|inactive|dengonumber1fan has 60 seconds left.
|
|t:|1755986389
|teamsize|p1|4
|teamsize|p2|4
|start
|switch|p1a: Ursaluna|Ursaluna-Bloodmoon, L50, M|100/100
|switch|p1b: Dragonite|Dragonite, L50, M|100/100
|switch|p2a: Tyranitar|Tyranitar, L50, M|100/100
|switch|p2b: Annihilape|Annihilape, L50, M|100/100
|-weather|Sandstorm|[from] ability: Sand Stream|[of] p2a: Tyranitar
|turn|1
|inactive|dengonumber1fan has 30 seconds left.
|
|t:|1755986414
|-terastallize|p2a: Tyranitar|Flying
|move|p1b: Dragonite|Protect|p1b: Dragonite
|-singleturn|p1b: Dragonite|Protect
|move|p2b: Annihilape|Close Combat|p1a: Ursaluna
|-supereffective|p1a: Ursaluna
|-damage|p1a: Ursaluna|33/100
|-unboost|p2b: Annihilape|def|1
|-unboost|p2b: Annihilape|spd|1
|move|p2a: Tyranitar|Low Kick|p1a: Ursaluna
|-supereffective|p1a: Ursaluna
|-crit|p1a: Ursaluna
|-damage|p1a: Ursaluna|0 fnt
|faint|p1a: Ursaluna
|
|-weather|Sandstorm|[upkeep]
|-damage|p1b: Dragonite|95/100|[from] Sandstorm
|-damage|p2a: Tyranitar|94/100|[from] Sandstorm
|upkeep
|j| Kinglotin
|
|t:|1755986428
|switch|p1a: Incineroar|Incineroar, L50, M|100/100
|-ability|p1a: Incineroar|Intimidate|boost
|-unboost|p2a: Tyranitar|atk|1
|-unboost|p2b: Annihilape|atk|1
|-ability|p2b: Annihilape|Defiant|boost
|-boost|p2b: Annihilape|atk|2
|turn|2
|
|t:|1755986439
|switch|p1b: Gholdengo|Gholdengo, L50|100/100
|move|p2b: Annihilape|Close Combat|p1a: Incineroar
|-supereffective|p1a: Incineroar
|-damage|p1a: Incineroar|0 fnt
|-unboost|p2b: Annihilape|def|1
|-unboost|p2b: Annihilape|spd|1
|-damage|p2b: Annihilape|84/100|[from] item: Rocky Helmet|[of] p1a: Incineroar
|faint|p1a: Incineroar
|move|p2a: Tyranitar|Rock Slide|p1b: Gholdengo
|-resisted|p1b: Gholdengo
|-damage|p1b: Gholdengo|87/100
|
|-weather|Sandstorm|[upkeep]
|-damage|p2a: Tyranitar|88/100|[from] Sandstorm
|upkeep
|
|t:|1755986446
|switch|p1a: Dragonite|Dragonite, L50, M|95/100
|turn|3
|
|t:|1755986468
|-terastallize|p1b: Gholdengo|Water
|move|p2b: Annihilape|Final Gambit|p1a: Dragonite
|-damage|p1a: Dragonite|0 fnt
|faint|p2b: Annihilape
|faint|p1a: Dragonite
|move|p2a: Tyranitar|Knock Off|p1b: Gholdengo
|-damage|p1b: Gholdengo|53/100
|-enditem|p1b: Gholdengo|Life Orb|[from] move: Knock Off|[of] p2a: Tyranitar
|move|p1b: Gholdengo|Nasty Plot|p1b: Gholdengo
|-boost|p1b: Gholdengo|spa|2
|
|-weather|Sandstorm|[upkeep]
|-damage|p2a: Tyranitar|82/100|[from] Sandstorm
|-damage|p1b: Gholdengo|48/100|[from] Sandstorm
|upkeep
|
|t:|1755986481
|switch|p2b: Excadrill|Excadrill, L50, M|100/100
|turn|4
|
|t:|1755986486
|move|p2b: Excadrill|Earthquake|p1b: Gholdengo|[spread] p1b
|-immune|p2a: Tyranitar
|-damage|p1b: Gholdengo|9/100
|move|p2a: Tyranitar|Knock Off|p1b: Gholdengo
|-damage|p1b: Gholdengo|0 fnt
|faint|p1b: Gholdengo
|
|win|namboyVGC
|raw|dengonumber1fan's rating: 1424 → 1401(-23 for losing)
|raw|namboyVGC's rating: 1377 → 1400(+23 for winning)
|l|☆dengonumber1fan
|player|p1|
|l| Kinglotin
|l|☆namboyVGC
|player|p2|
|j|☆namboyVGC
|player|p2|namboyVGC|ethan|
