|j|☆Trestkon
|j|☆Lemonade Insurance
|html|TrestkonLemonade Insurance    
|uhtml|bestof|Game 3 of a best-of-3
|t:|1756404996
|gametype|doubles
|player|p1|Trestkon|266|1194
|player|p2|Lemonade Insurance|102|1248
|gen|9
|tier|[Gen 9] VGC 2025 Reg H (Bo3)
|rated|
|rule|Species Clause: Limit one of each Pokémon
|rule|Item Clause: Limit 1 of each item
|clearpoke
|poke|p1|Indeedee-F, L50, F|
|poke|p1|Gallade, L50, M|
|poke|p1|Torkoal, L50, F|
|poke|p1|Ursaluna-Bloodmoon, L50, M|
|poke|p1|Armarouge, L50, M|
|poke|p1|Exeggutor, L50, M|
|poke|p2|Charizard, L50, M|
|poke|p2|Torkoal, L50, M|
|poke|p2|Porygon2, L50|
|poke|p2|Incineroar, L50, M|
|poke|p2|Jumpluff, L50, M|
|poke|p2|Ursaluna, L50, M|
|teampreview|4
|showteam|p1|Indeedee-F||SafetyGoggles|PsychicSurge|FollowMe,Psychic,HelpingHand,TrickRoom|||F|||50|,,,,,Fairy]Gallade||ClearAmulet|Sharpness|PsychoCut,SacredSword,WideGuard,TrickRoom|||M|||50|,,,,,Steel]Torkoal||Charcoal|Drought|Eruption,WeatherBall,ClearSmog,Protect|||F|||50|,,,,,Fire]Ursaluna-Bloodmoon||ThroatSpray|MindsEye|EarthPower,HyperVoice,BloodMoon,Protect|||M|||50|,,,,,Normal]Armarouge||PowerHerb|FlashFire|ArmorCannon,ExpandingForce,MeteorBeam,TrickRoom|||M|||50|,,,,,Grass]Exeggutor||FocusSash|Chlorophyll|TrickRoom,ExpandingForce,EnergyBall,SleepPowder|||M|||50|,,,,,Psychic
|showteam|p2|Charizard||ChoiceSpecs|SolarPower|HeatWave,Overheat,WeatherBall,AirSlash|||M|||50|,,,,,Ghost]Torkoal||EjectPack|Drought|Eruption,Overheat,HelpingHand,Protect|||M|||50|,,,,,Fire]Porygon2||Eviolite|Download|TeraBlast,IceBeam,Recover,TrickRoom||||||50|,,,,,Ghost]Incineroar||SitrusBerry|Intimidate|FlareBlitz,KnockOff,FakeOut,PartingShot|||M|||50|,,,,,Grass]Jumpluff||CovertCloak|Chlorophyll|SleepPowder,SunnyDay,RagePowder,Tailwind|||M|||50|,,,,,Water]Ursaluna||FlameOrb|Guts|HeadlongRush,Facade,Earthquake,Protect|||M|||50|,,,,,Ghost
|inactive|Battle timer is ON: inactive players will automatically lose when time's up. (requested by Lemonade Insurance)
|inactive|Trestkon has 60 seconds left.
|inactive|Lemonade Insurance has 60 seconds left.
|
|t:|1756405036
|teamsize|p1|4
|teamsize|p2|4
|start
|switch|p1a: Dermezel|Indeedee-F, L50, F|100/100
|switch|p1b: Rockman.EXE|Armarouge, L50, M|100/100
|switch|p2a: Raven|Charizard, L50, M, shiny|100/100
|switch|p2b: Baloo|Ursaluna, L50, M, shiny|100/100
|-fieldstart|move: Psychic Terrain|[from] ability: Psychic Surge|[of] p1a: Dermezel
|turn|1
|inactive|Trestkon has 30 seconds left.
|
|t:|1756405061
|-terastallize|p1b: Rockman.EXE|Grass
|move|p1a: Dermezel|Follow Me|p1a: Dermezel
|-singleturn|p1a: Dermezel|move: Follow Me
|move|p2a: Raven|Heat Wave|p1a: Dermezel|[spread] p1a
|-start|p1b: Rockman.EXE|ability: Flash Fire
|-damage|p1a: Dermezel|55/100
|move|p2b: Baloo|Earthquake|p1a: Dermezel|[spread] p1a,p1b
|-immune|p2a: Raven
|-crit|p1a: Dermezel
|-resisted|p1b: Rockman.EXE
|-damage|p1a: Dermezel|0 fnt
|-damage|p1b: Rockman.EXE|79/100
|faint|p1a: Dermezel
|move|p1b: Rockman.EXE|Trick Room|p1b: Rockman.EXE
|-fieldstart|move: Trick Room|[of] p1b: Rockman.EXE
|
|-status|p2b: Baloo|brn|[from] item: Flame Orb
|upkeep
|inactive|Trestkon has 30 seconds left.
|inactive|Trestkon has 20 seconds left.
|
|t:|1756405099
|switch|p1a: Ursaluna|Ursaluna-Bloodmoon, L50, M|100/100
|turn|2
|
|t:|1756405107
|move|p2b: Baloo|Protect|p2b: Baloo
|-singleturn|p2b: Baloo|Protect
|move|p1a: Ursaluna|Hyper Voice|p2a: Raven|[spread] p2a
|-activate|p2b: Baloo|move: Protect
|-crit|p2a: Raven
|-damage|p2a: Raven|21/100
|-enditem|p1a: Ursaluna|Throat Spray
|-boost|p1a: Ursaluna|spa|1|[from] item: Throat Spray
|move|p1b: Rockman.EXE|Expanding Force|p2a: Raven|[spread] p2a
|-activate|p2b: Baloo|move: Protect
|-damage|p2a: Raven|0 fnt
|faint|p2a: Raven
|
|-damage|p2b: Baloo|95/100 brn|[from] brn
|upkeep
|
|t:|1756405120
|switch|p2a: Scat Pack|Incineroar, L50, M|100/100
|-ability|p2a: Scat Pack|Intimidate|boost
|-unboost|p1a: Ursaluna|atk|1
|-unboost|p1b: Rockman.EXE|atk|1
|turn|3
|
|t:|1756405136
|move|p2b: Baloo|Protect||[still]
|-fail|p2b: Baloo
|move|p1a: Ursaluna|Blood Moon|p2b: Baloo
|-damage|p2b: Baloo|0 fnt
|faint|p2b: Baloo
|move|p1b: Rockman.EXE|Meteor Beam||[still]
|-prepare|p1b: Rockman.EXE|Meteor Beam
|-boost|p1b: Rockman.EXE|spa|1
|-enditem|p1b: Rockman.EXE|Power Herb
|-anim|p1b: Rockman.EXE|Meteor Beam|p2a: Scat Pack
|-supereffective|p2a: Scat Pack
|-damage|p2a: Scat Pack|0 fnt
|faint|p2a: Scat Pack
|
|upkeep
|
|t:|1756405150
|switch|p2b: Starbreaker|Porygon2, L50|100/100
|-ability|p2b: Starbreaker|Download|boost
|-boost|p2b: Starbreaker|spa|1
|turn|4
|inactive|Lemonade Insurance has 30 seconds left.
|inactive|Lemonade Insurance has 20 seconds left.
|inactive|Lemonade Insurance has 15 seconds left.
|
|t:|1756405193
|move|p1a: Ursaluna|Hyper Voice|p2b: Starbreaker
|-damage|p2b: Starbreaker|53/100
|move|p1b: Rockman.EXE|Expanding Force|p2b: Starbreaker
|-damage|p2b: Starbreaker|0 fnt
|faint|p2b: Starbreaker
|
|win|Trestkon
|raw|Trestkon's rating: 1194 → 1223(+29 for winning)
|raw|Lemonade Insurance's rating: 1248 → 1219(-29 for losing)
