|j|☆marcusquinn
|j|☆ChinoTV
|html|marcusquinnChinoTV    
|uhtml|bestof|Game 3 of a best-of-3
|t:|1757652707
|gametype|doubles
|player|p1|marcusquinn|hilbert-wonderlauncher|1170
|player|p2|ChinoTV|red|1075
|gen|9
|tier|[Gen 9] VGC 2025 Reg H (Bo3)
|rated|
|rule|Species Clause: Limit one of each Pokémon
|rule|Item Clause: Limit 1 of each item
|clearpoke
|poke|p1|Archaludon, L50, M|
|poke|p1|Porygon2, L50|
|poke|p1|Incineroar, L50, M|
|poke|p1|Ursaluna, L50, M|
|poke|p1|Sneasler, L50, F|
|poke|p1|Dragonite, L50, F|
|poke|p2|Murkrow, L50, F|
|poke|p2|Sneasler, L50, F|
|poke|p2|Indeedee, L50, M|
|poke|p2|Tyranitar, L50, F|
|poke|p2|Volcarona, L50, M|
|poke|p2|Ursaluna-Bloodmoon, L50, M|
|teampreview|4
|showteam|p1|Archaludon||PowerHerb|Sturdy|Protect,ElectroShot,DracoMeteor,FlashCannon|||M|||50|,,,,,Electric]Porygon2||Eviolite|Download|TeraBlast,IceBeam,Recover,TrickRoom||||||50|,,,,,Fighting]Incineroar||SafetyGoggles|Intimidate|FlareBlitz,KnockOff,FakeOut,PartingShot|||M|||50|,,,,,Ghost]Ursaluna||FlameOrb|Guts|HeadlongRush,Facade,Earthquake,Protect|||M|||50|,,,,,Ghost]Sneasler||FocusSash|Unburden|Protect,CloseCombat,DireClaw,ThroatChop|||F|||50|,,,,,Stellar]Dragonite||LoadedDice|Multiscale|ScaleShot,Tailwind,Haze,Protect|||F|||50|,,,,,Fairy
|showteam|p2|Murkrow||Eviolite|Prankster|FoulPlay,Haze,Tailwind,Taunt|||F|||50|,,,,,Ghost]Sneasler||WhiteHerb|Unburden|CloseCombat,Protect,DireClaw,ThroatChop|||F|||50|,,,,,Dark]Indeedee||FocusSash|PsychicSurge|ExpandingForce,Imprison,Protect,TrickRoom|||M|||50|,,,,,Fairy]Tyranitar||AssaultVest|SandStream|RockSlide,KnockOff,LowKick,TeraBlast|||F|||50|,,,,,Flying]Volcarona||SitrusBerry|FlameBody|RagePowder,StruggleBug,HeatWave,Tailwind|||M|||50|,,,,,Fairy]Ursaluna-Bloodmoon||LifeOrb|MindsEye|BloodMoon,EarthPower,Protect,HyperVoice|||M|||50|,,,,,Normal
|inactive|Battle timer is ON: inactive players will automatically lose when time's up. (requested by marcusquinn)
|
|t:|1757652733
|teamsize|p1|4
|teamsize|p2|4
|start
|switch|p1a: Dragonite|Dragonite, L50, F, shiny|100/100
|switch|p1b: Ursaluna|Ursaluna, L50, M|100/100
|switch|p2a: Murkrow|Murkrow, L50, F, shiny|100/100
|switch|p2b: Ursaluna|Ursaluna-Bloodmoon, L50, M|100/100
|turn|1
|inactive|marcusquinn has 30 seconds left.
|
|t:|1757652766
|-terastallize|p2b: Ursaluna|Normal
|move|p2a: Murkrow|Taunt|p1a: Dragonite
|-start|p1a: Dragonite|move: Taunt
|cant|p1a: Dragonite|move: Taunt|Tailwind
|move|p2b: Ursaluna|Hyper Voice|p1b: Ursaluna|[spread] p1a,p1b
|-damage|p1a: Dragonite|65/100
|-damage|p1b: Ursaluna|36/100
|-damage|p2b: Ursaluna|91/100|[from] item: Life Orb
|move|p1b: Ursaluna|Facade|p2a: Murkrow
|-damage|p2a: Murkrow|50/100
|
|-status|p1b: Ursaluna|brn|[from] item: Flame Orb
|upkeep
|turn|2
|inactive|marcusquinn has 30 seconds left.
|
|t:|1757652796
|move|p2a: Murkrow|Tailwind|p2a: Murkrow
|-sidestart|p2: ChinoTV|move: Tailwind
|move|p2b: Ursaluna|Hyper Voice|p1b: Ursaluna|[spread] p1a,p1b
|-damage|p1a: Dragonite|0 fnt
|-damage|p1b: Ursaluna|0 fnt
|faint|p1a: Dragonite
|faint|p1b: Ursaluna
|-damage|p2b: Ursaluna|81/100|[from] item: Life Orb
|
|upkeep
|
|t:|1757652801
|switch|p1a: Incineroar|Incineroar, L50, M, shiny|100/100
|switch|p1b: Sneasler|Sneasler, L50, F|100/100
|-ability|p1a: Incineroar|Intimidate|boost
|-unboost|p2a: Murkrow|atk|1
|-unboost|p2b: Ursaluna|atk|1
|turn|3
|
|t:|1757652814
|move|p2b: Ursaluna|Protect|p2b: Ursaluna
|-singleturn|p2b: Ursaluna|Protect
|move|p1a: Incineroar|Fake Out|p2a: Murkrow
|-damage|p2a: Murkrow|35/100
|cant|p2a: Murkrow|flinch
|move|p1b: Sneasler|Close Combat|p2b: Ursaluna
|-activate|p2b: Ursaluna|move: Protect
|
|upkeep
|turn|4
|
|t:|1757652837
|move|p1b: Sneasler|Protect|p1b: Sneasler
|-singleturn|p1b: Sneasler|Protect
|move|p2a: Murkrow|Foul Play|p1b: Sneasler
|-activate|p1b: Sneasler|move: Protect
|move|p2b: Ursaluna|Blood Moon|p1a: Incineroar
|-damage|p1a: Incineroar|0 fnt
|faint|p1a: Incineroar
|-damage|p2b: Ursaluna|72/100|[from] item: Life Orb
|
|upkeep
|turn|5
|-message|marcusquinn forfeited.
|
|win|ChinoTV
|raw|marcusquinn's rating: 1170 → 1138(-32 for losing)
|raw|ChinoTV's rating: 1075 → 1111(+36 for winning)
|l|☆marcusquinn
|player|p1|
|l|☆ChinoTV
|player|p2|
|j|☆marcusquinn
|player|p1|marcusquinn|hilbert-wonderlauncher|
