|j|☆Im_Neutro
|j|☆INT Moreira23
|html|Im_NeutroINT Moreira23    
|uhtml|bestof|Game 2 of a best-of-3
|t:|1782766737
|gametype|doubles
|player|p1|Im_Neutro|noland|1160
|player|p2|INT Moreira23|blackbelt-gen4|1052
|gen|9
|tier|[Gen 9 Champions] VGC 2026 Reg M-B (Bo3)
|rated|
|rule|Species Clause: Limit one of each Pokémon
|rule|Item Clause: Limit 1 of each item
|clearpoke
|poke|p1|Gengar, L50, F|
|poke|p1|Sneasler, L50, M|
|poke|p1|Incineroar, L50, M|
|poke|p1|Sinistcha, L50|
|poke|p1|Milotic, L50, F|
|poke|p1|Kommo-o, L50, M|
|poke|p2|Scovillain, L50, F|
|poke|p2|Froslass, L50, F|
|poke|p2|Lycanroc-Dusk, L50, M|
|poke|p2|Basculegion, L50, M|
|poke|p2|Kingambit, L50, M|
|poke|p2|Sneasler, L50, F|
|teampreview|4
|showteam|p1|Gengar||Gengarite|CursedBody|PerishSong,Protect,ShadowBall,Disable|Timid||F|||50|]Sneasler||FocusSash|Unburden|CloseCombat,DireClaw,FakeOut,Coaching|Jolly||M|||50|]Incineroar||PasshoBerry|Intimidate|FlareBlitz,FakeOut,PartingShot,Protect|Relaxed||M|||50|]Sinistcha||MentalHerb|Hospitality|MatchaGotcha,RagePowder,Protect,LifeDew|Bold|||||50|]Milotic||SitrusBerry|Competitive|Coil,MuddyWater,Recover,Hypnosis|Calm||F|||50|]Kommo-o||Leftovers|Soundproof|ClangorousSoul,ClangingScales,AuraSphere,Protect|Modest||M|||50|
|showteam|p2|Scovillain||Scovillainite|Moody|Overheat,GigaDrain,RagePowder,Protect|Bold||F|||50|]Froslass||Froslassite|SnowCloak|Blizzard,ShadowBall,AuroraVeil,Protect|Modest||F|||50|]Lycanroc-Dusk||FocusSash|ToughClaws|RockSlide,CloseCombat,Accelerock,Protect|Adamant||M|||50|]Basculegion||SitrusBerry|Adaptability|WaveCrash,LastRespects,AquaJet,Protect|Adamant||M|||50|]Kingambit||BlackGlasses|Defiant|KowtowCleave,SuckerPunch,SwordsDance,Protect|Adamant||M|||50|]Sneasler||WhiteHerb|Unburden|CloseCombat,DireClaw,FakeOut,Protect|Adamant||F|||50|
|inactive|Battle timer is ON: inactive players will automatically lose when time's up. (requested by Im_Neutro)
|inactive|Im_Neutro has 60 seconds left.
|inactive|Im_Neutro has 30 seconds left.
|inactive|Im_Neutro has 20 seconds left.
|inactive|Im_Neutro has 15 seconds left.
|inactive|Im_Neutro has 10 seconds left.
|inactive|Im_Neutro has 5 seconds left.
|
|t:|1782766828
|teamsize|p1|4
|teamsize|p2|4
|start
|switch|p1a: Gengar|Gengar, L50, F|100/100
|switch|p1b: Sneasler|Sneasler, L50, M|100/100
|switch|p2a: Basculegion|Basculegion, L50, M|100/100
|switch|p2b: Kingambit|Kingambit, L50, M|100/100
|turn|1
|inactive|Im_Neutro has 30 seconds left.
|inactive|INT Moreira23 has 30 seconds left.
|inactive|Im_Neutro has 20 seconds left.
|inactive|INT Moreira23 has 20 seconds left.
|inactive|Im_Neutro has 15 seconds left.
|inactive|INT Moreira23 has 15 seconds left.
|inactive|Im_Neutro has 10 seconds left.
|inactive|INT Moreira23 has 10 seconds left.
|inactive|Im_Neutro has 5 seconds left.
|
|t:|1782766883
|switch|p2a: Scovillain|Scovillain, L50, F|100/100
|move|p2b: Kingambit|Protect|p2b: Kingambit
|-singleturn|p2b: Kingambit|Protect
|move|p1b: Sneasler|Close Combat|p2a: Scovillain
|-damage|p2a: Scovillain|40/100
|-unboost|p1b: Sneasler|def|1
|-unboost|p1b: Sneasler|spd|1
|move|p1a: Gengar|Perish Song|p1a: Gengar
|-start|p1a: Gengar|perish3|[silent]
|-start|p1b: Sneasler|perish3|[silent]
|-start|p2a: Scovillain|perish3|[silent]
|-start|p2b: Kingambit|perish3|[silent]
|-fieldactivate|move: Perish Song
|
|-start|p1b: Sneasler|perish3
|-start|p1a: Gengar|perish3
|-start|p2a: Scovillain|perish3
|-start|p2b: Kingambit|perish3
|-ability|p2a: Scovillain|Moody|boost
|-boost|p2a: Scovillain|atk|2
|-unboost|p2a: Scovillain|spd|1
|upkeep
|turn|2
|inactive|Im_Neutro has 30 seconds left.
|inactive|INT Moreira23 has 30 seconds left.
|inactive|Im_Neutro has 20 seconds left.
|inactive|INT Moreira23 has 20 seconds left.
|inactive|Im_Neutro has 15 seconds left.
|inactive|Im_Neutro has 10 seconds left.
|inactive|Im_Neutro has 5 seconds left.
|
|t:|1782766938
|detailschange|p2a: Scovillain|Scovillain-Mega, L50, F
|-mega|p2a: Scovillain|Scovillain|Scovillainite
|move|p2a: Scovillain|Rage Powder|p2a: Scovillain
|-singleturn|p2a: Scovillain|move: Rage Powder
|move|p1b: Sneasler|Close Combat|p2a: Scovillain
|-damage|p2a: Scovillain|0 fnt
|-unboost|p1b: Sneasler|def|1
|-unboost|p1b: Sneasler|spd|1
|-status|p1b: Sneasler|brn|[from] ability: Spicy Spray|[of] p2a: Scovillain
|faint|p2a: Scovillain
|move|p1a: Gengar|Perish Song||[still]
|-fail|p1a: Gengar
|move|p2b: Kingambit|Kowtow Cleave|p1a: Gengar
|-supereffective|p1a: Gengar|1
|-damage|p1a: Gengar|0 fnt
|-start|p2b: Kingambit|Disable|Kowtow Cleave|[from] ability: Cursed Body|[of] p1a: Gengar
|faint|p1a: Gengar
|
|-damage|p1b: Sneasler|94/100 brn|[from] brn
|-start|p1b: Sneasler|perish2
|-start|p2b: Kingambit|perish2
|upkeep
|inactive|Im_Neutro has 30 seconds left.
|inactive|Im_Neutro has 20 seconds left.
|inactive|Im_Neutro has 15 seconds left.
|inactive|Im_Neutro has 10 seconds left.
|inactive|Im_Neutro has 5 seconds left.
|
|t:|1782766993
|switch|p1a: Incineroar|Incineroar, L50, M|100/100
|switch|p2a: Sneasler|Sneasler, L50, F|100/100
|-ability|p1a: Incineroar|Intimidate|boost
|-unboost|p2a: Sneasler|atk|1
|-unboost|p2b: Kingambit|atk|1
|-ability|p2b: Kingambit|Defiant|boost
|-boost|p2b: Kingambit|atk|2
|-enditem|p2a: Sneasler|White Herb
|-clearnegativeboost|p2a: Sneasler|[silent]
|turn|3
|inactive|Im_Neutro has 30 seconds left.
|inactive|Im_Neutro has 20 seconds left.
|inactive|Im_Neutro has 15 seconds left.
|inactive|Im_Neutro has 10 seconds left.
|inactive|Im_Neutro has 5 seconds left.
|
|t:|1782767048
|switch|p2b: Basculegion|Basculegion, L50, M|100/100
|move|p2a: Sneasler|Fake Out|p1a: Incineroar
|-damage|p1a: Incineroar|89/100
|move|p1b: Sneasler|Close Combat|p2b: Basculegion
|-immune|p2b: Basculegion
|cant|p1a: Incineroar|flinch
|
|-damage|p1b: Sneasler|88/100 brn|[from] brn
|-start|p1b: Sneasler|perish1
|upkeep
|turn|4
|inactive|Im_Neutro has 30 seconds left.
|inactive|INT Moreira23 has 30 seconds left.
|inactive|Im_Neutro has 20 seconds left.
|inactive|Im_Neutro has 15 seconds left.
|inactive|Im_Neutro has 10 seconds left.
|inactive|Im_Neutro has 5 seconds left.
|
|t:|1782767103
|move|p2a: Sneasler|Close Combat|p1a: Incineroar
|-supereffective|p1a: Incineroar|1
|-damage|p1a: Incineroar|0 fnt
|-unboost|p2a: Sneasler|def|1
|-unboost|p2a: Sneasler|spd|1
|faint|p1a: Incineroar
|move|p1b: Sneasler|Close Combat|p2a: Sneasler
|-resisted|p2a: Sneasler|1
|-damage|p2a: Sneasler|74/100
|-unboost|p1b: Sneasler|def|1
|-unboost|p1b: Sneasler|spd|1
|move|p2b: Basculegion|Wave Crash|p1b: Sneasler
|-damage|p1b: Sneasler|0 fnt
|faint|p1b: Sneasler
|-damage|p2b: Basculegion|78/100|[from] Recoil
|
|upkeep
|inactive|Im_Neutro has 30 seconds left.
|inactive|Im_Neutro has 20 seconds left.
|inactive|Im_Neutro has 15 seconds left.
|inactive|Im_Neutro has 10 seconds left.
|inactive|Im_Neutro has 5 seconds left.
|
|t:|1782767158
|switch|p1a: Sinistcha|Sinistcha, L50|100/100
|turn|5
|inactive|Im_Neutro has 30 seconds left.
|inactive|Im_Neutro has 20 seconds left.
|inactive|Im_Neutro has 15 seconds left.
|inactive|Im_Neutro has 10 seconds left.
|inactive|Im_Neutro has 5 seconds left.
|
|t:|1782767213
|move|p2a: Sneasler|Dire Claw|p1a: Sinistcha
|-damage|p1a: Sinistcha|70/100
|move|p2b: Basculegion|Last Respects|p1a: Sinistcha
|-supereffective|p1a: Sinistcha|1
|-damage|p1a: Sinistcha|0 fnt
|faint|p1a: Sinistcha
|
|win|INT Moreira23
|raw|Im_Neutro's rating: 1160 → 1127(-33 for losing)
|raw|INT Moreira23's rating: 1052 → 1094(+42 for winning)
|l|☆INT Moreira23
|player|p2|
|j|☆INT Moreira23
|player|p2|INT Moreira23|blackbelt-gen4|
