|j|☆GymGlofer
|j|☆mikewwm8
|html|GymGlofermikewwm8    
|uhtml|bestof|Game 1 of a best-of-3
|t:|1783829827
|gametype|doubles
|player|p1|GymGlofer|2|1090
|player|p2|mikewwm8|266|1346
|gen|9
|tier|[Gen 9 Champions] VGC 2026 Reg M-B (Bo3)
|rated|
|rule|Species Clause: Limit one of each Pokémon
|rule|Item Clause: Limit 1 of each item
|clearpoke
|poke|p1|Whimsicott, L50, M|
|poke|p1|Meowscarada, L50, F|
|poke|p1|Scovillain, L50, M|
|poke|p1|Tsareena, L50, F|
|poke|p1|Venusaur, L50, M|
|poke|p1|Decidueye, L50, F|
|poke|p2|Raichu, L50, F|
|poke|p2|Sinistcha, L50, shiny|
|poke|p2|Ceruledge, L50, F|
|poke|p2|Milotic, L50, M, shiny|
|poke|p2|Incineroar, L50, M|
|poke|p2|Mamoswine, L50, F|
|teampreview|4
|showteam|p1|Whimsicott||FocusSash|Prankster|Moonblast,CottonSpore,Encore,Protect|Timid||M|||50|]Meowscarada||LifeOrb|Protean|FlowerTrick,SuckerPunch,ThunderPunch,LowKick|Adamant||F|||50|]Scovillain||Scovillainite|Moody|BurningJealousy,LeechSeed,RagePowder,Protect|Bold||M|||50|]Tsareena||ChoiceScarf|QueenlyMajesty|TropKick,KnockOff,ZenHeadbutt,TripleAxel|Jolly||F|||50|]Venusaur||Venusaurite|Chlorophyll|SludgeBomb,EarthPower,SleepPowder,Protect|Modest||M|||50|]Decidueye||Leftovers|LongReach|LeafBlade,SpiritShackle,Uturn,Protect|Careful||F|||50|
|showteam|p2|Raichu||RaichuniteY|LightningRod|ZapCannon,FocusBlast,FakeOut,Protect|Timid||F|||50|]Sinistcha||KasibBerry|Hospitality|MatchaGotcha,LifeDew,RagePowder,Protect|Relaxed|||||50|]Ceruledge||ColburBerry|FlashFire|BitterBlade,ShadowSneak,BulkUp,Protect|Adamant||F|||50|]Milotic||Leftovers|Competitive|MuddyWater,Coil,Hypnosis,Protect|Calm||M|||50|]Incineroar||SitrusBerry|Intimidate|FlareBlitz,ThroatChop,FakeOut,PartingShot|Impish||M|||50|]Mamoswine||FocusSash|Oblivious|IcicleCrash,IceShard,HighHorsepower,Protect|Adamant||F|||50|
|inactive|Battle timer is ON: inactive players will automatically lose when time's up. (requested by GymGlofer)
|
|t:|1783829862
|teamsize|p1|4
|teamsize|p2|4
|start
|switch|p1a: Venusaur|Venusaur, L50, M|100/100
|switch|p1b: Whimsicott|Whimsicott, L50, M|100/100
|switch|p2a: Ceruledge|Ceruledge, L50, F|100/100
|switch|p2b: Raichu|Raichu, L50, F|100/100
|turn|1
|
|t:|1783829877
|switch|p1b: Tsareena|Tsareena, L50, F|100/100
|detailschange|p2b: Raichu|Raichu-Mega-Y, L50, F
|-mega|p2b: Raichu|Raichu|Raichunite Y
|detailschange|p1a: Venusaur|Venusaur-Mega, L50, M
|-mega|p1a: Venusaur|Venusaur|Venusaurite
|move|p2b: Raichu|Fake Out||[still]
|cant|p1b: Tsareena|ability: Queenly Majesty|Fake Out|[of] p2b: Raichu
|move|p2a: Ceruledge|Bulk Up|p2a: Ceruledge
|-boost|p2a: Ceruledge|atk|1
|-boost|p2a: Ceruledge|def|1
|move|p1a: Venusaur|Earth Power|p2b: Raichu
|-supereffective|p2b: Raichu|1
|-crit|p2b: Raichu
|-damage|p2b: Raichu|0 fnt
|faint|p2b: Raichu
|
|upkeep
|
|t:|1783829883
|switch|p2b: Mamoswine|Mamoswine, L50, F|100/100
|turn|2
|
|t:|1783829899
|move|p1b: Tsareena|Trop Kick|p2b: Mamoswine
|-supereffective|p2b: Mamoswine|1
|-enditem|p2b: Mamoswine|Focus Sash
|-damage|p2b: Mamoswine|1/100
|-unboost|p2b: Mamoswine|atk|1
|move|p2b: Mamoswine|Icicle Crash|p1b: Tsareena
|-supereffective|p1b: Tsareena|1
|-damage|p1b: Tsareena|18/100
|move|p2a: Ceruledge|Bitter Blade|p1a: Venusaur
|-supereffective|p1a: Venusaur|1
|-damage|p1a: Venusaur|45/100
|move|p1a: Venusaur|Sleep Powder|p2a: Ceruledge
|-status|p2a: Ceruledge|slp|[from] move: Sleep Powder
|
|upkeep
|turn|3
|
|t:|1783829918
|switch|p2b: Incineroar|Incineroar, L50, M|100/100
|-ability|p2b: Incineroar|Intimidate|boost
|-unboost|p1a: Venusaur|atk|1
|-unboost|p1b: Tsareena|atk|1
|move|p1b: Tsareena|Trop Kick|p2b: Incineroar
|-resisted|p2b: Incineroar|1
|-damage|p2b: Incineroar|90/100
|-unboost|p2b: Incineroar|atk|1
|cant|p2a: Ceruledge|slp
|move|p1a: Venusaur|Earth Power|p2a: Ceruledge
|-supereffective|p2a: Ceruledge|1
|-damage|p2a: Ceruledge|37/100 slp
|
|upkeep
|turn|4
|
|t:|1783829936
|move|p1b: Tsareena|Trop Kick|p2b: Incineroar
|-resisted|p2b: Incineroar|1
|-damage|p2b: Incineroar|80/100
|-unboost|p2b: Incineroar|atk|1
|cant|p2a: Ceruledge|slp
|move|p1a: Venusaur|Earth Power|p2a: Ceruledge
|-supereffective|p2a: Ceruledge|1
|-damage|p2a: Ceruledge|0 fnt
|faint|p2a: Ceruledge
|move|p2b: Incineroar|Throat Chop|p1b: Tsareena
|-damage|p1b: Tsareena|0 fnt
|faint|p1b: Tsareena
|
|upkeep
|-message|mikewwm8 forfeited.
|
|win|GymGlofer
||mikewwm8 is ready for game 2.
