|j|☆bouledefeu
|j|☆Lucario Palworld
|html|bouledefeuLucario Palworld    
|uhtml|bestof|Game 1 of a best-of-3
|t:|1757917149
|gametype|doubles
|player|p1|bouledefeu|bugcatcher-gen4dp|1374
|player|p2|Lucario Palworld|101|1476
|gen|9
|tier|[Gen 9] VGC 2025 Reg H (Bo3)
|rated|
|rule|Species Clause: Limit one of each Pokémon
|rule|Item Clause: Limit 1 of each item
|clearpoke
|poke|p1|Incineroar, L50, F|
|poke|p1|Amoonguss, L50, M|
|poke|p1|Ursaluna-Bloodmoon, L50, M|
|poke|p1|Sneasler, L50, F|
|poke|p1|Gholdengo, L50|
|poke|p1|Dragonite, L50, F|
|poke|p2|Whimsicott, L50, F|
|poke|p2|Pelipper, L50, F|
|poke|p2|Tatsugiri, L50, F|
|poke|p2|Dondozo, L50, F|
|poke|p2|Gholdengo, L50|
|poke|p2|Perrserker, L50, F|
|teampreview|4
|showteam|p1|Incineroar||SafetyGoggles|Intimidate|FlareBlitz,KnockOff,PartingShot,FakeOut|||F|||50|,,,,,Ghost]Amoonguss||SitrusBerry|Regenerator|Spore,RagePowder,PollenPuff,Protect|||M|||50|,,,,,Psychic]Ursaluna-Bloodmoon||AssaultVest|MindsEye|HyperVoice,BloodMoon,EarthPower,VacuumWave|||M|||50|,,,,,Water]Sneasler||FocusSash|Unburden|CloseCombat,DireClaw,ThroatChop,Protect|||F|||50|,,,,,Stellar]Gholdengo||LifeOrb|GoodasGold|MakeItRain,ShadowBall,NastyPlot,Protect||||||50|,,,,,Water]Dragonite||LoadedDice|Multiscale|ScaleShot,Tailwind,Haze,Protect|||F|||50|,,,,,Fairy
|showteam|p2|Whimsicott||CovertCloak|Prankster|Moonblast,LightScreen,Tailwind,Encore|||F|||50|,,,,,Fire]Pelipper||FocusSash|Drizzle|Hurricane,WeatherBall,Tailwind,WideGuard|||F|||50|,,,,,Ghost]Tatsugiri||ChoiceScarf|Commander|MuddyWater,DracoMeteor,DragonPulse,IcyWind|||F|||50|,,,,,Steel]Dondozo||ClearAmulet|Unaware|Earthquake,WaveCrash,OrderUp,Protect|||F|||50|,,,,,Grass]Gholdengo||ChoiceSpecs|GoodasGold|ShadowBall,MakeItRain,FocusBlast,Thunderbolt||||||50|,,,,,Steel]Perrserker||ChopleBerry|SteelySpirit|FakeOut,IronHead,Taunt,KnockOff|||F|||50|,,,,,Steel
|inactive|Battle timer is ON: inactive players will automatically lose when time's up. (requested by bouledefeu)
|inactive|Lucario Palworld has 60 seconds left.
|
|t:|1757917210
|teamsize|p1|4
|teamsize|p2|4
|start
|switch|p1a: Sneasler|Sneasler, L50, F|100/100
|switch|p1b: Ursaluna|Ursaluna-Bloodmoon, L50, M|100/100
|switch|p2a: Gholdengo|Gholdengo, L50|100/100
|switch|p2b: Whimsicott|Whimsicott, L50, F|100/100
|turn|1
|
|t:|1757917235
|-terastallize|p1b: Ursaluna|Water
|move|p2b: Whimsicott|Tailwind|p2b: Whimsicott
|-sidestart|p2: Lucario Palworld|move: Tailwind
|move|p2a: Gholdengo|Make It Rain|p1a: Sneasler|[spread] p1a,p1b
|-resisted|p1b: Ursaluna
|-enditem|p1a: Sneasler|Focus Sash
|-damage|p1a: Sneasler|1/100
|-damage|p1b: Ursaluna|76/100
|-unboost|p2a: Gholdengo|spa|1
|move|p1a: Sneasler|Dire Claw|p2b: Whimsicott
|-supereffective|p2b: Whimsicott
|-damage|p2b: Whimsicott|0 fnt
|faint|p2b: Whimsicott
|move|p1b: Ursaluna|Earth Power|p2a: Gholdengo
|-supereffective|p2a: Gholdengo
|-damage|p2a: Gholdengo|0 fnt
|faint|p2a: Gholdengo
|
|upkeep
|
|t:|1757917244
|switch|p2b: Tatsugiri|Tatsugiri, L50, F|100/100
|switch|p2a: Dondozo|Dondozo, L50, F|100/100
|-activate|p2b: Tatsugiri|ability: Commander|[of] p2a: Dondozo
|-boost|p2a: Dondozo|atk|2
|-boost|p2a: Dondozo|spa|2
|-boost|p2a: Dondozo|spe|2
|-boost|p2a: Dondozo|def|2
|-boost|p2a: Dondozo|spd|2
|turn|2
|
|t:|1757917260
|move|p1a: Sneasler|Dire Claw|p2a: Dondozo
|-damage|p2a: Dondozo|84/100
|-status|p2a: Dondozo|slp
|cant|p2a: Dondozo|slp
|move|p1b: Ursaluna|Blood Moon|p2a: Dondozo
|-damage|p2a: Dondozo|43/100 slp
|
|upkeep
|turn|3
|
|t:|1757917275
|move|p1a: Sneasler|Dire Claw|p2a: Dondozo
|-damage|p2a: Dondozo|28/100 slp
|cant|p2a: Dondozo|slp
|move|p1b: Ursaluna|Hyper Voice|p2a: Dondozo|[spread] p2a
|-miss|p1b: Ursaluna|p2b: Tatsugiri
|-damage|p2a: Dondozo|8/100 slp
|
|upkeep
|turn|4
|
|t:|1757917285
|move|p1a: Sneasler|Dire Claw|p2a: Dondozo
|-damage|p2a: Dondozo|0 fnt
|faint|p2a: Dondozo
|move|p1b: Ursaluna|Blood Moon|p2b: Tatsugiri
|-damage|p2b: Tatsugiri|10/100
|
|-sideend|p2: Lucario Palworld|move: Tailwind
|upkeep
|turn|5
|
|t:|1757917294
|-terastallize|p2b: Tatsugiri|Steel
|move|p1a: Sneasler|Dire Claw|p2b: Tatsugiri
|-immune|p2b: Tatsugiri
|move|p2b: Tatsugiri|Muddy Water|p1a: Sneasler|[spread] p1a
|-miss|p2b: Tatsugiri|p1b: Ursaluna
|-damage|p1a: Sneasler|0 fnt
|faint|p1a: Sneasler
|move|p1b: Ursaluna|Hyper Voice|p2b: Tatsugiri
|-resisted|p2b: Tatsugiri
|-damage|p2b: Tatsugiri|0 fnt
|faint|p2b: Tatsugiri
|
|win|bouledefeu
||Lucario Palworld is ready for game 2.
||bouledefeu is ready for game 2.
|uhtml|next|Next: Game 2 of 3
