|j|☆quinn2
|j|☆zevenit
|html|quinn2zevenit    
|uhtml|bestof|Game 1 of a best-of-3
|t:|1757915137
|gametype|doubles
|player|p1|quinn2|170|1136
|player|p2|zevenit|266|1075
|gen|9
|tier|[Gen 9] VGC 2025 Reg H (Bo3)
|rated|
|rule|Species Clause: Limit one of each Pokémon
|rule|Item Clause: Limit 1 of each item
|clearpoke
|poke|p1|Golduck, L50, F|
|poke|p1|Flamigo, L50, M|
|poke|p1|Dragapult, L50, M|
|poke|p1|Electabuzz, L50, M|
|poke|p1|Typhlosion-Hisui, L50, F|
|poke|p1|Weavile, L50, M|
|poke|p2|Electabuzz, L50, M|
|poke|p2|Kingambit, L50, F|
|poke|p2|Volcarona, L50, F|
|poke|p2|Dragonite, L50, F|
|poke|p2|Sneasler, L50, M|
|poke|p2|Rillaboom, L50, M|
|teampreview|4
|showteam|p1|Golduck||FocusSash|CloudNine|IcyWind,Encore,Disable,Protect|||F|||50|,,,,,Grass]Flamigo||CovertCloak|Scrappy|CloseCombat,BraveBird,WideGuard,Protect|||M|||50|,,,,,Fighting]Dragapult||ChoiceBand|ClearBody|DragonDarts,TeraBlast,PhantomForce,Uturn|||M|||50|,,,,,Ghost]Electabuzz||Eviolite|VitalSpirit|ThunderWave,FollowMe,Taunt,Protect|||M|||50|,,,,,Dark]Typhlosion-Hisui||Charcoal|Blaze|Eruption,Overheat,InfernalParade,Protect|||F|||50|,,,,,Fire]Weavile||LifeOrb|Pickpocket|KnockOff,TripleAxel,HoneClaws,Protect|||M|||50|,,,,,Ghost
|showteam|p2|Electabuzz||Eviolite|VitalSpirit|FollowMe,Thunderbolt,Taunt,Protect|||M|||50|,,,,,Ghost]Kingambit||BlackGlasses|Defiant|KowtowCleave,SuckerPunch,SwordsDance,Protect|||F|||50|,,,,,Dark]Volcarona||Leftovers|FlameBody|HeatWave,TeraBlast,QuiverDance,Protect|||F|||50|,,,,,Fairy]Dragonite||LoadedDice|Multiscale|ScaleShot,ExtremeSpeed,Haze,Protect|||F|||50|,,,,,Fairy]Sneasler||FocusSash|Unburden|DireClaw,CloseCombat,Coaching,FakeOut|||M|||50|,,,,,Stellar]Rillaboom||AssaultVest|GrassySurge|FakeOut,WoodHammer,GrassyGlide,HighHorsepower|||M|||50|,,,,,Fire
|inactive|Battle timer is ON: inactive players will automatically lose when time's up. (requested by zevenit)
|inactive|quinn2 has 60 seconds left.
|inactive|zevenit has 60 seconds left.
|
|t:|1757915188
|teamsize|p1|4
|teamsize|p2|4
|start
|switch|p1a: Electabuzz|Electabuzz, L50, M|100/100
|switch|p1b: Typhlosion|Typhlosion-Hisui, L50, F|100/100
|switch|p2a: Sneasler|Sneasler, L50, M|100/100
|switch|p2b: Dragonite|Dragonite, L50, F|100/100
|turn|1
|inactive|quinn2 has 30 seconds left.
|
|t:|1757915217
|move|p1b: Typhlosion|Protect|p1b: Typhlosion
|-singleturn|p1b: Typhlosion|Protect
|move|p2a: Sneasler|Fake Out|p1a: Electabuzz
|-damage|p1a: Electabuzz|86/100
|cant|p1a: Electabuzz|flinch
|move|p2b: Dragonite|Scale Shot|p1b: Typhlosion
|-activate|p1b: Typhlosion|move: Protect
|
|upkeep
|turn|2
|
|t:|1757915243
|move|p2a: Sneasler|Coaching|p2b: Dragonite
|-boost|p2b: Dragonite|atk|1
|-boost|p2b: Dragonite|def|1
|move|p1b: Typhlosion|Infernal Parade|p2a: Sneasler
|-damage|p2a: Sneasler|57/100
|move|p1a: Electabuzz|Thunder Wave|p2b: Dragonite
|-status|p2b: Dragonite|par
|cant|p2b: Dragonite|par
|
|upkeep
|turn|3
|inactive|zevenit has 30 seconds left.
|
|t:|1757915277
|move|p1a: Electabuzz|Follow Me|p1a: Electabuzz
|-singleturn|p1a: Electabuzz|move: Follow Me
|move|p2a: Sneasler|Dire Claw|p1a: Electabuzz
|-damage|p1a: Electabuzz|50/100
|move|p1b: Typhlosion|Eruption|p2a: Sneasler|[spread] p2a,p2b
|-resisted|p2b: Dragonite
|-damage|p2a: Sneasler|0 fnt
|-damage|p2b: Dragonite|83/100 par
|faint|p2a: Sneasler
|cant|p2b: Dragonite|par
|
|upkeep
|
|t:|1757915289
|switch|p2a: Electabuzz|Electabuzz, L50, M|100/100
|turn|4
|
|t:|1757915305
|-terastallize|p1b: Typhlosion|Fire
|move|p1a: Electabuzz|Follow Me|p1a: Electabuzz
|-singleturn|p1a: Electabuzz|move: Follow Me
|move|p1b: Typhlosion|Eruption|p2b: Dragonite|[spread] p2a,p2b
|-resisted|p2b: Dragonite
|-damage|p2a: Electabuzz|35/100
|-damage|p2b: Dragonite|38/100 par
|move|p2a: Electabuzz|Taunt|p1a: Electabuzz
|-start|p1a: Electabuzz|move: Taunt
|cant|p2b: Dragonite|par
|
|upkeep
|turn|5
|-message|zevenit forfeited.
|
|win|quinn2
|l|☆zevenit
|player|p2|
||quinn2 is ready for game 2.
||zevenit is ready for game 2.
|uhtml|next|Next: Game 2 of 3
