|j|☆MrShivers33
|j|☆syvliesdaddy
|html|MrShivers33syvliesdaddy    
|uhtml|bestof|Game 2 of a best-of-3
|t:|1757751999
|gametype|doubles
|player|p1|MrShivers33|steven|1056
|player|p2|syvliesdaddy|pokefan-gen4|1000
|gen|9
|tier|[Gen 9] VGC 2025 Reg H (Bo3)
|rated|
|rule|Species Clause: Limit one of each Pokémon
|rule|Item Clause: Limit 1 of each item
|clearpoke
|poke|p1|Charizard, L50, F|
|poke|p1|Jumpluff, L50, M|
|poke|p1|Torkoal, L50, M|
|poke|p1|Ursaluna, L50, M|
|poke|p1|Incineroar, L50, F|
|poke|p1|Porygon2, L50|
|poke|p2|Sneasler, L50, M|
|poke|p2|Indeedee, L50, M|
|poke|p2|Ursaluna-Bloodmoon, L50, M|
|poke|p2|Electabuzz, L50, M|
|poke|p2|Incineroar, L50, F|
|poke|p2|Talonflame, L50, M|
|teampreview|4
|showteam|p1|Charizard||ChoiceSpecs|SolarPower|HeatWave,Overheat,AirSlash,SolarBeam|||F|||50|,,,,,Ghost]Jumpluff||CovertCloak|Chlorophyll|Tailwind,SunnyDay,RagePowder,SleepPowder|||M|||50|,,,,,Dark]Torkoal||EjectPack|Drought|Eruption,Overheat,HelpingHand,Protect|||M|||50|,,,,,Fire]Ursaluna||FlameOrb|Guts|Facade,Earthquake,HeadlongRush,Protect|||M|||50|,,,,,Ghost]Incineroar||SitrusBerry|Intimidate|FakeOut,KnockOff,PartingShot,FlareBlitz|||F|||50|,,,,,Ghost]Porygon2||Eviolite|Download|IceBeam,TeraBlast,TrickRoom,Recover||||||50|,,,,,Fighting
|showteam|p2|Sneasler||PsychicSeed|Unburden|CloseCombat,DireClaw,ThroatChop,Protect|||M|||50|,,,,,Dark]Indeedee||FocusSash|PsychicSurge|ExpandingForce,TrickRoom,HelpingHand,Protect|||M|||50|,,,,,Psychic]Ursaluna-Bloodmoon||LifeOrb|MindsEye|BloodMoon,HyperVoice,EarthPower,Protect|||M|||50|,,,,,Normal]Electabuzz||Eviolite|VitalSpirit|Electroweb,FollowMe,Taunt,Protect|||M|||50|,,,,,Dragon]Incineroar||SafetyGoggles|Intimidate|FlareBlitz,KnockOff,PartingShot,FakeOut|||F|||50|,,,,,Ghost]Talonflame||CovertCloak|GaleWings|FlareBlitz,DualWingbeat,WillOWisp,Tailwind|||M|||50|,,,,,Fairy
|inactive|Battle timer is ON: inactive players will automatically lose when time's up. (requested by syvliesdaddy)
|inactive|MrShivers33 also wants the timer to be on.
|inactive|MrShivers33 has 60 seconds left.
|inactive|syvliesdaddy has 60 seconds left.
|
|t:|1757752047
|teamsize|p1|4
|teamsize|p2|4
|start
|switch|p1a: Jumpluff|Jumpluff, L50, M, shiny|100/100
|switch|p1b: Torkoal|Torkoal, L50, M, shiny|100/100
|switch|p2a: Talonflame|Talonflame, L50, M|100/100
|switch|p2b: Indeedee|Indeedee, L50, M|100/100
|-fieldstart|move: Psychic Terrain|[from] ability: Psychic Surge|[of] p2b: Indeedee
|-weather|SunnyDay|[from] ability: Drought|[of] p1b: Torkoal
|turn|1
|
|t:|1757752067
|switch|p1a: Ursaluna|Ursaluna, L50, M, shiny|100/100
|move|p2a: Talonflame|Dual Wingbeat|p1a: Ursaluna
|-activate|p1a: Ursaluna|move: Psychic Terrain
|move|p2b: Indeedee|Expanding Force|p1a: Ursaluna|[spread] p1a,p1b
|-damage|p1a: Ursaluna|52/100
|-damage|p1b: Torkoal|26/100
|move|p1b: Torkoal|Eruption|p2a: Talonflame|[spread] p2a,p2b
|-resisted|p2a: Talonflame
|-damage|p2a: Talonflame|86/100
|-damage|p2b: Indeedee|75/100
|
|-weather|SunnyDay|[upkeep]
|-status|p1a: Ursaluna|brn|[from] item: Flame Orb
|upkeep
|turn|2
|inactive|syvliesdaddy has 30 seconds left.
|
|t:|1757752100
|move|p2b: Indeedee|Protect|p2b: Indeedee
|-singleturn|p2b: Indeedee|Protect
|move|p1b: Torkoal|Protect|p1b: Torkoal
|-singleturn|p1b: Torkoal|Protect
|move|p2a: Talonflame|Tailwind|p2a: Talonflame
|-sidestart|p2: syvliesdaddy|move: Tailwind
|move|p1a: Ursaluna|Facade|p2a: Talonflame
|-damage|p2a: Talonflame|0 fnt
|faint|p2a: Talonflame
|
|-weather|SunnyDay|[upkeep]
|-damage|p1a: Ursaluna|46/100 brn|[from] brn
|upkeep
|
|t:|1757752111
|switch|p2a: Sneasler|Sneasler, L50, M|100/100
|-enditem|p2a: Sneasler|Psychic Seed
|-boost|p2a: Sneasler|spd|1|[from] item: Psychic Seed
|turn|3
|
|t:|1757752126
|switch|p1b: Jumpluff|Jumpluff, L50, M, shiny|100/100
|-terastallize|p1a: Ursaluna|Ghost
|move|p2a: Sneasler|Close Combat|p1a: Ursaluna
|-immune|p1a: Ursaluna
|move|p2b: Indeedee|Expanding Force|p1a: Ursaluna|[spread] p1a,p1b
|-damage|p1a: Ursaluna|0 fnt
|-damage|p1b: Jumpluff|47/100
|faint|p1a: Ursaluna
|
|-weather|SunnyDay|[upkeep]
|upkeep
|
|t:|1757752137
|switch|p1a: Charizard|Charizard, L50, F, shiny|100/100
|turn|4
|
|t:|1757752145
|move|p2a: Sneasler|Dire Claw|p1b: Jumpluff
|-supereffective|p1b: Jumpluff
|-damage|p1b: Jumpluff|0 fnt
|faint|p1b: Jumpluff
|move|p2b: Indeedee|Expanding Force|p1a: Charizard
|-damage|p1a: Charizard|0 fnt
|faint|p1a: Charizard
|
|-weather|SunnyDay|[upkeep]
|upkeep
|inactive|MrShivers33 has 30 seconds left.
|-message|MrShivers33 forfeited.
|
|win|syvliesdaddy
|raw|MrShivers33's rating: 1056 → 1035(-21 for losing)
|raw|syvliesdaddy's rating: 1000 → 1046(+46 for winning)
