|j|☆lolgz
|j|☆aquid99
|html|lolgzaquid99    
|uhtml|bestof|Game 3 of a best-of-3
|t:|1782427595
|gametype|doubles
|player|p1|lolgz|dawn|1109
|player|p2|aquid99|266|1054
|gen|9
|tier|[Gen 9 Champions] VGC 2026 Reg M-B (Bo3)
|rated|
|rule|Species Clause: Limit one of each Pokémon
|rule|Item Clause: Limit 1 of each item
|clearpoke
|poke|p1|Mawile, L50, M|
|poke|p1|Sneasler, L50, M|
|poke|p1|Farigiraf, L50, M|
|poke|p1|Ampharos, L50, F|
|poke|p1|Vileplume, L50, F|
|poke|p1|Torkoal, L50, M|
|poke|p2|Swampert, L50, M|
|poke|p2|Incineroar, L50, M|
|poke|p2|Archaludon, L50, M|
|poke|p2|Pelipper, L50, M|
|poke|p2|Basculegion, L50, M|
|poke|p2|Kingambit, L50, M|
|teampreview|4
|showteam|p1|Mawile||Mawilite|HyperCutter|PlayRough,SuckerPunch,SwordsDance,Protect|Serious||M|||50|]Sneasler||IronBall|PoisonTouch|FakeOut,DireClaw,CloseCombat,RockTomb|Brave||M|||50|]Farigiraf||SitrusBerry|ArmorTail|TrickRoom,Thunderbolt,Psychic,HelpingHand|Bold||M|||50|]Ampharos||Ampharosite|Static|Thunderbolt,DragonPulse,Protect,FocusBlast|Brave||F|||50|]Vileplume||FocusSash|Chlorophyll|SleepPowder,SludgeBomb,EnergyBall,AfterYou|Timid||F|||50|]Torkoal||Charcoal|Drought|Eruption,WeatherBall,EarthPower,Protect|Quiet||M|||50|
|showteam|p2|Swampert||Swampertite|Damp|Protect,WaveCrash,BulkUp,Earthquake|Adamant||M|||50|]Incineroar||MentalHerb|Intimidate|FakeOut,FlareBlitz,PartingShot,Protect|Impish||M|||50|]Archaludon||Magnet|Stamina|ElectroShot,Protect,FlashCannon,Thunderbolt|Calm||M|||50|]Pelipper||DampRock|Drizzle|Uturn,WeatherBall,Tailwind,Protect|Bold||M|||50|]Basculegion||MysticWater|Adaptability|LastRespects,Waterfall,Protect,FlipTurn|Careful||M|||50|]Kingambit||LifeOrb|Defiant|KowtowCleave,SuckerPunch,Protect,IronHead|Serious||M|||50|
|inactive|Battle timer is ON: inactive players will automatically lose when time's up. (requested by lolgz)
|inactive|lolgz has 60 seconds left.
|inactive|aquid99 has 60 seconds left.
|inactive|lolgz has 30 seconds left.
|
|t:|1782427666
|teamsize|p1|4
|teamsize|p2|4
|start
|switch|p1a: Farigiraf|Farigiraf, L50, M|100/100
|switch|p1b: Sneasler|Sneasler, L50, M|100/100
|switch|p2a: Basculegion|Basculegion, L50, M|100/100
|switch|p2b: Incineroar|Incineroar, L50, M|100/100
|-ability|p2b: Incineroar|Intimidate|boost
|-unboost|p1a: Farigiraf|atk|1
|-unboost|p1b: Sneasler|atk|1
|turn|1
|
|t:|1782427682
|move|p2a: Basculegion|Waterfall|p1b: Sneasler
|-damage|p1b: Sneasler|11/100
|move|p2b: Incineroar|Flare Blitz|p1b: Sneasler
|-damage|p1b: Sneasler|0 fnt
|faint|p1b: Sneasler
|-damage|p2b: Incineroar|96/100|[from] Recoil
|move|p1a: Farigiraf|Trick Room|p1a: Farigiraf
|-fieldstart|move: Trick Room|[of] p1a: Farigiraf
|
|upkeep
|
|t:|1782427685
|switch|p1b: Mawile|Mawile, L50, M|100/100
|turn|2
|inactive|aquid99 has 30 seconds left.
|inactive|aquid99 has 20 seconds left.
|inactive|aquid99 has 15 seconds left.
|
|t:|1782427725
|switch|p2a: Kingambit|Kingambit, L50, M|100/100
|detailschange|p1b: Mawile|Mawile-Mega, L50, M
|-mega|p1b: Mawile|Mawile|Mawilite
|move|p1a: Farigiraf|Helping Hand|p1b: Mawile
|-singleturn|p1b: Mawile|Helping Hand|[of] p1a: Farigiraf
|move|p1b: Mawile|Play Rough|p2b: Incineroar
|-damage|p2b: Incineroar|0 fnt
|faint|p2b: Incineroar
|
|upkeep
|
|t:|1782427743
|switch|p2b: Yuta|Archaludon, L50, M|100/100
|turn|3
|inactive|aquid99 has 30 seconds left.
|
|t:|1782427770
|move|p1a: Farigiraf|Helping Hand|p1b: Mawile
|-singleturn|p1b: Mawile|Helping Hand|[of] p1a: Farigiraf
|move|p1b: Mawile|Play Rough|p2a: Kingambit
|-damage|p2a: Kingambit|12/100
|move|p2a: Kingambit|Kowtow Cleave|p1b: Mawile
|-resisted|p1b: Mawile|1
|-damage|p1b: Mawile|74/100
|-damage|p2a: Kingambit|2/100|[from] item: Life Orb
|move|p2b: Yuta|Thunderbolt|p1b: Mawile
|-damage|p1b: Mawile|29/100
|
|upkeep
|turn|4
|
|t:|1782427793
|switch|p1a: Torkoal|Torkoal, L50, M|100/100
|-weather|SunnyDay|[from] ability: Drought|[of] p1a: Torkoal
|move|p2b: Yuta|Protect|p2b: Yuta
|-singleturn|p2b: Yuta|Protect
|move|p1b: Mawile|Sucker Punch|p2a: Kingambit
|-resisted|p2a: Kingambit|1
|-damage|p2a: Kingambit|0 fnt
|faint|p2a: Kingambit
|
|-weather|SunnyDay|[upkeep]
|upkeep
|
|t:|1782427803
|switch|p2a: Basculegion|Basculegion, L50, M|100/100
|turn|5
|
|t:|1782427813
|move|p1b: Mawile|Sucker Punch|p2a: Basculegion
|-supereffective|p2a: Basculegion|1
|-damage|p2a: Basculegion|22/100
|move|p1a: Torkoal|Eruption|p2b: Yuta|[spread] p2a,p2b
|-resisted|p2a: Basculegion|1
|-damage|p2a: Basculegion|0 fnt
|-damage|p2b: Yuta|0 fnt
|faint|p2a: Basculegion
|faint|p2b: Yuta
|
|win|lolgz
|raw|lolgz's rating: 1109 → 1130(+21 for winning)
|raw|aquid99's rating: 1054 → 1039(-15 for losing)
