|j|Ōśåtheson1909
|j|ŌśåToocoolwarp6$
|html|theson1909Toocoolwarp6$    
|uhtml|bestof|Game 2 of a best-of-3
|t:|1782521965
|gametype|doubles
|player|p1|theson1909|170|1106
|player|p2|Toocoolwarp6$|backpackerf|1095
|gen|9
|tier|[Gen 9 Champions] VGC 2026 Reg M-B (Bo3)
|rated|
|rule|Species Clause: Limit one of each Pok├®mon
|rule|Item Clause: Limit 1 of each item
|clearpoke
|poke|p1|Rotom-Heat, L50|
|poke|p1|Sceptile, L50, M|
|poke|p1|Garchomp, L50, F|
|poke|p1|Floette-Eternal, L50, F|
|poke|p1|Aerodactyl, L50, F|
|poke|p1|Basculegion, L50, M|
|poke|p2|Staraptor, L50, F|
|poke|p2|Charizard, L50, F|
|poke|p2|Incineroar, L50, F|
|poke|p2|Whimsicott, L50, F|
|poke|p2|Garchomp, L50, M|
|poke|p2|Gholdengo, L50|
|teampreview|4
|showteam|p1|Rotom-Heat||ChoiceScarf|Levitate|Discharge,VoltSwitch,Overheat,WillOWisp|Modest|||||50|]Sceptile||Sceptilite|Overgrow|EarthPower,GrassKnot,DragonPulse,Protect|Timid||M|||50|]Garchomp||LifeOrb|RoughSkin|Earthquake,DragonClaw,RockSlide,Protect|Adamant||F|||50|]Floette-Eternal||Floettite|FlowerVeil|Moonblast,DazzlingGleam,CalmMind,Protect|Modest||F|||50|]Aerodactyl||FocusSash|Pressure|Tailwind,RockSlide,DualWingbeat,Protect|Jolly||F|||50|]Basculegion||SitrusBerry|Adaptability|WaveCrash,LastRespects,AquaJet,Protect|Adamant||M|||50|
|showteam|p2|Staraptor||Staraptite|Intimidate|Roost,CloseCombat,Protect,DualWingbeat|Adamant||F|||50|]Charizard||CharizarditeY|Blaze|HeatWave,WeatherBall,Protect,SolarBeam|Modest||F|||50|]Incineroar||PasshoBerry|Intimidate|FakeOut,PartingShot,FlareBlitz,DarkestLariat|Impish||F|||50|]Whimsicott||FocusSash|Prankster|Protect,Tailwind,FakeTears,Moonblast|Timid||F|||50|]Garchomp||LifeOrb|RoughSkin|Earthquake,Protect,DragonClaw,RockSlide|Jolly||M|||50|]Gholdengo||SitrusBerry|GoodasGold|NastyPlot,ShadowBall,Protect,MakeItRain|Modest|||||50|
|inactive|Battle timer is ON: inactive players will automatically lose when time's up. (requested by Toocoolwarp6$)
|inactive|Toocoolwarp6$ has 60 seconds left.
|
|t:|1782522006
|teamsize|p1|4
|teamsize|p2|4
|start
|switch|p1a: Rotom|Rotom-Heat, L50|100/100
|switch|p1b: Sceptile|Sceptile, L50, M|100/100
|switch|p2a: Whimsicott|Whimsicott, L50, F|100/100
|switch|p2b: Garchomp|Garchomp, L50, M|100/100
|turn|1
|inactive|theson1909 has 30 seconds left.
|
|t:|1782522039
|detailschange|p1b: Sceptile|Sceptile-Mega, L50, M
|-mega|p1b: Sceptile|Sceptile|Sceptilite
|move|p2a: Whimsicott|Protect|p2a: Whimsicott
|-singleturn|p2a: Whimsicott|Protect
|move|p2b: Garchomp|Protect|p2b: Garchomp
|-singleturn|p2b: Garchomp|Protect
|move|p1a: Rotom|Overheat|p2a: Whimsicott
|-activate|p2a: Whimsicott|move: Protect
|move|p1b: Sceptile|Earth Power|p2a: Whimsicott
|-activate|p2a: Whimsicott|move: Protect
|
|upkeep
|turn|2
|
|t:|1782522056
|switch|p1a: Aerodactyl|Aerodactyl, L50, F|100/100
|-ability|p1a: Aerodactyl|Pressure
|move|p1b: Sceptile|Protect|p1b: Sceptile
|-singleturn|p1b: Sceptile|Protect
|move|p2a: Whimsicott|Tailwind|p2a: Whimsicott
|-sidestart|p2: Toocoolwarp6$|move: Tailwind
|move|p2b: Garchomp|Dragon Claw|p1b: Sceptile
|-activate|p1b: Sceptile|move: Protect
|
|upkeep
|turn|3
|
|t:|1782522075
|switch|p1b: Rotom|Rotom-Heat, L50|100/100
|move|p2a: Whimsicott|Moonblast|p1a: Aerodactyl
|-damage|p1a: Aerodactyl|49/100
|move|p2b: Garchomp|Dragon Claw|p1a: Aerodactyl
|-damage|p1a: Aerodactyl|0 fnt
|faint|p1a: Aerodactyl
|-damage|p2b: Garchomp|90/100|[from] item: Life Orb
|
|upkeep
|
|t:|1782522083
|switch|p1a: Basculegion|Basculegion, L50, M|100/100
|turn|4
|
|t:|1782522099
|move|p2a: Whimsicott|Moonblast|p1a: Basculegion
|-damage|p1a: Basculegion|63/100
|move|p2b: Garchomp|Dragon Claw|p1a: Basculegion
|-damage|p1a: Basculegion|12/100
|-enditem|p1a: Basculegion|Sitrus Berry|[eat]
|-heal|p1a: Basculegion|36/100|[from] item: Sitrus Berry
|-damage|p2b: Garchomp|80/100|[from] item: Life Orb
|move|p1b: Rotom|Discharge|p2a: Whimsicott|[spread] p1a,p2a
|-immune|p2b: Garchomp
|-supereffective|p1a: Basculegion|1
|-resisted|p2a: Whimsicott|1
|-damage|p1a: Basculegion|0 fnt
|-damage|p2a: Whimsicott|75/100
|faint|p1a: Basculegion
|
|upkeep
|-message|theson1909 forfeited.
|raw|theson1909's rating: 1106 → 1080(-26 for losing)
|raw|Toocoolwarp6$'s rating: 1095 → 1122(+27 for winning)
|
|win|Toocoolwarp6$
|l|Ōśåtheson1909
|player|p1|
