|j|☆tessa scarlet
|j|☆Capravolante97
|html|tessa scarletCapravolante97    
|uhtml|bestof|Game 1 of a best-of-3
|t:|1756648316
|gametype|doubles
|player|p1|tessa scarlet|170|1476
|player|p2|Capravolante97|102|1323
|gen|9
|tier|[Gen 9] VGC 2025 Reg H (Bo3)
|rated|
|rule|Species Clause: Limit one of each Pokémon
|rule|Item Clause: Limit 1 of each item
|clearpoke
|poke|p1|Gholdengo, L50|
|poke|p1|Annihilape, L50, M|
|poke|p1|Volcarona, L50, F|
|poke|p1|Dragonite, L50, M|
|poke|p1|Ninetales-Alola, L50, M|
|poke|p1|Ursaluna-Bloodmoon, L50, M|
|poke|p2|Grimmsnarl, L50, M|
|poke|p2|Gholdengo, L50|
|poke|p2|Rillaboom, L50, F|
|poke|p2|Incineroar, L50, F|
|poke|p2|Annihilape, L50, F|
|poke|p2|Sinistcha-Masterpiece, L50|
|teampreview|4
|showteam|p1|Gholdengo||LifeOrb|GoodasGold|NastyPlot,MakeItRain,ShadowBall,Protect||||||50|,,,,,Water]Annihilape||SafetyGoggles|Defiant|DrainPunch,RageFist,BulkUp,Protect|||M|||50|,,,,,Fire]Volcarona||CovertCloak|FlameBody|StruggleBug,HeatWave,RagePowder,Tailwind|||F|||50|,,,,,Steel]Dragonite||LoadedDice|Multiscale|ScaleShot,Haze,Tailwind,Protect|||M|||50|,,,,,Steel]Ninetales-Alola||FocusSash|SnowWarning|Blizzard,IcyWind,IcicleSpear,AuroraVeil|||M|||50|,,,,,Ghost]Ursaluna-Bloodmoon||AssaultVest|MindsEye|BloodMoon,HyperVoice,EarthPower,VacuumWave|||M|||50|,,,,,Water
|showteam|p2|Grimmsnarl||LightClay|Prankster|Reflect,LightScreen,ThunderWave,SpiritBreak|||M|||50|,,,,,Ghost]Gholdengo||GrassySeed|GoodasGold|MakeItRain,ShadowBall,NastyPlot,Protect||||||50|,,,,,Water]Rillaboom||AssaultVest|GrassySurge|HighHorsepower,WoodHammer,GrassyGlide,FakeOut|||F|||50|,,,,,Water]Incineroar||SitrusBerry|Intimidate|FakeOut,KnockOff,FlareBlitz,PartingShot|||F|||50|,,,,,Grass]Annihilape||SafetyGoggles|Defiant|RageFist,Protect,DrainPunch,BulkUp|||F|||50|,,,,,Fire]Sinistcha-Masterpiece||RockyHelmet|Hospitality|MatchaGotcha,RagePowder,TrickRoom,Curse||||||50|,,,,,Dark
|
|t:|1756648364
|teamsize|p1|4
|teamsize|p2|4
|start
|switch|p1a: Annihilape|Annihilape, L50, M|100/100
|switch|p1b: Ninetales|Ninetales-Alola, L50, M|100/100
|switch|p2a: Grimmsnarl|Grimmsnarl, L50, M|100/100
|switch|p2b: Annihilape|Annihilape, L50, F|100/100
|-weather|Snowscape|[from] ability: Snow Warning|[of] p1b: Ninetales
|turn|1
|
|t:|1756648386
|-terastallize|p1a: Annihilape|Fire
|move|p2a: Grimmsnarl|Reflect|p2a: Grimmsnarl
|-sidestart|p2: Capravolante97|Reflect
|move|p1b: Ninetales|Icicle Spear|p1a: Annihilape
|-resisted|p1a: Annihilape
|-damage|p1a: Annihilape|99/100
|-resisted|p1a: Annihilape
|-damage|p1a: Annihilape|97/100
|-resisted|p1a: Annihilape
|-damage|p1a: Annihilape|94/100
|-resisted|p1a: Annihilape
|-damage|p1a: Annihilape|92/100
|-resisted|p1a: Annihilape
|-damage|p1a: Annihilape|89/100
|-hitcount|p1a: Annihilape|5
|move|p1a: Annihilape|Rage Fist|p2b: Annihilape
|-supereffective|p2b: Annihilape
|-damage|p2b: Annihilape|0 fnt
|faint|p2b: Annihilape
|
|-weather|Snowscape|[upkeep]
|upkeep
|-message|Capravolante97 forfeited.
|
|win|tessa scarlet
|l|☆Capravolante97
|player|p2|
||Capravolante97 is ready for game 2.
||tessa scarlet is ready for game 2.
|uhtml|next|Next: Game 2 of 3
