|j|☆kartana with feet
|j|☆higigig
|html|kartana with feethigigig    
|uhtml|bestof|Game 1 of a best-of-3
|t:|1757035780
|gametype|doubles
|player|p1|kartana with feet|170|1097
|player|p2|higigig|sisandbro|1091
|gen|9
|tier|[Gen 9] VGC 2025 Reg H (Bo3)
|rated|
|rule|Species Clause: Limit one of each Pokémon
|rule|Item Clause: Limit 1 of each item
|clearpoke
|poke|p1|Dondozo, L50, M|
|poke|p1|Tatsugiri, L50, F|
|poke|p1|Archaludon, L50, M|
|poke|p1|Dragonite, L50, M|
|poke|p1|Annihilape, L50, M|
|poke|p1|Volcarona, L50, F|
|poke|p2|Sneasler, L50, M|
|poke|p2|Gholdengo, L50|
|poke|p2|Amoonguss, L50, F|
|poke|p2|Incineroar, L50, F|
|poke|p2|Ursaluna-Bloodmoon, L50, M|
|poke|p2|Dragonite, L50, F|
|teampreview|4
|showteam|p1|Dondozo||CovertCloak|Unaware|WaveCrash,OrderUp,HeavySlam,Protect|||M|||50|,,,,,Steel]Tatsugiri||FocusSash|Commander|MuddyWater,DragonPulse,Taunt,Protect|||F|||50|,,,,,Ghost]Archaludon||PowerHerb|Sturdy|ElectroShot,DracoMeteor,FlashCannon,Protect|||M|||50|,,,,,Grass]Dragonite||LoadedDice|Multiscale|ScaleShot,ExtremeSpeed,Haze,Protect|||M|||50|,,,,,Fairy]Annihilape||SafetyGoggles|Defiant|CloseCombat,RageFist,Coaching,Protect|||M|||50|,,,,,Water]Volcarona||SitrusBerry|FlameBody|HeatWave,WillOWisp,Tailwind,StruggleBug|||F|||50|,,,,,Water
|showteam|p2|Sneasler||ClearAmulet|PoisonTouch|FakeOut,CloseCombat,DireClaw,Protect|||M|||50|,,,,,Water]Gholdengo||MetalCoat|GoodasGold|NastyPlot,MakeItRain,ShadowBall,Protect||||||50|,,,,,Water]Amoonguss||SitrusBerry|Regenerator|Spore,RagePowder,PollenPuff,Protect|||F|||50|,,,,,Water]Incineroar||SafetyGoggles|Intimidate|FakeOut,FlareBlitz,KnockOff,PartingShot|||F|||50|,,,,,Ghost]Ursaluna-Bloodmoon||LifeOrb|MindsEye|CalmMind,EarthPower,BloodMoon,Protect|||M|||50|,,,,,Poison]Dragonite||LoadedDice|Multiscale|ScaleShot,Haze,Tailwind,Protect|||F|||50|,,,,,Fairy
|inactive|Battle timer is ON: inactive players will automatically lose when time's up. (requested by higigig)
|inactive|higigig has 60 seconds left.
|
|t:|1757035828
|teamsize|p1|4
|teamsize|p2|4
|start
|switch|p1a: Volcarona|Volcarona, L50, F|100/100
|switch|p1b: Annihilape|Annihilape, L50, M|100/100
|switch|p2a: Dragonite|Dragonite, L50, F|100/100
|switch|p2b: Gholdengo|Gholdengo, L50|100/100
|turn|1
|inactive|kartana with feet has 30 seconds left.
|inactive|higigig has 30 seconds left.
|inactive|higigig has 20 seconds left.
|inactive|higigig has 15 seconds left.
|
|t:|1757035870
|move|p1b: Annihilape|Protect|p1b: Annihilape
|-singleturn|p1b: Annihilape|Protect
|move|p1a: Volcarona|Tailwind|p1a: Volcarona
|-sidestart|p1: kartana with feet|move: Tailwind
|move|p2b: Gholdengo|Make It Rain|p1b: Annihilape|[spread] p1a
|-activate|p1b: Annihilape|move: Protect
|-resisted|p1a: Volcarona
|-damage|p1a: Volcarona|75/100
|-unboost|p2b: Gholdengo|spa|1
|move|p2a: Dragonite|Tailwind|p2a: Dragonite
|-sidestart|p2: higigig|move: Tailwind
|
|upkeep
|turn|2
|inactive|higigig has 30 seconds left.
|inactive|higigig has 20 seconds left.
|inactive|higigig has 15 seconds left.
|
|t:|1757035912
|-terastallize|p2b: Gholdengo|Water
|move|p1a: Volcarona|Heat Wave|p2a: Dragonite|[spread] p2a,p2b
|-resisted|p2a: Dragonite
|-resisted|p2b: Gholdengo
|-damage|p2a: Dragonite|93/100
|-damage|p2b: Gholdengo|80/100
|move|p1b: Annihilape|Rage Fist|p2b: Gholdengo
|-damage|p2b: Gholdengo|57/100
|move|p2b: Gholdengo|Nasty Plot|p2b: Gholdengo
|-boost|p2b: Gholdengo|spa|2
|move|p2a: Dragonite|Scale Shot|p1a: Volcarona|[miss]
|-miss|p2a: Dragonite|p1a: Volcarona
|
|upkeep
|turn|3
|inactive|higigig has 30 seconds left.
|
|t:|1757035948
|move|p2b: Gholdengo|Protect|p2b: Gholdengo
|-singleturn|p2b: Gholdengo|Protect
|move|p1a: Volcarona|Struggle Bug|p2b: Gholdengo|[spread] p2a
|-activate|p2b: Gholdengo|move: Protect
|-resisted|p2a: Dragonite
|-damage|p2a: Dragonite|84/100
|-unboost|p2a: Dragonite|spa|1
|move|p1b: Annihilape|Close Combat|p2b: Gholdengo
|-activate|p2b: Gholdengo|move: Protect
|move|p2a: Dragonite|Scale Shot|p1a: Volcarona
|-damage|p1a: Volcarona|55/100
|-damage|p1a: Volcarona|39/100
|-enditem|p1a: Volcarona|Sitrus Berry|[eat]
|-heal|p1a: Volcarona|64/100|[from] item: Sitrus Berry
|-damage|p1a: Volcarona|44/100
|-damage|p1a: Volcarona|27/100
|-damage|p1a: Volcarona|9/100
|-hitcount|p1a: Volcarona|5
|-unboost|p2a: Dragonite|def|1
|-boost|p2a: Dragonite|spe|1
|
|upkeep
|turn|4
|inactive|higigig has 30 seconds left.
|
|t:|1757035982
|move|p2a: Dragonite|Scale Shot|p1a: Volcarona|[miss]
|-miss|p2a: Dragonite|p1a: Volcarona
|move|p1a: Volcarona|Will-O-Wisp|p2a: Dragonite
|-status|p2a: Dragonite|brn
|move|p1b: Annihilape|Close Combat|p2b: Gholdengo
|-damage|p2b: Gholdengo|0 fnt
|-unboost|p1b: Annihilape|def|1
|-unboost|p1b: Annihilape|spd|1
|faint|p2b: Gholdengo
|
|-damage|p2a: Dragonite|78/100 brn|[from] brn
|-sideend|p2: higigig|move: Tailwind
|-sideend|p1: kartana with feet|move: Tailwind
|upkeep
|-message|higigig forfeited.
|raw|kartana with feet's rating: 1097 → 1122(+25 for winning)
|raw|higigig's rating: 1091 → 1068(-23 for losing)
|
|win|kartana with feet
