|j|☆Barri Deagol
|j|☆EESBen7811
|html|Barri DeagolEESBen7811    
|uhtml|bestof|Game 2 of a best-of-3
|t:|1756302478
|gametype|doubles
|player|p1|Barri Deagol|brycenman|1115
|player|p2|EESBen7811|170|1000
|gen|9
|tier|[Gen 9] VGC 2025 Reg H (Bo3)
|rated|
|rule|Species Clause: Limit one of each Pokémon
|rule|Item Clause: Limit 1 of each item
|clearpoke
|poke|p1|Incineroar, L50, M|
|poke|p1|Pelipper, L50, M|
|poke|p1|Basculegion, L50, M|
|poke|p1|Amoonguss, L50, F|
|poke|p1|Maushold-Four, L50|
|poke|p1|Archaludon, L50, M|
|poke|p2|Incineroar, L50, F|
|poke|p2|Sneasler, L50, F|
|poke|p2|Sylveon, L50, F|
|poke|p2|Persian, L50, F|
|poke|p2|Zangoose, L50, M|
|poke|p2|Glaceon, L50, M|
|teampreview|4
|showteam|p1|Incineroar||SafetyGoggles|Intimidate|FakeOut,FlareBlitz,KnockOff,PartingShot|||M|||50|,,,,,Ghost]Pelipper||FocusSash|Drizzle|Hurricane,WeatherBall,Tailwind,Protect|||M|||50|,,,,,Ghost]Basculegion||MysticWater|SwiftSwim|Protect,WaveCrash,AquaJet,LastRespects|||M|||50|,,,,,Water]Amoonguss||SitrusBerry|Regenerator|Spore,RagePowder,PollenPuff,ClearSmog|||F|||50|,,,,,Water]Maushold-Four||WideLens|Technician|PopulationBomb,FollowMe,Taunt,Protect||||||50|,,,,,Grass]Archaludon||AssaultVest|Stamina|ElectroShot,DragonPulse,FlashCannon,BodyPress|||M|||50|,,,,,Grass
|showteam|p2|Incineroar||CovertCloak|Intimidate|KnockOff,FakeOut,FlareBlitz,PartingShot|||F|||50|,,,,,Ghost]Sneasler||SitrusBerry|Unburden|DireClaw,ThroatChop,CloseCombat,Protect|||F|||50|,,,,,Steel]Sylveon||Leftovers|Pixilate|HyperVoice,Protect,ShadowBall,Psychic|||F|||50|,,,,,Fairy]Persian||ClearAmulet|Technician|FakeOut,AerialAce,Protect,KnockOff|||F|||50|,,,,,Normal]Zangoose||ToxicOrb|ToxicBoost|Facade,CloseCombat,Protect,Taunt|||M|||50|,,,,,Normal]Glaceon||AssaultVest|IceBody|IcyWind,Blizzard,HelpingHand,Protect|||M|||50|,,,,,Ice
|inactive|Battle timer is ON: inactive players will automatically lose when time's up. (requested by EESBen7811)
|
|t:|1756302527
|teamsize|p1|4
|teamsize|p2|4
|start
|switch|p1a: Incineroar|Incineroar, L50, M|100/100
|switch|p1b: Maushold|Maushold-Four, L50|100/100
|switch|p2a: Wrestling Kitty|Incineroar, L50, F|100/100
|switch|p2b: Frozen Kitty|Glaceon, L50, M|100/100
|-ability|p2a: Wrestling Kitty|Intimidate|boost
|-unboost|p1a: Incineroar|atk|1
|-unboost|p1b: Maushold|atk|1
|-ability|p1a: Incineroar|Intimidate|boost
|-unboost|p2a: Wrestling Kitty|atk|1
|-unboost|p2b: Frozen Kitty|atk|1
|turn|1
|inactive|Barri Deagol has 30 seconds left.
|
|t:|1756302556
|switch|p1b: Archaludon|Archaludon, L50, M|100/100
|move|p2a: Wrestling Kitty|Flare Blitz|p1b: Archaludon
|-damage|p1b: Archaludon|75/100
|-ability|p1b: Archaludon|Stamina|boost
|-boost|p1b: Archaludon|def|1
|-damage|p2a: Wrestling Kitty|92/100|[from] Recoil
|move|p1a: Incineroar|Flare Blitz|p2b: Frozen Kitty
|-supereffective|p2b: Frozen Kitty
|-damage|p2b: Frozen Kitty|20/100
|-status|p2b: Frozen Kitty|brn
|-damage|p1a: Incineroar|77/100|[from] Recoil
|move|p2b: Frozen Kitty|Icy Wind|p1a: Incineroar|[spread] p1a,p1b
|-resisted|p1a: Incineroar
|-damage|p1a: Incineroar|66/100
|-damage|p1b: Archaludon|59/100
|-unboost|p1a: Incineroar|spe|1
|-unboost|p1b: Archaludon|spe|1
|-ability|p1b: Archaludon|Stamina|boost
|-boost|p1b: Archaludon|def|1
|
|-damage|p2b: Frozen Kitty|14/100 brn|[from] brn
|upkeep
|turn|2
|inactive|Barri Deagol has 30 seconds left.
|inactive|EESBen7811 has 30 seconds left.
|
|t:|1756302588
|move|p2a: Wrestling Kitty|Knock Off|p1a: Incineroar
|-resisted|p1a: Incineroar
|-damage|p1a: Incineroar|52/100
|-enditem|p1a: Incineroar|Safety Goggles|[from] move: Knock Off|[of] p2a: Wrestling Kitty
|move|p2b: Frozen Kitty|Blizzard|p1b: Archaludon|[spread] p1a
|-miss|p2b: Frozen Kitty|p1b: Archaludon
|-resisted|p1a: Incineroar
|-damage|p1a: Incineroar|31/100
|move|p1b: Archaludon|Body Press|p2a: Wrestling Kitty
|-supereffective|p2a: Wrestling Kitty
|-damage|p2a: Wrestling Kitty|1/100
|move|p1a: Incineroar|Flare Blitz|p2b: Frozen Kitty
|-supereffective|p2b: Frozen Kitty
|-damage|p2b: Frozen Kitty|0 fnt
|faint|p2b: Frozen Kitty
|-damage|p1a: Incineroar|27/100|[from] Recoil
|
|upkeep
|
|t:|1756302603
|switch|p2b: Spiky Kitty|Zangoose, L50, M|100/100
|turn|3
|
|t:|1756302623
|switch|p1a: Pelipper|Pelipper, L50, M|100/100
|-weather|RainDance|[from] ability: Drizzle|[of] p1a: Pelipper
|move|p2b: Spiky Kitty|Close Combat|p1b: Archaludon
|-supereffective|p1b: Archaludon
|-damage|p1b: Archaludon|32/100
|-unboost|p2b: Spiky Kitty|def|1
|-unboost|p2b: Spiky Kitty|spd|1
|-ability|p1b: Archaludon|Stamina|boost
|-boost|p1b: Archaludon|def|1
|move|p2a: Wrestling Kitty|Knock Off|p1b: Archaludon
|-damage|p1b: Archaludon|23/100
|-ability|p1b: Archaludon|Stamina|boost
|-boost|p1b: Archaludon|def|1
|-enditem|p1b: Archaludon|Assault Vest|[from] move: Knock Off|[of] p2a: Wrestling Kitty
|move|p1b: Archaludon|Body Press|p2b: Spiky Kitty
|-supereffective|p2b: Spiky Kitty
|-damage|p2b: Spiky Kitty|0 fnt
|faint|p2b: Spiky Kitty
|
|-weather|RainDance|[upkeep]
|upkeep
|
|t:|1756302642
|switch|p2b: Poison Kitty|Sneasler, L50, F|100/100
|turn|4
|
|t:|1756302662
|switch|p1b: Incineroar|Incineroar, L50, M|27/100
|-ability|p1b: Incineroar|Intimidate|boost
|-unboost|p2a: Wrestling Kitty|atk|1
|-unboost|p2b: Poison Kitty|atk|1
|move|p2b: Poison Kitty|Close Combat|p1b: Incineroar
|-supereffective|p1b: Incineroar
|-damage|p1b: Incineroar|0 fnt
|-unboost|p2b: Poison Kitty|def|1
|-unboost|p2b: Poison Kitty|spd|1
|faint|p1b: Incineroar
|move|p1a: Pelipper|Tailwind|p1a: Pelipper
|-sidestart|p1: Barri Deagol|move: Tailwind
|move|p2a: Wrestling Kitty|Knock Off|p1a: Pelipper
|-damage|p1a: Pelipper|74/100
|-enditem|p1a: Pelipper|Focus Sash|[from] move: Knock Off|[of] p2a: Wrestling Kitty
|
|-weather|RainDance|[upkeep]
|upkeep
|-message|EESBen7811 forfeited.
|
|win|Barri Deagol
|raw|Barri Deagol's rating: 1115 → 1132(+17 for winning)
|raw|EESBen7811's rating: 1000 → 1000(+0 for losing)
|l|☆EESBen7811
|player|p2|
