|j|☆volkron zz
|j|☆lux raymundi
|html|volkron zzlux raymundi    
|uhtml|bestof|Game 2 of a best-of-3
|t:|1782679410
|gametype|doubles
|player|p1|volkron zz|heroine2-conquest|1114
|player|p2|lux raymundi|169|1218
|gen|9
|tier|[Gen 9 Champions] VGC 2026 Reg M-B (Bo3)
|rated|
|rule|Species Clause: Limit one of each Pokémon
|rule|Item Clause: Limit 1 of each item
|clearpoke
|poke|p1|Decidueye, L50, F|
|poke|p1|Araquanid, L50, F|
|poke|p1|Heliolisk, L50, F|
|poke|p1|Pelipper, L50, F|
|poke|p1|Garchomp, L50, F|
|poke|p1|Lucario, L50, F|
|poke|p2|Garchomp, L50, M|
|poke|p2|Sneasler, L50, M|
|poke|p2|Sinistcha, L50|
|poke|p2|Eelektross, L50, F|
|poke|p2|Delphox, L50, M|
|poke|p2|Basculegion, L50, M|
|teampreview|4
|showteam|p1|Decidueye||SpellTag|LongReach|SpiritShackle,LeafBlade,Protect,ShadowSneak|Adamant||F|||50|]Araquanid||Leftovers|WaterBubble|WideGuard,Liquidation,BugBite,Soak|Brave||F|||50|]Heliolisk||ChoiceScarf|DrySkin|GrassKnot,Thunderbolt,Electrify,ShedTail|Timid||F|||50|]Pelipper||FocusSash|Drizzle|Tailwind,WideGuard,Hurricane,WeatherBall|Timid||F|||50|]Garchomp||LifeOrb|RoughSkin|Earthquake,DragonClaw,RockSlide,Protect|Jolly||F|||50|]Lucario||Lucarionite|Steadfast|AuraSphere,FlashCannon,Coaching,Protect|Timid||F|||50|
|showteam|p2|Garchomp||LifeOrb|RoughSkin|Earthquake,RockTomb,DragonClaw,Protect|Jolly||M|||50|]Sneasler||FocusSash|Unburden|FakeOut,CloseCombat,DireClaw,Protect|Jolly||M|||50|]Sinistcha||SitrusBerry|Hospitality|MatchaGotcha,RagePowder,TrickRoom,Protect|Bold|||||50|]Eelektross||Eelektrossite|Levitate|Protect,Electroweb,Flamethrower,Thunderbolt|Timid||F|||50|]Delphox||Delphoxite|Blaze|NastyPlot,HeatWave,Psychic,Protect|Timid||M|||50|]Basculegion||ChoiceScarf|Adaptability|FlipTurn,AquaJet,WaveCrash,LastRespects|Jolly||M|||50|
|inactive|Battle timer is ON: inactive players will automatically lose when time's up. (requested by volkron zz)
|inactive|volkron zz has 60 seconds left.
|
|t:|1782679441
|teamsize|p1|4
|teamsize|p2|4
|start
|switch|p1a: Decidueye|Decidueye, L50, F|100/100
|switch|p1b: Araquanid|Araquanid, L50, F|100/100
|switch|p2a: Sneasler|Sneasler, L50, M|100/100
|switch|p2b: Eelektross|Eelektross, L50, F|100/100
|turn|1
|
|t:|1782679475
|detailschange|p2b: Eelektross|Eelektross-Mega, L50, F
|-mega|p2b: Eelektross|Eelektross|Eelektrossite
|move|p2a: Sneasler|Dire Claw|p1a: Decidueye
|-damage|p1a: Decidueye|44/100
|move|p2b: Eelektross|Flamethrower|p1a: Decidueye
|-supereffective|p1a: Decidueye|1
|-damage|p1a: Decidueye|0 fnt
|faint|p1a: Decidueye
|-ability|p2b: Eelektross|Eelevate|boost
|-boost|p2b: Eelektross|spa|1
|move|p1b: Araquanid|Soak|p2b: Eelektross
|-start|p2b: Eelektross|typechange|Water
|
|upkeep
|
|t:|1782679485
|switch|p1a: Lucario|Lucario, L50, F|100/100
|turn|2
|-message|volkron zz forfeited.
|raw|volkron zz's rating: 1114 → 1096(-18 for losing)
|raw|lux raymundi's rating: 1218 → 1236(+18 for winning)
|
|win|lux raymundi
