|j|☆puppeteer35
|j|☆new mental
|html|puppeteer35new mental    
|uhtml|bestof|Game 3 of a best-of-3
|t:|1783419692
|gametype|doubles
|player|p1|puppeteer35|colress|1195
|player|p2|new mental|volkner|1392
|gen|9
|tier|[Gen 9 Champions] VGC 2026 Reg M-B (Bo3)
|rated|
|rule|Species Clause: Limit one of each Pokémon
|rule|Item Clause: Limit 1 of each item
|clearpoke
|poke|p1|Froslass, L50, F, shiny|
|poke|p1|Whimsicott, L50, F, shiny|
|poke|p1|Blastoise, L50, M|
|poke|p1|Farigiraf, L50, M|
|poke|p1|Arcanine-Hisui, L50, F|
|poke|p1|Hatterene, L50, F, shiny|
|poke|p2|Aerodactyl, L50, F|
|poke|p2|Garchomp, L50, F|
|poke|p2|Kingambit, L50, F|
|poke|p2|Charizard, L50, F|
|poke|p2|Sylveon, L50, M|
|poke|p2|Farigiraf, L50, F|
|teampreview|4
|showteam|p1|Froslass||Froslassite|SnowCloak|Blizzard,ShadowBall,AuroraVeil,Protect|Modest||F|||50|]Whimsicott||FairyFeather|Prankster|Encore,Moonblast,Tailwind,EnergyBall|Bold||F|||50|]Blastoise||Blastoisinite|Torrent|WaterSpout,DarkPulse,AuraSphere,FakeOut|Quiet||M|||50|]Farigiraf||ColburBerry|ArmorTail|PsychicNoise,HelpingHand,RainDance,TrickRoom|Relaxed||M|||50|]Arcanine-Hisui||FocusSash|RockHead|FlareBlitz,HeadSmash,ExtremeSpeed,Protect|Jolly||F|||50|]Hatterene||LifeOrb|MagicBounce|Psychic,DazzlingGleam,TrickRoom,Protect|Quiet||F|||50|
|showteam|p2|Aerodactyl||Aerodactylite|Unnerve|IceFang,RockSlide,Tailwind,DualWingbeat|Jolly||F|||50|]Garchomp||LifeOrb|RoughSkin|DragonClaw,StompingTantrum,Earthquake,Protect|Jolly||F|||50|]Kingambit||FocusSash|Defiant|SuckerPunch,KowtowCleave,IronHead,LowKick|Adamant||F|||50|]Charizard||CharizarditeY|SolarPower|Protect,HeatWave,SolarBeam,WeatherBall|Timid||F|||50|]Sylveon||FairyFeather|Pixilate|Protect,HyperVoice,HyperBeam,QuickAttack|Modest||M|||50|]Farigiraf||SitrusBerry|ArmorTail|TrickRoom,Thunderbolt,Psychic,Roar|Bold||F|||50|
|inactive|Battle timer is ON: inactive players will automatically lose when time's up. (requested by puppeteer35)
|
|t:|1783419712
|teamsize|p1|4
|teamsize|p2|4
|start
|switch|p1a: Farigiraf|Farigiraf, L50, M|100/100
|switch|p1b: Blastoise|Blastoise, L50, M|100/100
|switch|p2a: Sylveon|Sylveon, L50, M|100/100
|switch|p2b: Farigiraf|Farigiraf, L50, F|100/100
|turn|1
|
|t:|1783419727
|detailschange|p1b: Blastoise|Blastoise-Mega, L50, M
|-mega|p1b: Blastoise|Blastoise|Blastoisinite
|move|p2a: Sylveon|Hyper Voice|p1a: Farigiraf|[spread] p1a,p1b
|-crit|p1b: Blastoise
|-damage|p1a: Farigiraf|53/100
|-damage|p1b: Blastoise|41/100
|move|p1b: Blastoise|Water Spout|p2b: Farigiraf|[spread] p2a,p2b
|-damage|p2a: Sylveon|75/100
|-damage|p2b: Farigiraf|75/100
|move|p2b: Farigiraf|Trick Room|p2b: Farigiraf
|-fieldstart|move: Trick Room|[of] p2b: Farigiraf
|move|p1a: Farigiraf|Trick Room|p1a: Farigiraf
|-fieldend|move: Trick Room
|
|upkeep
|turn|2
|
|t:|1783419744
|move|p2a: Sylveon|Hyper Voice|p1b: Blastoise|[spread] p1a,p1b
|-damage|p1a: Farigiraf|10/100
|-damage|p1b: Blastoise|0 fnt
|faint|p1b: Blastoise
|move|p2b: Farigiraf|Psychic|p1a: Farigiraf
|-resisted|p1a: Farigiraf|1
|-damage|p1a: Farigiraf|0 fnt
|faint|p1a: Farigiraf
|
|upkeep
|
|t:|1783419752
|switch|p1b: Hatterene|Hatterene, L50, F, shiny|100/100
|switch|p1a: Arcanine|Arcanine-Hisui, L50, F|100/100
|turn|3
|
|t:|1783419773
|move|p1a: Arcanine|Head Smash|p2a: Sylveon|[miss]
|-miss|p1a: Arcanine|p2a: Sylveon
|move|p2a: Sylveon|Hyper Voice|p1a: Arcanine|[spread] p1a,p1b
|-resisted|p1a: Arcanine|1
|-damage|p1a: Arcanine|72/100
|-damage|p1b: Hatterene|51/100
|move|p2b: Farigiraf|Psychic|p1a: Arcanine
|-damage|p1a: Arcanine|29/100
|-unboost|p1a: Arcanine|spd|1
|move|p1b: Hatterene|Trick Room|p1b: Hatterene
|-fieldstart|move: Trick Room|[of] p1b: Hatterene
|
|upkeep
|turn|4
|
|t:|1783419787
|move|p1b: Hatterene|Dazzling Gleam|p2b: Farigiraf|[spread] p2a,p2b
|-damage|p2a: Sylveon|36/100
|-damage|p2b: Farigiraf|28/100
|-enditem|p2b: Farigiraf|Sitrus Berry|[eat]
|-heal|p2b: Farigiraf|53/100|[from] item: Sitrus Berry
|-damage|p1b: Hatterene|42/100|[from] item: Life Orb
|move|p2b: Farigiraf|Psychic|p1b: Hatterene
|-resisted|p1b: Hatterene|1
|-damage|p1b: Hatterene|24/100
|move|p2a: Sylveon|Hyper Voice|p1b: Hatterene|[spread] p1a,p1b
|-resisted|p1a: Arcanine|1
|-damage|p1a: Arcanine|0 fnt
|-damage|p1b: Hatterene|0 fnt
|faint|p1a: Arcanine
|faint|p1b: Hatterene
|
|win|new mental
|raw|puppeteer35's rating: 1195 → 1183(-12 for losing)
|raw|new mental's rating: 1392 → 1402(+10 for winning)
