|j|☆RagingJudge
|j|☆Dwsliver
|html|RagingJudgeDwsliver    
|uhtml|bestof|Game 1 of a best-of-3
|t:|1757644814
|gametype|doubles
|player|p1|RagingJudge|silver|1153
|player|p2|Dwsliver|169|1151
|gen|9
|tier|[Gen 9] VGC 2025 Reg H (Bo3)
|rated|
|rule|Species Clause: Limit one of each Pokémon
|rule|Item Clause: Limit 1 of each item
|clearpoke
|poke|p1|Pelipper, L50, M|
|poke|p1|Archaludon, L50, M|
|poke|p1|Kingdra, L50, M|
|poke|p1|Illumise, L50, F|
|poke|p1|Rillaboom, L50, M|
|poke|p1|Sneasler, L50, F|
|poke|p2|Whimsicott, L50, M|
|poke|p2|Pelipper, L50, M|
|poke|p2|Incineroar, L50, M|
|poke|p2|Indeedee, L50, M|
|poke|p2|Basculegion, L50, M|
|poke|p2|Archaludon, L50, M|
|teampreview|4
|showteam|p1|Pelipper||ChoiceScarf|Drizzle|Hurricane,MuddyWater,Uturn,WeatherBall|||M|||50|,,,,,Water]Archaludon||AssaultVest|Stamina|ElectroShot,FlashCannon,DracoMeteor,BodyPress|||M|||50|,,,,,Fairy]Kingdra||LifeOrb|SwiftSwim|Scald,DracoMeteor,Hurricane,Protect|||M|||50|,,,,,Stellar]Illumise||CovertCloak|Prankster|Tailwind,RainDance,StruggleBug,FakeTears|||F|||50|,,,,,Dark]Rillaboom||LoadedDice|GrassySurge|FakeOut,GrassyGlide,BulletSeed,HighHorsepower|||M|||50|,,,,,Fire]Sneasler||FocusSash|Unburden|DireClaw,Protect,Coaching,CloseCombat|||F|||50|,,,,,Ghost
|showteam|p2|Whimsicott||CovertCloak|Prankster|Taunt,Tailwind,Encore,Moonblast|||M|||50|,,,,,Steel]Pelipper||FocusSash|Drizzle|Tailwind,Protect,Hurricane,WeatherBall|||M|||50|,,,,,Grass]Incineroar||SafetyGoggles|Intimidate|Uturn,FakeOut,KnockOff,FlareBlitz|||M|||50|,,,,,Ghost]Indeedee||PsychicSeed|PsychicSurge|ExpandingForce,TeraBlast,Imprison,TrickRoom|||M|||50|,,,,,Ground]Basculegion||LifeOrb|SwiftSwim|WaveCrash,LastRespects,FlipTurn,Protect|||M|||50|,,,,,Water]Archaludon||AssaultVest|Stamina|ElectroShot,BodyPress,DracoMeteor,Snarl|||M|||50|,,,,,Fighting
|
|t:|1757644860
|teamsize|p1|4
|teamsize|p2|4
|start
|switch|p1a: Illumise|Illumise, L50, F|100/100
|switch|p1b: Pelipper|Pelipper, L50, M|100/100
|switch|p2a: Whimsicott|Whimsicott, L50, M, shiny|100/100
|switch|p2b: Archaludon|Archaludon, L50, M, shiny|100/100
|-weather|RainDance|[from] ability: Drizzle|[of] p1b: Pelipper
|turn|1
|
|t:|1757644897
|move|p2a: Whimsicott|Taunt|p1a: Illumise
|-start|p1a: Illumise|move: Taunt
|cant|p1a: Illumise|move: Taunt|Tailwind
|move|p1b: Pelipper|U-turn|p2a: Whimsicott
|-damage|p2a: Whimsicott|88/100
|
|t:|1757644902
|switch|p1b: Rillaboom|Rillaboom, L50, M|100/100|[from] U-turn
|-fieldstart|move: Grassy Terrain|[from] ability: Grassy Surge|[of] p1b: Rillaboom
|move|p2b: Archaludon|Electro Shot||[still]
|-prepare|p2b: Archaludon|Electro Shot
|-boost|p2b: Archaludon|spa|1
|-anim|p2b: Archaludon|Electro Shot|p1b: Rillaboom
|-resisted|p1b: Rillaboom
|-damage|p1b: Rillaboom|70/100
|
|-weather|RainDance|[upkeep]
|-heal|p2a: Whimsicott|94/100|[from] Grassy Terrain
|-heal|p1b: Rillaboom|76/100|[from] Grassy Terrain
|upkeep
|turn|2
|
|t:|1757644936
|-terastallize|p2b: Archaludon|Fighting
|move|p2a: Whimsicott|Tailwind|p2a: Whimsicott
|-sidestart|p2: Dwsliver|move: Tailwind
|move|p2b: Archaludon|Draco Meteor|p1b: Rillaboom
|-damage|p1b: Rillaboom|0 fnt
|-unboost|p2b: Archaludon|spa|2
|faint|p1b: Rillaboom
|move|p1a: Illumise|Struggle Bug|p2a: Whimsicott|[spread] p2a,p2b
|-resisted|p2b: Archaludon
|-damage|p2a: Whimsicott|78/100
|-damage|p2b: Archaludon|96/100
|-unboost|p2b: Archaludon|spa|1
|-ability|p2b: Archaludon|Stamina|boost
|-boost|p2b: Archaludon|def|1
|
|-weather|RainDance|[upkeep]
|-heal|p2a: Whimsicott|83/100|[from] Grassy Terrain
|-heal|p2b: Archaludon|100/100|[from] Grassy Terrain
|upkeep
|
|t:|1757644945
|switch|p1b: Kingdra|Kingdra, L50, M|100/100
|turn|3
|
|t:|1757644963
|switch|p1a: Pelipper|Pelipper, L50, M|100/100
|move|p2a: Whimsicott|Moonblast|p1b: Kingdra
|-supereffective|p1b: Kingdra
|-damage|p1b: Kingdra|7/100
|-unboost|p1b: Kingdra|spa|1
|move|p1b: Kingdra|Hurricane|p2b: Archaludon
|-supereffective|p2b: Archaludon
|-damage|p2b: Archaludon|50/100
|-start|p2b: Archaludon|confusion
|-ability|p2b: Archaludon|Stamina|boost
|-boost|p2b: Archaludon|def|1
|-damage|p1b: Kingdra|0 fnt|[from] item: Life Orb
|faint|p1b: Kingdra
|-activate|p2b: Archaludon|confusion
|move|p2b: Archaludon|Electro Shot||[still]
|-prepare|p2b: Archaludon|Electro Shot
|-boost|p2b: Archaludon|spa|1
|-anim|p2b: Archaludon|Electro Shot|p1a: Pelipper
|-supereffective|p1a: Pelipper
|-damage|p1a: Pelipper|0 fnt
|faint|p1a: Pelipper
|
|-weather|RainDance|[upkeep]
|-heal|p2a: Whimsicott|89/100|[from] Grassy Terrain
|-heal|p2b: Archaludon|56/100|[from] Grassy Terrain
|upkeep
|-message|RagingJudge forfeited.
|
|win|Dwsliver
|l|☆RagingJudge
|player|p1|
||RagingJudge is ready for game 2.
||Dwsliver is ready for game 2.
|uhtml|next|Next: Game 2 of 3
|l|☆Dwsliver
|player|p2|
|j|☆RagingJudge
|player|p1|RagingJudge|silver|
