|j|☆Huasometa
|j|☆drifterking40
|html|Huasometadrifterking40    
|uhtml|bestof|Game 1 of a best-of-3
|t:|1783649448
|gametype|doubles
|player|p1|Huasometa|elesa|1144
|player|p2|drifterking40|cyclist-gen4|1056
|gen|9
|tier|[Gen 9 Champions] VGC 2026 Reg M-B (Bo3)
|rated|
|rule|Species Clause: Limit one of each Pokémon
|rule|Item Clause: Limit 1 of each item
|clearpoke
|poke|p1|Chandelure, L50, F|
|poke|p1|Kangaskhan, L50, F|
|poke|p1|Sylveon, L50, M|
|poke|p1|Kingambit, L50, M|
|poke|p1|Rotom-Wash, L50|
|poke|p1|Venusaur, L50, M|
|poke|p2|Delphox, L50, M|
|poke|p2|Garchomp, L50, F|
|poke|p2|Maushold-Four, L50|
|poke|p2|Tyranitar, L50, F|
|poke|p2|Tsareena, L50, F|
|poke|p2|Raichu, L50, F|
|teampreview|4
|showteam|p1|Chandelure||FocusSash|FlashFire|HeatWave,ShadowBall,TrickRoom,Taunt|Quiet||F|||50|]Kangaskhan||Kangaskhanite|InnerFocus|FakeOut,DoubleEdge,SuckerPunch,HammerArm|Brave||F|||50|]Sylveon||FairyFeather|Pixilate|HyperVoice,Protect,HyperBeam,QuickAttack|Quiet||M|||50|]Kingambit||BlackGlasses|Defiant|KowtowCleave,SuckerPunch,IronHead,Protect|Brave||M|||50|]Rotom-Wash||SitrusBerry|Levitate|ThunderWave,VoltSwitch,HydroPump,Protect|Calm|||||50|]Venusaur||Venusaurite|Chlorophyll|EarthPower,SleepPowder,GigaDrain,Protect|Modest||M|||50|
|showteam|p2|Delphox||Delphoxite|Blaze|Psychic,HeatWave,Protect,Encore|Timid||M|||50|]Garchomp||Garchompite|RoughSkin|StompingTantrum,Protect,Earthquake,RockSlide|Adamant||F|||50|]Maushold-Four||FocusSash|FriendGuard|BatonPass,TidyUp,Substitute,SuperFang|Timid|||||50|]Tyranitar||Tyranitarite|SandStream|RockSlide,LowKick,KnockOff,Protect|Brave||F|||50|]Tsareena||OccaBerry|QueenlyMajesty|Uturn,HelpingHand,Acupressure,TropKick|Adamant||F|||50|]Raichu||RaichuniteY|LightningRod|FakeOut,ZapCannon,Thunderbolt,Encore|Timid||F|||50|
|inactive|Battle timer is ON: inactive players will automatically lose when time's up. (requested by drifterking40)
|inactive|Huasometa has 60 seconds left.
|inactive|drifterking40 has 60 seconds left.
|inactive|drifterking40 has 30 seconds left.
|inactive|drifterking40 has 20 seconds left.
|inactive|drifterking40 has 15 seconds left.
|inactive|drifterking40 has 10 seconds left.
|inactive|drifterking40 has 5 seconds left.
|
|t:|1783649538
|teamsize|p1|4
|teamsize|p2|4
|start
|switch|p1a: Chandelure|Chandelure, L50, F|100/100
|switch|p1b: Kangaskhan|Kangaskhan, L50, F|100/100
|switch|p2a: Delphox|Delphox, L50, M|100/100
|switch|p2b: Garchomp|Garchomp, L50, F|100/100
|turn|1
|inactive|Huasometa has 30 seconds left.
|inactive|drifterking40 has 30 seconds left.
|inactive|Huasometa has 20 seconds left.
|inactive|Huasometa has 15 seconds left.
|inactive|Huasometa has 10 seconds left.
|inactive|Huasometa has 5 seconds left.
|inactive|drifterking40 has 20 seconds left.
|inactive|drifterking40 has 15 seconds left.
|
|t:|1783649600
|move|p1b: Kangaskhan|Fake Out|p2b: Garchomp
|-damage|p2b: Garchomp|84/100
|-damage|p1b: Kangaskhan|87/100|[from] ability: Rough Skin|[of] p2b: Garchomp
|move|p2a: Delphox|Encore|p1b: Kangaskhan
|-start|p1b: Kangaskhan|Encore
|cant|p2b: Garchomp|flinch
|move|p1a: Chandelure|Trick Room|p1a: Chandelure
|-fieldstart|move: Trick Room|[of] p1a: Chandelure
|
|upkeep
|turn|2
|inactive|Huasometa has 30 seconds left.
|inactive|drifterking40 has 30 seconds left.
|inactive|drifterking40 has 20 seconds left.
|
|t:|1783649635
|detailschange|p2a: Delphox|Delphox-Mega, L50, M
|-mega|p2a: Delphox|Delphox|Delphoxite
|move|p1a: Chandelure|Shadow Ball|p2a: Delphox
|-supereffective|p2a: Delphox|1
|-damage|p2a: Delphox|0 fnt
|faint|p2a: Delphox
|-activate|p1b: Kangaskhan|move: Struggle
|move|p1b: Kangaskhan|Struggle|p2b: Garchomp
|-damage|p2b: Garchomp|71/100
|-damage|p1b: Kangaskhan|75/100|[from] ability: Rough Skin|[of] p2b: Garchomp
|-damage|p1b: Kangaskhan|50/100g|[from] recoil
|move|p2b: Garchomp|Earthquake|p1a: Chandelure|[spread] p1a,p1b
|-supereffective|p1a: Chandelure|1
|-damage|p1a: Chandelure|5/100
|-damage|p1b: Kangaskhan|13/100
|
|upkeep
|inactive|drifterking40 has 30 seconds left.
|
|t:|1783649660
|switch|p2a: Tyranitar|Tyranitar, L50, F|100/100
|-weather|Sandstorm|[from] ability: Sand Stream|[of] p2a: Tyranitar
|turn|3
|
|t:|1783649684
|move|p2a: Tyranitar|Rock Slide|p1b: Kangaskhan|[spread] p1a,p1b
|-supereffective|p1a: Chandelure|1
|-damage|p1a: Chandelure|0 fnt
|-damage|p1b: Kangaskhan|0 fnt
|faint|p1a: Chandelure
|faint|p1b: Kangaskhan
|move|p2b: Garchomp|Stomping Tantrum|p1: Chandelure|[notarget]
|-fail|p2b: Garchomp
|
|-weather|Sandstorm|[upkeep]
|upkeep
|
|t:|1783649690
|switch|p1a: Sylveon|Sylveon, L50, M|100/100
|switch|p1b: Kingambit|Kingambit, L50, M|100/100
|turn|4
|
|t:|1783649709
|move|p2a: Tyranitar|Protect|p2a: Tyranitar
|-singleturn|p2a: Tyranitar|Protect
|move|p2b: Garchomp|Protect|p2b: Garchomp
|-singleturn|p2b: Garchomp|Protect
|move|p1b: Kingambit|Iron Head|p2a: Tyranitar
|-activate|p2a: Tyranitar|move: Protect
|move|p1a: Sylveon|Hyper Voice|p2b: Garchomp|[spread] 
|-activate|p2a: Tyranitar|move: Protect
|-activate|p2b: Garchomp|move: Protect
|
|-weather|Sandstorm|[upkeep]
|-damage|p1a: Sylveon|94/100|[from] Sandstorm
|upkeep
|turn|5
|inactive|drifterking40 has 30 seconds left.
|
|t:|1783649735
|switch|p2b: Maushold|Maushold-Four, L50|100/100
|move|p1b: Kingambit|Iron Head|p2a: Tyranitar
|-supereffective|p2a: Tyranitar|1
|-damage|p2a: Tyranitar|42/100
|move|p1a: Sylveon|Hyper Voice|p2a: Tyranitar|[spread] p2a,p2b
|-supereffective|p2a: Tyranitar|1
|-damage|p2a: Tyranitar|3/100
|-damage|p2b: Maushold|41/100
|move|p2a: Tyranitar|Low Kick|p1b: Kingambit
|-supereffective|p1b: Kingambit|2
|-damage|p1b: Kingambit|0 fnt
|faint|p1b: Kingambit
|
|-weather|Sandstorm|[upkeep]
|-damage|p1a: Sylveon|88/100|[from] Sandstorm
|-damage|p2b: Maushold|35/100|[from] Sandstorm
|-fieldend|move: Trick Room
|upkeep
|turn|6
|
|t:|1783649751
|move|p2b: Maushold|Super Fang|p1a: Sylveon
|-damage|p1a: Sylveon|44/100
|move|p2a: Tyranitar|Rock Slide|p1a: Sylveon
|-damage|p1a: Sylveon|0 fnt
|faint|p1a: Sylveon
|
|win|drifterking40
||drifterking40 is ready for game 2.
||Huasometa is ready for game 2.
|uhtml|next|Next: Game 2 of 3
|l|☆drifterking40
|player|p2|
