|j|☆apa plays poke
|j|☆gluttorn
|html|apa plays pokegluttorn    
|uhtml|bestof|Game 1 of a best-of-3
|t:|1782333896
|gametype|doubles
|player|p1|apa plays poke|norman|1053
|player|p2|gluttorn|102|1000
|gen|9
|tier|[Gen 9 Champions] VGC 2026 Reg M-B (Bo3)
|rated|
|rule|Species Clause: Limit one of each Pokémon
|rule|Item Clause: Limit 1 of each item
|clearpoke
|poke|p1|Incineroar, L50, M|
|poke|p1|Archaludon, L50, F|
|poke|p1|Pelipper, L50, F|
|poke|p1|Swampert, L50, M|
|poke|p1|Meganium, L50, F|
|poke|p1|Primarina, L50, F|
|poke|p2|Scrafty, L50, F|
|poke|p2|Torkoal, L50, F|
|poke|p2|Farigiraf, L50, F|
|poke|p2|Hatterene, L50, F|
|poke|p2|Staraptor, L50, M|
|poke|p2|Vileplume, L50, M|
|teampreview|4
|showteam|p1|Incineroar||ChopleBerry|Intimidate|FakeOut,PartingShot,FlareBlitz,WillOWisp|Careful||M|||50|]Archaludon||ShucaBerry|Stamina|Protect,FlashCannon,DracoMeteor,ElectroShot|Bold||F|||50|]Pelipper||Leftovers|Drizzle|Hurricane,Protect,HydroPump,Tailwind|Bold||F|||50|]Swampert||Swampertite|Torrent|Earthquake,WaveCrash,Protect,IcePunch|Adamant||M|||50|]Meganium||Meganiumite|Overgrow|WeatherBall,Synthesis,EarthPower,Protect|Modest||F|||50|]Primarina||SitrusBerry|LiquidVoice|HyperVoice,Moonblast,Protect,CalmMind|Calm||F|||50|
|showteam|p2|Scrafty||Scraftinite|Intimidate|FakeOut,KnockOff,DrainPunch,RockSlide|Brave||F|||50|]Torkoal||Charcoal|Drought|EarthPower,HeatWave,Eruption,Protect|Quiet||F|||50|]Farigiraf||MentalHerb|ArmorTail|Protect,HelpingHand,TrickRoom,Psychic|Calm||F|||50|]Hatterene||LifeOrb|MagicBounce|DazzlingGleam,Psychic,TrickRoom,Protect|Modest||F|||50|]Staraptor||ChoiceScarf|Intimidate|FinalGambit,Uturn,Tailwind,BraveBird|Jolly||M|||50|]Vileplume||FocusSash|Chlorophyll|AfterYou,Protect,EnergyBall,SludgeBomb|Timid||M|||50|
|inactive|Battle timer is ON: inactive players will automatically lose when time's up. (requested by gluttorn)
|inactive|apa plays poke has 60 seconds left.
|inactive|gluttorn has 60 seconds left.
|inactive|apa plays poke has 30 seconds left.
|inactive|apa plays poke has 20 seconds left.
|inactive|apa plays poke has 15 seconds left.
|inactive|apa plays poke has 10 seconds left.
|inactive|apa plays poke has 5 seconds left.
|
|t:|1782334008
|teamsize|p1|4
|teamsize|p2|4
|start
|switch|p1a: Incineroar|Incineroar, L50, M|100/100
|switch|p1b: Archaludon|Archaludon, L50, F|100/100
|switch|p2a: Farigiraf|Farigiraf, L50, F|100/100
|switch|p2b: Staraptor|Staraptor, L50, M|100/100
|-ability|p2b: Staraptor|Intimidate|boost
|-unboost|p1a: Incineroar|atk|1
|-unboost|p1b: Archaludon|atk|1
|-ability|p1a: Incineroar|Intimidate|boost
|-unboost|p2a: Farigiraf|atk|1
|-unboost|p2b: Staraptor|atk|1
|turn|1
|
|t:|1782334032
|move|p1b: Archaludon|Protect|p1b: Archaludon
|-singleturn|p1b: Archaludon|Protect
|move|p2b: Staraptor|Final Gambit|p1a: Incineroar
|-damage|p1a: Incineroar|4/100
|faint|p2b: Staraptor
|move|p1a: Incineroar|Will-O-Wisp|p2a: Farigiraf
|-status|p2a: Farigiraf|brn
|move|p2a: Farigiraf|Trick Room|p2a: Farigiraf
|-fieldstart|move: Trick Room|[of] p2a: Farigiraf
|
|-damage|p2a: Farigiraf|93/100 brn|[from] brn
|upkeep
|
|t:|1782334052
|switch|p2b: Hatterene|Hatterene, L50, F|100/100
|turn|2
|
|t:|1782334064
|move|p2a: Farigiraf|Helping Hand|p2b: Hatterene
|-singleturn|p2b: Hatterene|Helping Hand|[of] p2a: Farigiraf
|move|p2b: Hatterene|Dazzling Gleam|p1a: Incineroar|[spread] p1a,p1b
|-damage|p1a: Incineroar|0 fnt
|-damage|p1b: Archaludon|16/100
|-ability|p1b: Archaludon|Stamina|boost
|-boost|p1b: Archaludon|def|1
|faint|p1a: Incineroar
|-damage|p2b: Hatterene|90/100|[from] item: Life Orb
|move|p1b: Archaludon|Flash Cannon|p2b: Hatterene
|-supereffective|p2b: Hatterene|1
|-damage|p2b: Hatterene|15/100
|
|-damage|p2a: Farigiraf|87/100 brn|[from] brn
|upkeep
|
|t:|1782334076
|switch|p1a: Pelipper|Pelipper, L50, F|100/100
|-weather|RainDance|[from] ability: Drizzle|[of] p1a: Pelipper
|turn|3
|
|t:|1782334091
|move|p2a: Farigiraf|Helping Hand|p2b: Hatterene
|-singleturn|p2b: Hatterene|Helping Hand|[of] p2a: Farigiraf
|move|p2b: Hatterene|Dazzling Gleam|p1a: Pelipper|[spread] p1a,p1b
|-damage|p1a: Pelipper|0 fnt
|-damage|p1b: Archaludon|0 fnt
|faint|p1a: Pelipper
|faint|p1b: Archaludon
|-damage|p2b: Hatterene|6/100|[from] item: Life Orb
|
|-weather|RainDance|[upkeep]
|-damage|p2a: Farigiraf|81/100 brn|[from] brn
|upkeep
|inactive|apa plays poke has 30 seconds left.
|inactive|apa plays poke has 20 seconds left.
|inactive|apa plays poke has 15 seconds left.
|inactive|apa plays poke has 10 seconds left.
|-message|apa plays poke forfeited.
|
|win|gluttorn
|l|☆apa plays poke
|player|p1|
