|j|☆fl jdhsbsjksms2
|j|☆Madzisbadz
|html|fl jdhsbsjksms2Madzisbadz    
|uhtml|bestof|Game 3 of a best-of-3
|t:|1783484740
|gametype|doubles
|player|p1|fl jdhsbsjksms2|102|1152
|player|p2|Madzisbadz|170|1149
|gen|9
|tier|[Gen 9 Champions] VGC 2026 Reg M-B (Bo3)
|rated|
|rule|Species Clause: Limit one of each Pokémon
|rule|Item Clause: Limit 1 of each item
|clearpoke
|poke|p1|Charizard, L50, M|
|poke|p1|Garchomp, L50, M|
|poke|p1|Sneasler, L50, F|
|poke|p1|Rotom-Wash, L50|
|poke|p1|Kingambit, L50, F|
|poke|p1|Sylveon, L50, F|
|poke|p2|Blaziken, L50, M|
|poke|p2|Kingambit, L50, F|
|poke|p2|Farigiraf, L50, F|
|poke|p2|Sylveon, L50, F|
|poke|p2|Aerodactyl, L50, F|
|poke|p2|Basculegion, L50, M|
|teampreview|4
|showteam|p1|Charizard||CharizarditeY|SolarPower|HeatWave,WeatherBall,SolarBeam,Protect|Timid||M|||50|]Garchomp||ChoiceScarf|RoughSkin|DragonClaw,RockSlide,StompingTantrum,Earthquake|Adamant||M|||50|]Sneasler||WhiteHerb|Unburden|FakeOut,DireClaw,CloseCombat,Protect|Jolly||F|||50|]Rotom-Wash||SitrusBerry|Levitate|WillOWisp,HydroPump,Electroweb,Protect|Relaxed|||||50|]Kingambit||BlackGlasses|Defiant|KowtowCleave,SuckerPunch,Protect,LowKick|Relaxed||F|||50|]Sylveon||FairyFeather|Pixilate|Protect,QuickAttack,HyperVoice,HyperBeam|Quiet||F|||50|
|showteam|p2|Blaziken||Blazikenite|SpeedBoost|FlareBlitz,CloseCombat,RockSlide,Protect|Adamant||M|||50|]Kingambit||FocusSash|Defiant|KowtowCleave,IronHead,SuckerPunch,LowKick|Adamant||F|||50|]Farigiraf||SitrusBerry|ArmorTail|Protect,Psychic,TrickRoom,HelpingHand|Bold||F|||50|]Sylveon||FairyFeather|Pixilate|HyperVoice,HyperBeam,QuickAttack,Detect|Modest||F|||50|]Aerodactyl||Aerodactylite|Unnerve|RockSlide,DualWingbeat,IceFang,Tailwind|Jolly||F|||50|]Basculegion||LifeOrb|Adaptability|WaveCrash,LastRespects,AquaJet,Protect|Adamant||M|||50|
|
|t:|1783484780
|teamsize|p1|4
|teamsize|p2|4
|start
|switch|p1a: Garchomp|Garchomp, L50, M|100/100
|switch|p1b: Sneasler|Sneasler, L50, F|100/100
|switch|p2a: Sylveon|Sylveon, L50, F|100/100
|switch|p2b: Blaziken|Blaziken, L50, M|100/100
|turn|1
|
|t:|1783484797
|move|p2b: Blaziken|Protect|p2b: Blaziken
|-singleturn|p2b: Blaziken|Protect
|move|p2a: Sylveon|Detect|p2a: Sylveon
|-singleturn|p2a: Sylveon|Protect
|move|p1b: Sneasler|Fake Out|p2a: Sylveon
|-activate|p2a: Sylveon|move: Protect
|move|p1a: Garchomp|Stomping Tantrum|p2b: Blaziken
|-activate|p2b: Blaziken|move: Protect
|
|-ability|p2b: Blaziken|Speed Boost|boost
|-boost|p2b: Blaziken|spe|1
|upkeep
|turn|2
|
|t:|1783484815
|switch|p2b: Aerodactyl|Aerodactyl, L50, F|100/100
|-ability|p2b: Aerodactyl|Unnerve
|move|p1a: Garchomp|Stomping Tantrum|p2b: Aerodactyl
|-immune|p2b: Aerodactyl
|move|p1b: Sneasler|Dire Claw|p2a: Sylveon
|-supereffective|p2a: Sylveon|1
|-damage|p2a: Sylveon|10/100
|move|p2a: Sylveon|Hyper Voice|p1a: Garchomp|[spread] p1a,p1b
|-supereffective|p1a: Garchomp|1
|-damage|p1a: Garchomp|5/100
|-damage|p1b: Sneasler|31/100
|
|upkeep
|turn|3
|
|t:|1783484847
|switch|p1a: Kingambit|Kingambit, L50, F|100/100
|move|p2a: Sylveon|Quick Attack|p1a: Kingambit
|-damage|p1a: Kingambit|92/100
|move|p2b: Aerodactyl|Dual Wingbeat|p1b: Sneasler
|-supereffective|p1b: Sneasler|1
|-damage|p1b: Sneasler|0 fnt
|faint|p1b: Sneasler
|-hitcount|p1: Sneasler|1
|
|upkeep
|
|t:|1783484857
|switch|p1b: Charizard|Charizard, L50, M|100/100
|turn|4
|
|t:|1783484873
|move|p1b: Charizard|Protect|p1b: Charizard
|-singleturn|p1b: Charizard|Protect
|move|p2b: Aerodactyl|Tailwind|p2b: Aerodactyl
|-sidestart|p2: Madzisbadz|move: Tailwind
|move|p2a: Sylveon|Hyper Beam|p1a: Kingambit
|-damage|p1a: Kingambit|0 fnt
|-mustrecharge|p2a: Sylveon
|faint|p1a: Kingambit
|
|upkeep
|
|t:|1783484880
|switch|p1a: Garchomp|Garchomp, L50, M|5/100
|turn|5
|
|t:|1783484893
|detailschange|p1b: Charizard|Charizard-Mega-Y, L50, M
|-mega|p1b: Charizard|Charizard|Charizardite Y
|-weather|SunnyDay|[from] ability: Drought|[of] p1b: Charizard
|move|p2b: Aerodactyl|Rock Slide|p1a: Garchomp|[spread] p1a,p1b
|-resisted|p1a: Garchomp|1
|-supereffective|p1b: Charizard|2
|-damage|p1a: Garchomp|0 fnt
|-damage|p1b: Charizard|0 fnt
|faint|p1a: Garchomp
|faint|p1b: Charizard
|
|win|Madzisbadz
|raw|fl jdhsbsjksms2's rating: 1152 → 1127(-25 for losing)
|raw|Madzisbadz's rating: 1149 → 1174(+25 for winning)
|l|☆fl jdhsbsjksms2
|player|p1|
|l|☆Madzisbadz
|player|p2|
|j|☆Madzisbadz
|player|p2|Madzisbadz|170|
