|j|☆KholinVnat
|j|☆vuelve chusooo
|html|KholinVnatvuelve chusooo    
|uhtml|bestof|Game 2 of a best-of-3
|t:|1784048031
|gametype|doubles
|player|p1|KholinVnat|1|1106
|player|p2|vuelve chusooo|fisherman-gen4|1172
|gen|9
|tier|[Gen 9 Champions] VGC 2026 Reg M-B (Bo3)
|rated|
|rule|Species Clause: Limit one of each Pokémon
|rule|Item Clause: Limit 1 of each item
|clearpoke
|poke|p1|Gholdengo, L50|
|poke|p1|Raichu, L50, F|
|poke|p1|Whimsicott, L50, M|
|poke|p1|Staraptor, L50, M|
|poke|p1|Incineroar, L50, F|
|poke|p1|Milotic, L50, M|
|poke|p2|Swampert, L50, F|
|poke|p2|Pelipper, L50, F|
|poke|p2|Archaludon, L50, F|
|poke|p2|Floette-Eternal, L50, F|
|poke|p2|Basculegion, L50, M|
|poke|p2|Incineroar, L50, F|
|teampreview|4
|showteam|p1|Gholdengo||LifeOrb|GoodasGold|ShadowBall,NastyPlot,MakeItRain,Protect|Modest|||||50|]Raichu||RaichuniteY|LightningRod|ZapCannon,Protect,FakeOut,FocusBlast|Timid||F|||50|]Whimsicott||FocusSash|Prankster|Charm,Encore,Moonblast,Tailwind|Timid||M|||50|]Staraptor||Staraptite|Intimidate|BraveBird,Protect,Roost,CloseCombat|Timid||M|||50|]Incineroar||SitrusBerry|Blaze|FlareBlitz,FakeOut,PartingShot,DarkestLariat|Careful||F|||50|]Milotic||Leftovers|Competitive|MuddyWater,Coil,Hypnosis,Protect|Bold||M|||50|
|showteam|p2|Swampert||Swampertite|Torrent|WaveCrash,Earthquake,IcePunch,Protect|Adamant||F|||50|]Pelipper||FocusSash|Drizzle|WeatherBall,Hurricane,Tailwind,Protect|Modest||F|||50|]Archaludon||Leftovers|Stamina|DragonPulse,FlashCannon,ElectroShot,Protect|Modest||F|||50|]Floette-Eternal||Floettite|FlowerVeil|Moonblast,DazzlingGleam,LightofRuin,Protect|Modest||F|||50|]Basculegion||ChoiceScarf|Adaptability|WaveCrash,LastRespects,AquaJet,FlipTurn|Adamant||M|||50|]Incineroar||SitrusBerry|Intimidate|FakeOut,PartingShot,FlareBlitz,ThroatChop|Careful||F|||50|
|
|t:|1784048065
|teamsize|p1|4
|teamsize|p2|4
|start
|switch|p1a: Milotic|Milotic, L50, M|100/100
|switch|p1b: Staraptor|Staraptor, L50, M|100/100
|switch|p2a: Pelipper|Pelipper, L50, F|100/100
|switch|p2b: Basculegion|Basculegion, L50, M|100/100
|-ability|p1b: Staraptor|Intimidate|boost
|-unboost|p2a: Pelipper|atk|1
|-unboost|p2b: Basculegion|atk|1
|-weather|RainDance|[from] ability: Drizzle|[of] p2a: Pelipper
|turn|1
|
|t:|1784048087
|detailschange|p1b: Staraptor|Staraptor-Mega, L50, M
|-mega|p1b: Staraptor|Staraptor|Staraptite
|move|p1b: Staraptor|Protect|p1b: Staraptor
|-singleturn|p1b: Staraptor|Protect
|move|p2b: Basculegion|Flip Turn|p1a: Milotic
|-resisted|p1a: Milotic|1
|-damage|p1a: Milotic|82/100
|
|t:|1784048095
|switch|p2b: Archaludon|Archaludon, L50, F|100/100|[from] Flip Turn
|move|p2a: Pelipper|Tailwind|p2a: Pelipper
|-sidestart|p2: vuelve chusooo|move: Tailwind
|move|p1a: Milotic|Coil|p1a: Milotic
|-boost|p1a: Milotic|atk|1
|-boost|p1a: Milotic|def|1
|-boost|p1a: Milotic|accuracy|1
|
|-weather|RainDance|[upkeep]
|-heal|p1a: Milotic|88/100|[from] item: Leftovers
|upkeep
|turn|2
|
|t:|1784048108
|move|p1a: Milotic|Protect|p1a: Milotic
|-singleturn|p1a: Milotic|Protect
|move|p2a: Pelipper|Hurricane|p1b: Staraptor
|-supereffective|p1b: Staraptor|1
|-damage|p1b: Staraptor|0 fnt
|faint|p1b: Staraptor
|move|p2b: Archaludon|Electro Shot||[still]
|-prepare|p2b: Archaludon|Electro Shot
|-boost|p2b: Archaludon|spa|1
|-anim|p2b: Archaludon|Electro Shot|p1a: Milotic
|-activate|p1a: Milotic|move: Protect
|
|-weather|RainDance|[upkeep]
|-heal|p1a: Milotic|94/100|[from] item: Leftovers
|upkeep
|-message|KholinVnat forfeited.
|
|win|vuelve chusooo
|raw|KholinVnat's rating: 1106 → 1086(-20 for losing)
|raw|vuelve chusooo's rating: 1172 → 1192(+20 for winning)
|l|☆KholinVnat
|player|p1|
