|j|☆gundi8
|j|☆Ataaj83
|html|gundi8Ataaj83    
|uhtml|bestof|Game 2 of a best-of-3
|t:|1757685177
|gametype|doubles
|player|p1|gundi8|ethan-gen2|1157
|player|p2|Ataaj83|101|1049
|gen|9
|tier|[Gen 9] VGC 2025 Reg H (Bo3)
|rated|
|rule|Species Clause: Limit one of each Pokémon
|rule|Item Clause: Limit 1 of each item
|clearpoke
|poke|p1|Garchomp, L50, M|
|poke|p1|Jumpluff, L50, F|
|poke|p1|Torkoal, L50, M|
|poke|p1|Dragonite, L50, F|
|poke|p1|Kingambit, L50, F|
|poke|p1|Typhlosion-Hisui, L50, M|
|poke|p2|Archaludon, L50, F|
|poke|p2|Pelipper, L50, M|
|poke|p2|Amoonguss, L50, F|
|poke|p2|Sneasler, L50, F|
|poke|p2|Garchomp, L50, F|
|poke|p2|Rillaboom, L50, M|
|teampreview|4
|showteam|p1|Garchomp||LifeOrb|RoughSkin|DragonClaw,StompingTantrum,Earthquake,Protect|||M|||50|,,,,,Fire]Jumpluff||CovertCloak|Chlorophyll|LeafStorm,SleepPowder,Encore,Tailwind|||F|||50|,,,,,Dark]Torkoal||EjectPack|Drought|Overheat,BurningJealousy,HelpingHand,Protect|||M|||50|,,,,,Flying]Dragonite||LoadedDice|InnerFocus|ScaleShot,Tailwind,Haze,Protect|||F|||50|,,,,,Fairy]Kingambit||AssaultVest|Defiant|IronHead,SuckerPunch,TeraBlast,LowKick|||F|||50|,,,,,Flying]Typhlosion-Hisui||ChoiceSpecs|Blaze|Eruption,ShadowBall,HeatWave,Overheat|||M|||50|,,,,,Fire
|showteam|p2|Archaludon||AssaultVest|Stamina|ElectroShot,DragonPulse,FlashCannon,BodyPress|||F|||50|,,,,,Flying]Pelipper||CovertCloak|Drizzle|WideGuard,Hurricane,Protect,WeatherBall|||M|||50|,,,,,Grass]Amoonguss||RockyHelmet|Regenerator|PollenPuff,RagePowder,Protect,Spore|||F|||50|,,,,,Water]Sneasler||FocusSash|Unburden|ThroatChop,CloseCombat,DireClaw,Protect|||F|||50|,,,,,Stellar]Garchomp||LoadedDice|RoughSkin|ScaleShot,Earthquake,StompingTantrum,Protect|||F|||50|,,,,,Ground]Rillaboom||GrassySeed|GrassySurge|FakeOut,GrassyGlide,WoodHammer,HighHorsepower|||M|||50|,,,,,Fire
|inactive|Battle timer is ON: inactive players will automatically lose when time's up. (requested by gundi8)
|
|t:|1757685189
|teamsize|p1|4
|teamsize|p2|4
|start
|switch|p1a: Garchomp|Garchomp, L50, M|100/100
|switch|p1b: Dragonite|Dragonite, L50, F|100/100
|switch|p2a: Sneasler|Sneasler, L50, F|100/100
|switch|p2b: Archaludon|Archaludon, L50, F, shiny|100/100
|turn|1
|
|t:|1757685214
|move|p2a: Sneasler|Dire Claw|p1b: Dragonite
|-damage|p1b: Dragonite|52/100
|-status|p1b: Dragonite|psn
|move|p1a: Garchomp|Earthquake|p2a: Sneasler|[spread] p2a,p2b
|-immune|p1b: Dragonite
|-supereffective|p2a: Sneasler
|-supereffective|p2b: Archaludon
|-enditem|p2a: Sneasler|Focus Sash
|-damage|p2a: Sneasler|1/100
|-damage|p2b: Archaludon|37/100
|-ability|p2b: Archaludon|Stamina|boost
|-boost|p2b: Archaludon|def|1
|-damage|p1a: Garchomp|91/100|[from] item: Life Orb
|move|p1b: Dragonite|Scale Shot|p2a: Sneasler
|-damage|p2a: Sneasler|0 fnt
|faint|p2a: Sneasler
|-hitcount|p2: Sneasler|1
|-unboost|p1b: Dragonite|def|1
|-boost|p1b: Dragonite|spe|1
|move|p2b: Archaludon|Dragon Pulse|p1b: Dragonite
|-supereffective|p1b: Dragonite
|-damage|p1b: Dragonite|0 fnt
|faint|p1b: Dragonite
|
|upkeep
|
|t:|1757685236
|switch|p2a: Garchomp|Garchomp, L50, F, shiny|100/100
|switch|p1b: Typhlosion|Typhlosion-Hisui, L50, M|100/100
|turn|2
|inactive|gundi8 has 30 seconds left.
|inactive|Ataaj83 has 30 seconds left.
|
|t:|1757685266
|switch|p1b: Torkoal|Torkoal, L50, M, shiny|100/100
|-weather|SunnyDay|[from] ability: Drought|[of] p1b: Torkoal
|switch|p2b: Pelipper|Pelipper, L50, M, shiny|100/100
|-weather|RainDance|[from] ability: Drizzle|[of] p2b: Pelipper
|-terastallize|p2a: Garchomp|Ground
|move|p1a: Garchomp|Dragon Claw|p2a: Garchomp
|-damage|p2a: Garchomp|44/100
|-damage|p1a: Garchomp|79/100|[from] ability: Rough Skin|[of] p2a: Garchomp
|-damage|p1a: Garchomp|69/100|[from] item: Life Orb
|move|p2a: Garchomp|Earthquake|p1b: Torkoal|[spread] p1a,p1b
|-immune|p2b: Pelipper
|-supereffective|p1b: Torkoal
|-damage|p1a: Garchomp|16/100
|-damage|p1b: Torkoal|25/100
|
|-weather|RainDance|[upkeep]
|upkeep
|turn|3
|inactive|gundi8 has 30 seconds left.
|inactive|Ataaj83 has 30 seconds left.
|inactive|gundi8 has 20 seconds left.
|
|t:|1757685303
|move|p1a: Garchomp|Dragon Claw|p2a: Garchomp
|-damage|p2a: Garchomp|0 fnt
|-damage|p1a: Garchomp|4/100|[from] ability: Rough Skin|[of] p2a: Garchomp
|faint|p2a: Garchomp
|-damage|p1a: Garchomp|0 fnt|[from] item: Life Orb
|faint|p1a: Garchomp
|move|p2b: Pelipper|Weather Ball|p1b: Torkoal
|-supereffective|p1b: Torkoal
|-damage|p1b: Torkoal|0 fnt
|faint|p1b: Torkoal
|
|-weather|RainDance|[upkeep]
|upkeep
|
|t:|1757685314
|switch|p1a: Typhlosion|Typhlosion-Hisui, L50, M|100/100
|switch|p2a: Archaludon|Archaludon, L50, F, shiny|37/100
|turn|4
|
|t:|1757685321
|-terastallize|p1a: Typhlosion|Fire
|move|p1a: Typhlosion|Eruption|p2b: Pelipper|[spread] p2a,p2b
|-resisted|p2b: Pelipper
|-damage|p2a: Archaludon|2/100
|-damage|p2b: Pelipper|63/100
|-ability|p2a: Archaludon|Stamina|boost
|-boost|p2a: Archaludon|def|1
|move|p2a: Archaludon|Electro Shot||[still]
|-prepare|p2a: Archaludon|Electro Shot
|-boost|p2a: Archaludon|spa|1
|-anim|p2a: Archaludon|Electro Shot|p1a: Typhlosion
|-damage|p1a: Typhlosion|23/100
|move|p2b: Pelipper|Weather Ball|p1a: Typhlosion
|-supereffective|p1a: Typhlosion
|-damage|p1a: Typhlosion|0 fnt
|faint|p1a: Typhlosion
|
|win|Ataaj83
|raw|gundi8's rating: 1157 → 1124(-33 for losing)
|raw|Ataaj83's rating: 1049 → 1091(+42 for winning)
