|j|☆don zaloog is real
|j|☆Spruce101
|html|don zaloog is realSpruce101    
|uhtml|bestof|Game 1 of a best-of-3
|t:|1756491506
|gametype|doubles
|player|p1|don zaloog is real|collector|1247
|player|p2|Spruce101|lucas|1301
|gen|9
|tier|[Gen 9] VGC 2025 Reg H (Bo3)
|rated|
|rule|Species Clause: Limit one of each Pokémon
|rule|Item Clause: Limit 1 of each item
|clearpoke
|poke|p1|Murkrow, L50, F|
|poke|p1|Basculegion, L50, M|
|poke|p1|Gholdengo, L50|
|poke|p1|Pawmot, L50, M|
|poke|p1|Kommo-o, L50, F|
|poke|p1|Amoonguss, L50, F|
|poke|p2|Archaludon, L50, M|
|poke|p2|Dragonite, L50, F|
|poke|p2|Pelipper, L50, F|
|poke|p2|Ursaluna, L50, M|
|poke|p2|Sinistcha, L50|
|poke|p2|Gholdengo, L50|
|teampreview|4
|showteam|p1|Murkrow||Eviolite|Prankster|BraveBird,Tailwind,Quash,Haze|||F|||50|,,,,,Ghost]Basculegion||ChoiceScarf|Adaptability|LastRespects,WaveCrash,FlipTurn,AquaJet|||M|||50|,,,,,Grass]Gholdengo||ChoiceSpecs|GoodasGold|MakeItRain,ShadowBall,PowerGem,SteelBeam||||||50|,,,,,Steel]Pawmot||FocusSash|VoltAbsorb|CloseCombat,DoubleShock,Protect,RevivalBlessing|||M|||50|,,,,,Electric]Kommo-o||LifeOrb|Overcoat|ClangingScales,AuraSphere,Flamethrower,Protect|||F|||50|,,,,,Fire]Amoonguss||CovertCloak|Regenerator|LeafStorm,Protect,Spore,RagePowder|||F|||50|,,,,,Water
|showteam|p2|Archaludon||AssaultVest|Stamina|FlashCannon,BodyPress,ElectroShot,Snarl|||M|||50|,,,,,Fighting]Dragonite||LoadedDice|Multiscale|ScaleShot,Tailwind,Haze,Protect|||F|||50|,,,,,Fairy]Pelipper||FocusSash|Drizzle|MuddyWater,Hurricane,Tailwind,Protect|||F|||50|,,,,,Ghost]Ursaluna||FlameOrb|Guts|Facade,HeadlongRush,Earthquake,Protect|||M|||50|,,,,,Ghost]Sinistcha||SitrusBerry|Hospitality|MatchaGotcha,LifeDew,RagePowder,TrickRoom||||||50|,,,,,Dark]Gholdengo||ChoiceScarf|GoodasGold|MakeItRain,ShadowBall,Trick,Protect||||||50|,,,,,Flying
|
|t:|1756491540
|teamsize|p1|4
|teamsize|p2|4
|start
|switch|p1a: Gholdengo|Gholdengo, L50|100/100
|switch|p1b: Murkrow|Murkrow, L50, F|100/100
|switch|p2a: Gholdengo|Gholdengo, L50|100/100
|switch|p2b: Ursaluna|Ursaluna, L50, M|100/100
|turn|1
|
|t:|1756491563
|-terastallize|p1a: Gholdengo|Steel
|move|p1b: Murkrow|Tailwind|p1b: Murkrow
|-sidestart|p1: don zaloog is real|move: Tailwind
|move|p1a: Gholdengo|Make It Rain|p2a: Gholdengo|[spread] p2a,p2b
|-resisted|p2a: Gholdengo
|-damage|p2a: Gholdengo|39/100
|-damage|p2b: Ursaluna|0 fnt
|-unboost|p1a: Gholdengo|spa|1
|faint|p2b: Ursaluna
|move|p2a: Gholdengo|Shadow Ball|p1a: Gholdengo
|-damage|p1a: Gholdengo|49/100
|
|upkeep
|
|t:|1756491567
|switch|p2b: Sinistcha|Sinistcha, L50|100/100
|-heal|p2a: Gholdengo|64/100|[from] ability: Hospitality|[of] p2b: Sinistcha
|turn|2
|
|t:|1756491579
|switch|p2a: Archaludon|Archaludon, L50, M|100/100
|move|p1b: Murkrow|Haze|p1b: Murkrow
|-clearallboost
|move|p1a: Gholdengo|Make It Rain|p2a: Archaludon|[spread] p2a,p2b
|-resisted|p2a: Archaludon
|-damage|p2a: Archaludon|64/100
|-damage|p2b: Sinistcha|0 fnt
|-unboost|p1a: Gholdengo|spa|1
|-ability|p2a: Archaludon|Stamina|boost
|-boost|p2a: Archaludon|def|1
|faint|p2b: Sinistcha
|
|upkeep
|
|t:|1756491583
|switch|p2b: Gholdengo|Gholdengo, L50|64/100
|turn|3
|
|t:|1756491591
|move|p1b: Murkrow|Haze|p1b: Murkrow
|-clearallboost
|move|p1a: Gholdengo|Make It Rain|p2a: Archaludon|[spread] p2a,p2b
|-resisted|p2a: Archaludon
|-resisted|p2b: Gholdengo
|-damage|p2a: Archaludon|29/100
|-damage|p2b: Gholdengo|0 fnt
|-unboost|p1a: Gholdengo|spa|1
|-ability|p2a: Archaludon|Stamina|boost
|-boost|p2a: Archaludon|def|1
|faint|p2b: Gholdengo
|move|p2a: Archaludon|Body Press|p1a: Gholdengo
|-supereffective|p1a: Gholdengo
|-damage|p1a: Gholdengo|0 fnt
|faint|p1a: Gholdengo
|
|upkeep
|-message|Spruce101 forfeited.
|
|win|don zaloog is real
||Spruce101 is ready for game 2.
||don zaloog is real is ready for game 2.
|uhtml|next|Next: Game 2 of 3
|l|☆Spruce101
|player|p2|
