|j|☆parkertrainingarc
|j|☆Hackervgc
|html|parkertrainingarcHackervgc    
|uhtml|bestof|Game 2 of a best-of-3
|t:|1756918743
|gametype|doubles
|player|p1|parkertrainingarc|lady|1190
|player|p2|Hackervgc|gentleman-gen4|1125
|gen|9
|tier|[Gen 9] VGC 2025 Reg H (Bo3)
|rated|
|rule|Species Clause: Limit one of each Pokémon
|rule|Item Clause: Limit 1 of each item
|clearpoke
|poke|p1|Sneasler, L50, F|
|poke|p1|Indeedee, L50, M|
|poke|p1|Volcarona, L50, F|
|poke|p1|Ursaluna-Bloodmoon, L50, M|
|poke|p1|Annihilape, L50, F|
|poke|p1|Tyranitar, L50, M|
|poke|p2|Kingambit, L50, F|
|poke|p2|Magmar, L50, M|
|poke|p2|Dragonite, L50, M|
|poke|p2|Sneasler, L50, M|
|poke|p2|Ursaluna-Bloodmoon, L50, M|
|poke|p2|Farigiraf, L50, M|
|teampreview|4
|showteam|p1|Sneasler||PsychicSeed|Unburden|CloseCombat,DireClaw,ThroatChop,Protect|||F|||50|,,,,,Dark]Indeedee||ChoiceScarf|PsychicSurge|ExpandingForce,TeraBlast,Trick,Protect|||M|||50|,,,,,Psychic]Volcarona||SitrusBerry|FlameBody|Overheat,StruggleBug,RagePowder,Tailwind|||F|||50|,,,,,Grass]Ursaluna-Bloodmoon||LifeOrb|MindsEye|BloodMoon,HyperVoice,EarthPower,Protect|||M|||50|,,,,,Normal]Annihilape||SafetyGoggles|Defiant|CloseCombat,RageFist,Taunt,FinalGambit|||F|||50|,,,,,Fairy]Tyranitar||AssaultVest|SandStream|RockSlide,KnockOff,TeraBlast,LowKick|||M|||50|,,,,,Flying
|showteam|p2|Kingambit||AssaultVest|Defiant|KowtowCleave,SuckerPunch,LowKick,TeraBlast|||F|||50|,,,,,Flying]Magmar||Eviolite|VitalSpirit|FollowMe,Protect,Flamethrower,WillOWisp|||M|||50|,,,,,Grass]Dragonite||LoadedDice|Multiscale|ScaleShot,Protect,IceSpinner,Tailwind|||M|||50|,,,,,Fairy]Sneasler||FocusSash|Unburden|Coaching,DireClaw,CloseCombat,Protect|||M|||50|,,,,,Stellar]Ursaluna-Bloodmoon||LifeOrb|MindsEye|BloodMoon,Protect,EarthPower,HyperVoice|||M|||50|,,,,,Normal]Farigiraf||SitrusBerry|ArmorTail|TrickRoom,HelpingHand,Psychic,Protect|||M|||50|,,,,,Water
|
|t:|1756918787
|teamsize|p1|4
|teamsize|p2|4
|start
|switch|p1a: Aldehydes|Volcarona, L50, F|100/100
|switch|p1b: Porcelain Hands|Annihilape, L50, F|100/100
|switch|p2a: Magmar|Magmar, L50, M|100/100
|switch|p2b: Ursaluna|Ursaluna-Bloodmoon, L50, M|100/100
|turn|1
|
|t:|1756918818
|switch|p2a: Kingambit|Kingambit, L50, F|100/100
|move|p1a: Aldehydes|Rage Powder|p1a: Aldehydes
|-singleturn|p1a: Aldehydes|move: Rage Powder
|move|p1b: Porcelain Hands|Taunt|p2a: Kingambit
|-start|p2a: Kingambit|move: Taunt
|move|p2b: Ursaluna|Blood Moon|p1a: Aldehydes
|-damage|p1a: Aldehydes|0 fnt
|faint|p1a: Aldehydes
|-damage|p2b: Ursaluna|90/100|[from] item: Life Orb
|
|upkeep
|
|t:|1756918831
|switch|p1a: Mio Min Mio|Ursaluna-Bloodmoon, L50, M|100/100
|turn|2
|
|t:|1756918852
|-terastallize|p2a: Kingambit|Flying
|move|p2b: Ursaluna|Protect|p2b: Ursaluna
|-singleturn|p2b: Ursaluna|Protect
|move|p1b: Porcelain Hands|Close Combat|p2a: Kingambit
|-resisted|p2a: Kingambit
|-damage|p2a: Kingambit|82/100
|-unboost|p1b: Porcelain Hands|def|1
|-unboost|p1b: Porcelain Hands|spd|1
|move|p1a: Mio Min Mio|Blood Moon|p2b: Ursaluna
|-activate|p2b: Ursaluna|move: Protect
|move|p2a: Kingambit|Tera Blast|p1b: Porcelain Hands|[anim] Tera Blast Flying
|-supereffective|p1b: Porcelain Hands
|-damage|p1b: Porcelain Hands|0 fnt
|faint|p1b: Porcelain Hands
|
|upkeep
|
|t:|1756918862
|switch|p1b: Tiara|Tyranitar, L50, M|100/100
|-weather|Sandstorm|[from] ability: Sand Stream|[of] p1b: Tiara
|turn|3
|
|t:|1756918893
|-terastallize|p1b: Tiara|Flying
|move|p1b: Tiara|Rock Slide|p2a: Kingambit|[spread] p2a,p2b
|-supereffective|p2a: Kingambit
|-resisted|p2b: Ursaluna
|-damage|p2a: Kingambit|38/100
|-damage|p2b: Ursaluna|80/100
|move|p1a: Mio Min Mio|Hyper Voice|p2a: Kingambit|[spread] p2a,p2b
|-damage|p2a: Kingambit|4/100
|-damage|p2b: Ursaluna|25/100
|-damage|p1a: Mio Min Mio|91/100|[from] item: Life Orb
|move|p2a: Kingambit|Low Kick|p1a: Mio Min Mio
|-supereffective|p1a: Mio Min Mio
|-damage|p1a: Mio Min Mio|25/100
|move|p2b: Ursaluna|Blood Moon|p1a: Mio Min Mio
|-damage|p1a: Mio Min Mio|0 fnt
|faint|p1a: Mio Min Mio
|-damage|p2b: Ursaluna|15/100|[from] item: Life Orb
|
|-weather|Sandstorm|[upkeep]
|-damage|p1b: Tiara|95/100|[from] Sandstorm
|-damage|p2a: Kingambit|0 fnt|[from] Sandstorm
|faint|p2a: Kingambit
|upkeep
|
|t:|1756918909
|switch|p2a: Sneasler|Sneasler, L50, M|100/100
|turn|4
|
|t:|1756918922
|move|p2a: Sneasler|Dire Claw|p1b: Tiara
|-damage|p1b: Tiara|59/100
|-status|p1b: Tiara|psn
|move|p1b: Tiara|Tera Blast|p2a: Sneasler|[anim] Tera Blast Flying
|-supereffective|p2a: Sneasler
|-enditem|p2a: Sneasler|Focus Sash
|-damage|p2a: Sneasler|1/100
|move|p2b: Ursaluna|Hyper Voice|p1b: Tiara
|-damage|p1b: Tiara|14/100 psn
|-damage|p2b: Ursaluna|5/100|[from] item: Life Orb
|
|-weather|Sandstorm|[upkeep]
|-damage|p2a: Sneasler|0 fnt|[from] Sandstorm
|-damage|p1b: Tiara|8/100 psn|[from] Sandstorm
|faint|p2a: Sneasler
|-damage|p1b: Tiara|0 fnt|[from] psn
|faint|p1b: Tiara
|
|win|Hackervgc
||Hackervgc is ready for game 3.
||parkertrainingarc is ready for game 3.
|uhtml|next|Next: Game 3 of 3
