|j|☆PokeDavide
|j|☆ShadowOfAMan
|html|PokeDavideShadowOfAMan    
|uhtml|bestof|Game 1 of a best-of-3
|t:|1756473635
|gametype|doubles
|player|p1|PokeDavide|ghetsis-gen5bw|1118
|player|p2|ShadowOfAMan|elio-usum|1184
|gen|9
|tier|[Gen 9] VGC 2025 Reg H (Bo3)
|rated|
|rule|Species Clause: Limit one of each Pokémon
|rule|Item Clause: Limit 1 of each item
|clearpoke
|poke|p1|Archaludon, L50, F|
|poke|p1|Kingdra, L50, M|
|poke|p1|Politoed, L50, M|
|poke|p1|Gothitelle, L50, M|
|poke|p1|Amoonguss, L50, F|
|poke|p1|Incineroar, L50, M|
|poke|p2|Tyranitar, L50, F|
|poke|p2|Excadrill, L50, M|
|poke|p2|Indeedee, L50, M|
|poke|p2|Sneasler, L50, M|
|poke|p2|Annihilape, L50, F|
|poke|p2|Volcarona, L50, F|
|teampreview|4
|showteam|p1|Archaludon||PowerHerb|Sturdy|Protect,ElectroShot,FlashCannon,DracoMeteor|||F|||50|,,,,,Electric]Kingdra||LifeOrb|SwiftSwim|Protect,MuddyWater,WeatherBall,DracoMeteor|||M|||50|,,,,,Stellar]Politoed||Leftovers|Drizzle|Protect,WeatherBall,PerishSong,Encore|||M|||50|,,,,,Grass]Gothitelle||SitrusBerry|ShadowTag|FakeOut,Psychic,TrickRoom,Protect|||M|||50|,,,,,Dark]Amoonguss||EjectButton|Regenerator|Protect,RagePowder,PollenPuff,Spore|||F|||50|,,,,,Fairy]Incineroar||SafetyGoggles|Intimidate|FakeOut,KnockOff,PartingShot,Protect|||M|||50|,,,,,Ghost
|showteam|p2|Tyranitar||AssaultVest|SandStream|RockSlide,KnockOff,LowKick,TeraBlast|||F|||50|,,,,,Flying]Excadrill||FocusSash|SandRush|HighHorsepower,Earthquake,IronHead,Protect|||M|||50|,,,,,Ground]Indeedee||ChoiceScarf|PsychicSurge|ExpandingForce,TeraBlast,Imprison,TrickRoom|||M|||50|,,,,,Psychic]Sneasler||PsychicSeed|Unburden|DireClaw,CloseCombat,ThroatChop,Protect|||M|||50|,,,,,Dark]Annihilape||SafetyGoggles|Defiant|CloseCombat,RageFist,Taunt,FinalGambit|||F|||50|,,,,,Fairy]Volcarona||SitrusBerry|FlameBody|RagePowder,FieryDance,StruggleBug,Tailwind|||F|||50|,,,,,Water
|j| MUnchy486
|c|☆ShadowOfAMan|Wolfe's team
|c|☆ShadowOfAMan|Cool
|c|☆ShadowOfAMan|I am going to use it in a local event tomorrow
|c|☆ShadowOfAMan|:)
|c|☆PokeDavide|little different in the spread
|
|t:|1756473691
|teamsize|p1|4
|teamsize|p2|4
|start
|switch|p1a: Politoed|Politoed, L50, M, shiny|100/100
|switch|p1b: Gothitelle|Gothitelle, L50, M, shiny|100/100
|switch|p2a: Botas|Annihilape, L50, F|100/100
|switch|p2b: Haxler|Sneasler, L50, M|100/100
|-weather|RainDance|[from] ability: Drizzle|[of] p1a: Politoed
|turn|1
|c|☆PokeDavide|i love perish trap
|c|☆ShadowOfAMan|Me too
|
|t:|1756473735
|-terastallize|p2b: Haxler|Dark
|-terastallize|p1b: Gothitelle|Dark
|move|p1a: Politoed|Protect|p1a: Politoed
|-singleturn|p1a: Politoed|Protect
|move|p2b: Haxler|Throat Chop|p1b: Gothitelle
|-resisted|p1b: Gothitelle
|-damage|p1b: Gothitelle|81/100
|-start|p1b: Gothitelle|Throat Chop|[silent]
|move|p2a: Botas|Taunt|p1a: Politoed
|-activate|p1a: Politoed|move: Protect
|move|p1b: Gothitelle|Psychic|p2b: Haxler
|-immune|p2b: Haxler
|
|-weather|RainDance|[upkeep]
|upkeep
|turn|2
|
|t:|1756473761
|move|p2b: Haxler|Close Combat|p1b: Gothitelle
|-supereffective|p1b: Gothitelle
|-damage|p1b: Gothitelle|0 fnt
|-unboost|p2b: Haxler|def|1
|-unboost|p2b: Haxler|spd|1
|faint|p1b: Gothitelle
|move|p2a: Botas|Taunt|p1a: Politoed
|-start|p1a: Politoed|move: Taunt
|cant|p1a: Politoed|move: Taunt|Encore
|
|-weather|RainDance|[upkeep]
|upkeep
|
|t:|1756473771
|switch|p1b: Kingdra|Kingdra, L50, M, shiny|100/100
|turn|3
|l| MUnchy486
|
|t:|1756473797
|switch|p2a: MrDarki|Indeedee, L50, M|100/100
|-fieldstart|move: Psychic Terrain|[from] ability: Psychic Surge|[of] p2a: MrDarki
|-enditem|p2b: Haxler|Psychic Seed
|-boost|p2b: Haxler|spd|1|[from] item: Psychic Seed
|move|p2b: Haxler|Dire Claw|p1b: Kingdra
|-crit|p1b: Kingdra
|-damage|p1b: Kingdra|14/100
|-status|p1b: Kingdra|psn
|move|p1b: Kingdra|Muddy Water|p2a: MrDarki|[spread] p2a,p2b
|-damage|p2a: MrDarki|20/100
|-damage|p2b: Haxler|10/100
|-unboost|p2a: MrDarki|accuracy|1
|-damage|p1b: Kingdra|4/100 psn|[from] item: Life Orb
|move|p1a: Politoed|Weather Ball|p2a: MrDarki
|-damage|p2a: MrDarki|0 fnt
|faint|p2a: MrDarki
|
|-weather|RainDance|[upkeep]
|-damage|p1b: Kingdra|0 fnt|[from] psn
|faint|p1b: Kingdra
|upkeep
|
|t:|1756473817
|switch|p2a: Arenita|Tyranitar, L50, F|100/100
|switch|p1b: Archaludon|Archaludon, L50, F, shiny|100/100
|-weather|Sandstorm|[from] ability: Sand Stream|[of] p2a: Arenita
|turn|4
|
|t:|1756473839
|move|p2b: Haxler|Close Combat|p1b: Archaludon
|-supereffective|p1b: Archaludon
|-ability|p1b: Archaludon|Sturdy
|-damage|p1b: Archaludon|1/100
|-unboost|p2b: Haxler|def|1
|-unboost|p2b: Haxler|spd|1
|move|p1b: Archaludon|Electro Shot||[still]
|-prepare|p1b: Archaludon|Electro Shot
|-boost|p1b: Archaludon|spa|1
|-enditem|p1b: Archaludon|Power Herb
|-anim|p1b: Archaludon|Electro Shot|p2a: Arenita
|-damage|p2a: Arenita|74/100
|move|p1a: Politoed|Weather Ball|p2b: Haxler
|-damage|p2b: Haxler|0 fnt
|faint|p2b: Haxler
|move|p2a: Arenita|Low Kick|p1b: Archaludon
|-supereffective|p1b: Archaludon
|-damage|p1b: Archaludon|0 fnt
|faint|p1b: Archaludon
|
|-weather|Sandstorm|[upkeep]
|-damage|p1a: Politoed|94/100|[from] Sandstorm
|-heal|p1a: Politoed|100/100|[from] item: Leftovers
|-end|p1a: Politoed|move: Taunt
|upkeep
|
|t:|1756473854
|switch|p2b: Botas|Annihilape, L50, F|100/100
|turn|5
|
|t:|1756473876
|move|p2b: Botas|Close Combat|p1a: Politoed
|-damage|p1a: Politoed|47/100
|-unboost|p2b: Botas|def|1
|-unboost|p2b: Botas|spd|1
|move|p1a: Politoed|Perish Song|p1a: Politoed
|-start|p1a: Politoed|perish3|[silent]
|-start|p2a: Arenita|perish3|[silent]
|-start|p2b: Botas|perish3|[silent]
|-fieldactivate|move: Perish Song
|move|p2a: Arenita|Knock Off|p1a: Politoed
|-damage|p1a: Politoed|0 fnt
|-enditem|p1a: Politoed|Leftovers|[from] move: Knock Off|[of] p2a: Arenita
|faint|p1a: Politoed
|
|win|ShadowOfAMan
||PokeDavide is ready for game 2.
||ShadowOfAMan is ready for game 2.
|uhtml|next|Next: Game 2 of 3
|l|☆PokeDavide
|player|p1|
