|j|☆SheIcyMyWind
|j|☆SongokuVG Fr
|html|SheIcyMyWindSongokuVG Fr    
|uhtml|bestof|Game 1 of a best-of-3
|t:|1756230677
|gametype|doubles
|player|p1|SheIcyMyWind|n|1122
|player|p2|SongokuVG Fr|lucian|1207
|gen|9
|tier|[Gen 9] VGC 2025 Reg H (Bo3)
|rated|
|rule|Species Clause: Limit one of each Pokémon
|rule|Item Clause: Limit 1 of each item
|clearpoke
|poke|p1|Annihilape, L50, M|
|poke|p1|Ninetales-Alola, L50, M|
|poke|p1|Garchomp, L50, F|
|poke|p1|Dragonite, L50, M|
|poke|p1|Sneasler, L50, M|
|poke|p1|Incineroar, L50, F|
|poke|p2|Indeedee-F, L50, F|
|poke|p2|Gallade, L50, M|
|poke|p2|Armarouge, L50, M|
|poke|p2|Torkoal, L50, F|
|poke|p2|Ursaluna, L50, M|
|poke|p2|Lilligant-Hisui, L50, F|
|teampreview|4
|showteam|p1|Annihilape||AssaultVest|Defiant|RageFist,DrainPunch,RockTomb,FinalGambit|||M|||50|,,,,,Fire]Ninetales-Alola||ChoiceSpecs|SnowWarning|Blizzard,Moonblast,FreezeDry,IcyWind|||M|||50|,,,,,Ghost]Garchomp||LifeOrb|RoughSkin|Earthquake,StompingTantrum,DragonClaw,Protect|||F|||50|,,,,,Steel]Dragonite||LoadedDice|Multiscale|ScaleShot,Tailwind,Protect,Haze|||M|||50|,,,,,Fairy]Sneasler||FocusSash|Unburden|CloseCombat,DireClaw,FakeOut,Coaching|||M|||50|,,,,,Ghost]Incineroar||SafetyGoggles|Intimidate|KnockOff,Taunt,FakeOut,PartingShot|||F|||50|,,,,,Fairy
|showteam|p2|Indeedee-F||SafetyGoggles|PsychicSurge|FollowMe,TrickRoom,Psychic,HelpingHand|||F|||50|,,,,,Water]Gallade||ClearAmulet|Sharpness|SacredSword,TrickRoom,WideGuard,PsychoCut|||M|||50|,,,,,Grass]Armarouge||LifeOrb|FlashFire|ExpandingForce,ArmorCannon,TrickRoom,Protect|||M|||50|,,,,,Grass]Torkoal||ChoiceSpecs|Drought|Eruption,WeatherBall,EarthPower,SolarBeam|||F|||50|,,,,,Fire]Ursaluna||FlameOrb|Guts|Facade,Protect,HeadlongRush,Earthquake|||M|||50|,,,,,Ghost]Lilligant-Hisui||FocusSash|Chlorophyll|AfterYou,CloseCombat,SleepPowder,SolarBlade|||F|||50|,,,,,Ghost
|inactive|Battle timer is ON: inactive players will automatically lose when time's up. (requested by SongokuVG Fr)
|
|t:|1756230715
|teamsize|p1|4
|teamsize|p2|4
|start
|switch|p1a: Incineroar|Incineroar, L50, F, shiny|100/100
|switch|p1b: Annihilape|Annihilape, L50, M, shiny|100/100
|switch|p2a: Indeedee|Indeedee-F, L50, F|100/100
|switch|p2b: Gallade|Gallade, L50, M|100/100
|-ability|p1a: Incineroar|Intimidate|boost
|-unboost|p2a: Indeedee|atk|1
|-fail|p2b: Gallade|unboost|[from] item: Clear Amulet|[of] p2b: Gallade
|-fieldstart|move: Psychic Terrain|[from] ability: Psychic Surge|[of] p2a: Indeedee
|turn|1
|
|t:|1756230740
|switch|p2a: Ursaluna|Ursaluna, L50, M|100/100
|-terastallize|p1a: Incineroar|Fairy
|move|p1b: Annihilape|Final Gambit|p2a: Ursaluna
|-damage|p2a: Ursaluna|8/100
|faint|p1b: Annihilape
|move|p1a: Incineroar|Taunt|p2b: Gallade
|-start|p2b: Gallade|move: Taunt
|move|p2b: Gallade|Sacred Sword|p1a: Incineroar
|-resisted|p1a: Incineroar
|-damage|p1a: Incineroar|65/100
|
|-status|p2a: Ursaluna|brn|[from] item: Flame Orb
|upkeep
|
|t:|1756230750
|switch|p1b: Dragonite|Dragonite, L50, M, shiny|100/100
|turn|2
|
|t:|1756230761
|move|p1b: Dragonite|Scale Shot|p2a: Ursaluna
|-damage|p2a: Ursaluna|0 fnt
|faint|p2a: Ursaluna
|-hitcount|p2: Ursaluna|1
|-unboost|p1b: Dragonite|def|1
|-boost|p1b: Dragonite|spe|1
|move|p1a: Incineroar|Knock Off|p2b: Gallade
|-damage|p2b: Gallade|40/100
|-enditem|p2b: Gallade|Clear Amulet|[from] move: Knock Off|[of] p1a: Incineroar
|move|p2b: Gallade|Psycho Cut|p1a: Incineroar
|-damage|p1a: Incineroar|0 fnt
|faint|p1a: Incineroar
|
|upkeep
|
|t:|1756230771
|switch|p1a: Garchomp|Garchomp, L50, F|100/100
|switch|p2a: Indeedee|Indeedee-F, L50, F|100/100
|turn|3
|
|t:|1756230782
|move|p1b: Dragonite|Scale Shot|p2a: Indeedee
|-damage|p2a: Indeedee|85/100
|-damage|p2a: Indeedee|72/100
|-damage|p2a: Indeedee|58/100
|-damage|p2a: Indeedee|43/100
|-damage|p2a: Indeedee|30/100
|-hitcount|p2a: Indeedee|5
|-unboost|p1b: Dragonite|def|1
|-boost|p1b: Dragonite|spe|1
|move|p1a: Garchomp|Earthquake|p2b: Gallade|[spread] p2a,p2b
|-immune|p1b: Dragonite
|-damage|p2a: Indeedee|0 fnt
|-damage|p2b: Gallade|0 fnt
|faint|p2a: Indeedee
|faint|p2b: Gallade
|-damage|p1a: Garchomp|91/100|[from] item: Life Orb
|
|upkeep
|-message|SongokuVG Fr forfeited.
|
|win|SheIcyMyWind
|l|☆SongokuVG Fr
|player|p2|
||SongokuVG Fr is ready for game 2.
