|j|☆amethyst312
|j|☆kietdepzai123
|html|amethyst312kietdepzai123    
|uhtml|bestof|Game 1 of a best-of-3
|t:|1784730230
|gametype|doubles
|player|p1|amethyst312|fisherman-gen4|
|player|p2|kietdepzai123|fisherman|
|gen|9
|tier|[Gen 9 Champions] VGC 2026 Reg M-B (Bo3)
|rule|Species Clause: Limit one of each Pokémon
|rule|Item Clause: Limit 1 of each item
|clearpoke
|poke|p1|Ceruledge, L50, M, shiny|
|poke|p1|Mimikyu, L50, M, shiny|
|poke|p1|Runerigus, L50, M, shiny|
|poke|p1|Chandelure, L50, F, shiny|
|poke|p1|Spiritomb, L50, M|
|poke|p1|Gengar, L50, F, shiny|
|poke|p2|Pelipper, L50, F|
|poke|p2|Blastoise, L50, F|
|poke|p2|Rotom-Wash, L50|
|poke|p2|Toxapex, L50, F|
|poke|p2|Quaquaval, L50, M|
|poke|p2|Basculegion, L50, M|
|teampreview|4
|showteam|p1|Ceruledge||LifeOrb|FlashFire|BitterBlade,Poltergeist,CloseCombat,ShadowSneak|Rash||M|||50|]Mimikyu||Leftovers|Disguise|SwordsDance,PlayRough,ShadowClaw,DrainPunch|Rash||M|||50|]Runerigus||ExpertBelt|WanderingSpirit|DarkPulse,ShadowBall,RockSlide,EarthPower|Serious||M|||50|]Chandelure||ChoiceScarf|FlashFire|Flamethrower,ShadowBall,EnergyBall,Trick|Serious||F|||50|]Spiritomb||FocusSash|Pressure|RockTomb,ShadowSneak,FoulPlay,Poltergeist|Serious||M|||50|]Gengar||LumBerry|CursedBody|ShadowBall,SludgeWave,FocusBlast,DazzlingGleam|Serious||F|||50|
|showteam|p2|Pelipper||FocusSash|Drizzle|Tailwind,Hurricane,Protect,WeatherBall|Bold||F|||50|]Blastoise||Blastoisinite|Torrent|WaterSpout,DarkPulse,Protect,AuraSphere|Modest||F|||50|]Rotom-Wash||SitrusBerry|Levitate|WillOWisp,Protect,Discharge,NastyPlot|Calm|||||50|]Toxapex||Leftovers|Regenerator|BanefulBunker,Toxic,Infestation,Haze|Bold||F|||50|]Quaquaval||WhiteHerb|Moxie|Liquidation,CloseCombat,BulkUp,Protect|Jolly||M|||50|]Basculegion||LifeOrb|SwiftSwim|LastRespects,FlipTurn,WaveCrash,AquaJet|Adamant||M|||50|
|
|t:|1784730250
|teamsize|p1|4
|teamsize|p2|4
|start
|switch|p1a: Ceruledge|Ceruledge, L50, M, shiny|100/100
|switch|p1b: Gengar|Gengar, L50, F, shiny|100/100
|switch|p2a: Pelipper|Pelipper, L50, F|100/100
|switch|p2b: Basculegion|Basculegion, L50, M|100/100
|-weather|RainDance|[from] ability: Drizzle|[of] p2a: Pelipper
|turn|1
|
|t:|1784730281
|move|p2b: Basculegion|Last Respects|p1b: Gengar
|-supereffective|p1b: Gengar|1
|-damage|p1b: Gengar|0 fnt
|-start|p2b: Basculegion|Disable|Last Respects|[from] ability: Cursed Body|[of] p1b: Gengar
|faint|p1b: Gengar
|-damage|p2b: Basculegion|90/100|[from] item: Life Orb
|move|p1a: Ceruledge|Poltergeist|p2b: Basculegion
|-activate|p2b: Basculegion|move: Poltergeist|Life Orb
|-supereffective|p2b: Basculegion|1
|-damage|p2b: Basculegion|0 fnt
|faint|p2b: Basculegion
|-damage|p1a: Ceruledge|90/100|[from] item: Life Orb
|move|p2a: Pelipper|Weather Ball|p1a: Ceruledge
|-supereffective|p1a: Ceruledge|1
|-damage|p1a: Ceruledge|0 fnt
|faint|p1a: Ceruledge
|
|-weather|RainDance|[upkeep]
|upkeep
|
|t:|1784730303
|switch|p2b: Blastoise|Blastoise, L50, F|100/100
|switch|p1b: Mimikyu|Mimikyu, L50, M, shiny|100/100
|switch|p1a: Runerigus|Runerigus, L50, M, shiny|100/100
|turn|2
|
|t:|1784730321
|detailschange|p2b: Blastoise|Blastoise-Mega, L50, F
|-mega|p2b: Blastoise|Blastoise|Blastoisinite
|move|p1b: Mimikyu|Shadow Claw|p2b: Blastoise
|-damage|p2b: Blastoise|80/100
|move|p2b: Blastoise|Water Spout|p1b: Mimikyu|[spread] p1a,p1b
|-supereffective|p1a: Runerigus|1
|-damage|p1a: Runerigus|0 fnt
|-activate|p1b: Mimikyu|ability: Disguise
|-damage|p1b: Mimikyu|100/100
|detailschange|p1b: Mimikyu|Mimikyu-Busted, L50, M, shiny
|-damage|p1b: Mimikyu|87/100|[from] pokemon: Mimikyu-Busted
|faint|p1a: Runerigus
|move|p2a: Pelipper|Tailwind|p2a: Pelipper
|-sidestart|p2: kietdepzai123|move: Tailwind
|
|-weather|RainDance|[upkeep]
|-heal|p1b: Mimikyu|93/100|[from] item: Leftovers
|upkeep
|turn|3
|
|t:|1784730342
|move|p2b: Blastoise|Dark Pulse|p1b: Mimikyu
|-damage|p1b: Mimikyu|34/100
|move|p2a: Pelipper|Hurricane|p1b: Mimikyu
|-crit|p1b: Mimikyu
|-damage|p1b: Mimikyu|0 fnt
|faint|p1b: Mimikyu
|
|win|kietdepzai123
