|j|☆TheMMalt
|j|☆lordtentacle69
|html|TheMMaltlordtentacle69    
|uhtml|bestof|Game 2 of a best-of-3
|t:|1782974397
|gametype|doubles
|player|p1|TheMMalt|doctor|1215
|player|p2|lordtentacle69|corbeau|1156
|gen|9
|tier|[Gen 9 Champions] VGC 2026 Reg M-B (Bo3)
|rated|
|rule|Species Clause: Limit one of each Pokémon
|rule|Item Clause: Limit 1 of each item
|clearpoke
|poke|p1|Grimmsnarl, L50, M|
|poke|p1|Metagross, L50|
|poke|p1|Hydreigon, L50, F|
|poke|p1|Toxapex, L50, F, shiny|
|poke|p1|Charizard, L50, M|
|poke|p1|Garchomp, L50, F|
|poke|p2|Aerodactyl, L50, F|
|poke|p2|Charizard, L50, F|
|poke|p2|Kingambit, L50, M|
|poke|p2|Sylveon, L50, M|
|poke|p2|Farigiraf, L50, F|
|poke|p2|Garchomp, L50, F|
|teampreview|4
|showteam|p1|Grimmsnarl||LightClay|Prankster|Reflect,LightScreen,FakeOut,FoulPlay|Sassy||M|||50|]Metagross||Metagrossite|ClearBody|Protect,IronHead,HammerArm,BulletPunch|Adamant|||||50|]Hydreigon||ChoiceScarf|Levitate|HeatWave,Snarl,DarkPulse,DracoMeteor|Modest||F|||50|]Toxapex||Leftovers|Regenerator|Toxic,Infestation,BanefulBunker,WideGuard|Bold||F|||50|]Charizard||CharizarditeY|Blaze|Protect,HeatWave,SolarBeam,WeatherBall|Timid||M|||50|]Garchomp||SitrusBerry|RoughSkin|Protect,Earthquake,DragonClaw,RockSlide|Adamant||F|||50|
|showteam|p2|Aerodactyl||Aerodactylite|Unnerve|RockSlide,DualWingbeat,IceFang,Tailwind|Jolly||F|||50|]Charizard||CharizarditeY|Blaze|HeatWave,Protect,SolarBeam,WeatherBall|Modest||F|||50|]Kingambit||FocusSash|Defiant|KowtowCleave,SuckerPunch,LowKick,IronHead|Adamant||M|||50|]Sylveon||FairyFeather|Pixilate|HyperVoice,HyperBeam,QuickAttack,Protect|Modest||M|||50|]Farigiraf||SitrusBerry|ArmorTail|Psychic,Protect,TrickRoom,Thunderbolt|Bold||F|||50|]Garchomp||LifeOrb|RoughSkin|Earthquake,StompingTantrum,DragonClaw,Protect|Jolly||F|||50|
|
|t:|1782974446
|teamsize|p1|4
|teamsize|p2|4
|start
|switch|p1a: Garchomp|Garchomp, L50, F|100/100
|switch|p1b: Toxapex|Toxapex, L50, F, shiny|100/100
|switch|p2a: Sylveon|Sylveon, L50, M|100/100
|switch|p2b: Farigiraf|Farigiraf, L50, F|100/100
|turn|1
|
|t:|1782974466
|move|p1a: Garchomp|Protect|p1a: Garchomp
|-singleturn|p1a: Garchomp|Protect
|move|p2a: Sylveon|Protect|p2a: Sylveon
|-singleturn|p2a: Sylveon|Protect
|move|p2b: Farigiraf|Psychic|p1b: Toxapex
|-supereffective|p1b: Toxapex|1
|-damage|p1b: Toxapex|42/100
|move|p1b: Toxapex|Toxic|p2a: Sylveon
|-activate|p2a: Sylveon|move: Protect
|
|-heal|p1b: Toxapex|48/100|[from] item: Leftovers
|upkeep
|turn|2
|
|t:|1782974483
|-heal|p1b: Toxapex|81/100|[from] ability: Regenerator|[silent]
|switch|p1b: Hydreigon|Hydreigon, L50, F|100/100
|move|p1a: Garchomp|Earthquake|p2a: Sylveon|[spread] p2a,p2b
|-immune|p1b: Hydreigon|[from] ability: Levitate
|-damage|p2a: Sylveon|55/100
|-damage|p2b: Farigiraf|70/100
|move|p2a: Sylveon|Hyper Voice|p1a: Garchomp|[spread] p1a,p1b
|-supereffective|p1a: Garchomp|1
|-supereffective|p1b: Hydreigon|2
|-damage|p1a: Garchomp|6/100
|-damage|p1b: Hydreigon|0 fnt
|-enditem|p1a: Garchomp|Sitrus Berry|[eat]
|-heal|p1a: Garchomp|31/100|[from] item: Sitrus Berry
|faint|p1b: Hydreigon
|move|p2b: Farigiraf|Psychic|p1a: Garchomp
|-damage|p1a: Garchomp|0 fnt
|faint|p1a: Garchomp
|
|upkeep
|
|t:|1782974495
|switch|p1b: Grimmsnarl|Grimmsnarl, L50, M|100/100
|switch|p1a: Toxapex|Toxapex, L50, F, shiny|81/100
|turn|3
|-message|TheMMalt forfeited.
|
|win|lordtentacle69
||TheMMalt is ready for game 3.
