|j|☆jacre22
|j|☆JLitty
|html|jacre22JLitty    
|uhtml|bestof|Game 2 of a best-of-3
|t:|1756175469
|gametype|doubles
|player|p1|jacre22|iris-gen5bw2|1297
|player|p2|JLitty|102|1196
|gen|9
|tier|[Gen 9] VGC 2025 Reg H (Bo3)
|rated|
|rule|Species Clause: Limit one of each Pokémon
|rule|Item Clause: Limit 1 of each item
|clearpoke
|poke|p1|Whimsicott, L50, M|
|poke|p1|Garchomp, L50, M|
|poke|p1|Gholdengo, L50|
|poke|p1|Incineroar, L50, M|
|poke|p1|Sneasler, L50, M|
|poke|p1|Dragonite, L50, M|
|poke|p2|Sneasler, L50, M|
|poke|p2|Indeedee, L50, M|
|poke|p2|Volcarona, L50, F|
|poke|p2|Ursaluna-Bloodmoon, L50, M|
|poke|p2|Annihilape, L50, F|
|poke|p2|Tyranitar, L50, F|
|teampreview|4
|showteam|p1|Whimsicott||FocusSash|Prankster|Moonblast,Tailwind,Encore,Protect|||M|||50|,,,,,Ghost]Garchomp||LifeOrb|RoughSkin|Earthquake,DragonClaw,StompingTantrum,Protect|||M|||50|,,,,,Ground]Gholdengo||ChoiceSpecs|GoodasGold|MakeItRain,ShadowBall,Trick,PowerGem||||||50|,,,,,Steel]Incineroar||AssaultVest|Intimidate|FakeOut,FlareBlitz,KnockOff,Uturn|||M|||50|,,,,,Grass]Sneasler||WhiteHerb|Unburden|FakeOut,DireClaw,CloseCombat,Protect|||M|||50|,,,,,Stellar]Dragonite||ChoiceBand|InnerFocus|ExtremeSpeed,Outrage,IceSpinner,StompingTantrum|||M|||50|,,,,,Normal
|showteam|p2|Sneasler||PsychicSeed|Unburden|CloseCombat,DireClaw,ThroatChop,Protect|||M|||50|,,,,,Dark]Indeedee||ChoiceScarf|PsychicSurge|ExpandingForce,TeraBlast,Trick,Protect|||M|||50|,,,,,Psychic]Volcarona||SitrusBerry|FlameBody|Overheat,StruggleBug,RagePowder,Tailwind|||F|||50|,,,,,Grass]Ursaluna-Bloodmoon||LifeOrb|MindsEye|BloodMoon,HyperVoice,EarthPower,Protect|||M|||50|,,,,,Normal]Annihilape||SafetyGoggles|Defiant|CloseCombat,RageFist,Taunt,FinalGambit|||F|||50|,,,,,Fairy]Tyranitar||AssaultVest|SandStream|RockSlide,KnockOff,TeraBlast,LowKick|||F|||50|,,,,,Flying
|inactive|Battle timer is ON: inactive players will automatically lose when time's up. (requested by jacre22)
|inactive|JLitty has 60 seconds left.
|inactive|JLitty has 30 seconds left.
|inactive|JLitty has 20 seconds left.
|inactive|JLitty has 15 seconds left.
|inactive|JLitty has 10 seconds left.
|inactive|JLitty has 5 seconds left.
|
|t:|1756175616
|teamsize|p1|4
|teamsize|p2|4
|start
|switch|p1a: Whimsicott|Whimsicott, L50, M|100/100
|switch|p1b: Gholdengo|Gholdengo, L50|100/100
|switch|p2a: Sneasler|Sneasler, L50, M|100/100
|switch|p2b: Indeedee|Indeedee, L50, M|100/100
|-fieldstart|move: Psychic Terrain|[from] ability: Psychic Surge|[of] p2b: Indeedee
|-enditem|p2a: Sneasler|Psychic Seed
|-boost|p2a: Sneasler|spd|1|[from] item: Psychic Seed
|turn|1
|inactive|JLitty has 30 seconds left.
|inactive|jacre22 has 30 seconds left.
|inactive|JLitty has 20 seconds left.
|inactive|JLitty has 15 seconds left.
|inactive|jacre22 has 20 seconds left.
|inactive|JLitty has 10 seconds left.
|inactive|jacre22 has 15 seconds left.
|inactive|JLitty has 5 seconds left.
|
|t:|1756175671
|move|p1a: Whimsicott|Tailwind|p1a: Whimsicott
|-sidestart|p1: jacre22|move: Tailwind
|move|p2a: Sneasler|Close Combat|p1b: Gholdengo
|-immune|p1b: Gholdengo
|move|p1b: Gholdengo|Make It Rain|p2b: Indeedee|[spread] p2a,p2b
|-damage|p2a: Sneasler|33/100
|-damage|p2b: Indeedee|3/100
|-unboost|p1b: Gholdengo|spa|1
|move|p2b: Indeedee|Expanding Force|p1b: Gholdengo|[spread] p1a,p1b
|-resisted|p1b: Gholdengo
|-damage|p1a: Whimsicott|8/100
|-damage|p1b: Gholdengo|67/100
|
|upkeep
|turn|2
|inactive|JLitty has 30 seconds left.
|inactive|JLitty has 20 seconds left.
|inactive|JLitty has 15 seconds left.
|inactive|JLitty has 10 seconds left.
|inactive|JLitty has 5 seconds left.
|
|t:|1756175726
|switch|p1b: Incineroar|Incineroar, L50, M|100/100
|-ability|p1b: Incineroar|Intimidate|boost
|-unboost|p2a: Sneasler|atk|1
|-unboost|p2b: Indeedee|atk|1
|move|p1a: Whimsicott|Moonblast|p2b: Indeedee
|-damage|p2b: Indeedee|0 fnt
|faint|p2b: Indeedee
|move|p2a: Sneasler|Close Combat|p1b: Incineroar
|-supereffective|p1b: Incineroar
|-damage|p1b: Incineroar|7/100
|-unboost|p2a: Sneasler|def|1
|-unboost|p2a: Sneasler|spd|1
|
|upkeep
|inactive|JLitty has 30 seconds left.
|inactive|JLitty has 20 seconds left.
|inactive|JLitty has 15 seconds left.
|inactive|JLitty has 10 seconds left.
|inactive|JLitty has 5 seconds left.
|
|t:|1756175781
|switch|p2b: Volcarona|Volcarona, L50, F|100/100
|turn|3
|inactive|jacre22 has 30 seconds left.
|inactive|JLitty has 30 seconds left.
|inactive|jacre22 has 20 seconds left.
|inactive|JLitty has 20 seconds left.
|inactive|jacre22 has 15 seconds left.
|inactive|JLitty has 15 seconds left.
|inactive|jacre22 has 10 seconds left.
|inactive|JLitty has 10 seconds left.
|inactive|JLitty has 5 seconds left.
|
|t:|1756175836
|switch|p1a: Dragonite|Dragonite, L50, M|100/100
|move|p2a: Sneasler|Close Combat|p1a: Dragonite
|-resisted|p1a: Dragonite
|-damage|p1a: Dragonite|80/100
|-unboost|p2a: Sneasler|def|1
|-unboost|p2a: Sneasler|spd|1
|move|p1b: Incineroar|Flare Blitz|p2a: Sneasler
|-damage|p2a: Sneasler|0 fnt
|faint|p2a: Sneasler
|-damage|p1b: Incineroar|0 fnt|[from] Recoil
|faint|p1b: Incineroar
|move|p2b: Volcarona|Overheat|p1a: Dragonite
|-resisted|p1a: Dragonite
|-damage|p1a: Dragonite|55/100
|-unboost|p2b: Volcarona|spa|2
|
|upkeep
|inactive|JLitty has 30 seconds left.
|inactive|JLitty has 20 seconds left.
|inactive|JLitty has 15 seconds left.
|inactive|JLitty has 10 seconds left.
|inactive|JLitty has 5 seconds left.
|
|t:|1756175892
|switch|p2a: Ursaluna|Ursaluna-Bloodmoon, L50, M|100/100
|switch|p1b: Gholdengo|Gholdengo, L50|67/100
|turn|4
|inactive|jacre22 has 30 seconds left.
|inactive|JLitty has 30 seconds left.
|inactive|JLitty has 20 seconds left.
|inactive|JLitty has 15 seconds left.
|inactive|jacre22 has 20 seconds left.
|inactive|JLitty has 10 seconds left.
|inactive|JLitty has 5 seconds left.
|
|t:|1756175948
|move|p1b: Gholdengo|Power Gem|p2b: Volcarona
|-supereffective|p2b: Volcarona
|-damage|p2b: Volcarona|0 fnt
|faint|p2b: Volcarona
|move|p1a: Dragonite|Outrage|p2a: Ursaluna
|-damage|p2a: Ursaluna|8/100
|move|p2a: Ursaluna|Blood Moon|p1b: Gholdengo
|-resisted|p1b: Gholdengo
|-damage|p1b: Gholdengo|11/100
|-damage|p2a: Ursaluna|0 fnt|[from] item: Life Orb
|faint|p2a: Ursaluna
|
|win|jacre22
|raw|jacre22's rating: 1297 → 1315(+18 for winning)
|raw|JLitty's rating: 1196 → 1178(-18 for losing)
