|j|☆KYAKID
|j|☆12 bananas
|html|KYAKID12 bananas    
|uhtml|bestof|Game 2 of a best-of-3
|t:|1783285673
|gametype|doubles
|player|p1|KYAKID|1|1044
|player|p2|12 bananas|zinzolin|1126
|gen|9
|tier|[Gen 9 Champions] VGC 2026 Reg M-B (Bo3)
|rated|
|rule|Species Clause: Limit one of each Pokémon
|rule|Item Clause: Limit 1 of each item
|clearpoke
|poke|p1|Gengar, L50, F|
|poke|p1|Empoleon, L50, M|
|poke|p1|Incineroar, L50, F|
|poke|p1|Gardevoir, L50, F|
|poke|p1|Dragonite, L50, F|
|poke|p1|Whimsicott, L50, M|
|poke|p2|Staraptor, L50, M, shiny|
|poke|p2|Whimsicott, L50, M, shiny|
|poke|p2|Gengar, L50, F, shiny|
|poke|p2|Kingambit, L50, F, shiny|
|poke|p2|Orthworm, L50, M, shiny|
|poke|p2|Garchomp, L50, F, shiny|
|teampreview|4
|showteam|p1|Gengar||Gengarite|CursedBody|ShadowBall,SludgeBomb,Protect,DestinyBond|Timid||F|||50|]Empoleon||SitrusBerry|Competitive|FlashCannon,IcyWind,HydroCannon,Yawn|Modest||M|||50|]Incineroar||MentalHerb|Intimidate|FakeOut,FlareBlitz,PartingShot,Taunt|Adamant||F|||50|]Gardevoir||Gardevoirite|Trace|MysticalFire,Psychic,DazzlingGleam,Protect|Timid||F|||50|]Dragonite||LifeOrb|InnerFocus|DragonDance,ExtremeSpeed,DragonClaw,Protect|Adamant||F|||50|]Whimsicott||FocusSash|Prankster|Moonblast,Tailwind,Encore,Taunt|Bold||M|||50|
|showteam|p2|Staraptor||Staraptite|Intimidate|Roost,Protect,CloseCombat,BraveBird|Jolly||M|||50|]Whimsicott||FocusSash|Prankster|Tailwind,Charm,DazzlingGleam,Encore|Bold||M|||50|]Gengar||Gengarite|CursedBody|Protect,ShadowBall,SludgeWave,DazzlingGleam|Timid||F|||50|]Kingambit||ChopleBerry|Defiant|SuckerPunch,KowtowCleave,LowKick,IronHead|Adamant||F|||50|]Orthworm||Leftovers|EarthEater|BodyPress,Earthquake,HeavySlam,RockSlide|Careful||M|||50|]Garchomp||ChoiceScarf|RoughSkin|StompingTantrum,Earthquake,Outrage,RockSlide|Jolly||F|||50|
|inactive|Battle timer is ON: inactive players will automatically lose when time's up. (requested by 12 bananas)
|inactive|KYAKID has 60 seconds left.
|
|t:|1783285743
|teamsize|p1|4
|teamsize|p2|4
|start
|switch|p1a: Whimsicott|Whimsicott, L50, M|100/100
|switch|p1b: Gardevoir|Gardevoir, L50, F|100/100
|switch|p2a: Staraptor|Staraptor, L50, M, shiny|100/100
|switch|p2b: Kingambit|Kingambit, L50, F, shiny|100/100
|-ability|p2a: Staraptor|Intimidate|boost
|-unboost|p1a: Whimsicott|atk|1
|-unboost|p1b: Gardevoir|atk|1
|-ability|p1b: Gardevoir|Intimidate|Trace|[from] ability: Trace|[of] p2a: Staraptor
|-ability|p1b: Gardevoir|Intimidate|boost
|-unboost|p2a: Staraptor|atk|1
|-unboost|p2b: Kingambit|atk|1
|-ability|p2b: Kingambit|Defiant|boost
|-boost|p2b: Kingambit|atk|2
|turn|1
|
|t:|1783285766
|switch|p2a: Garchomp|Garchomp, L50, F, shiny|100/100
|move|p1a: Whimsicott|Tailwind|p1a: Whimsicott
|-sidestart|p1: KYAKID|move: Tailwind
|move|p1b: Gardevoir|Mystical Fire|p2b: Kingambit
|-supereffective|p2b: Kingambit|1
|-damage|p2b: Kingambit|53/100
|-unboost|p2b: Kingambit|spa|1
|-ability|p2b: Kingambit|Defiant|boost
|-boost|p2b: Kingambit|atk|2
|move|p2b: Kingambit|Iron Head|p1b: Gardevoir
|-supereffective|p1b: Gardevoir|1
|-damage|p1b: Gardevoir|0 fnt
|faint|p1b: Gardevoir
|
|upkeep
|inactive|KYAKID has 30 seconds left.
|
|t:|1783285792
|switch|p1b: Incineroar|Incineroar, L50, F|100/100
|-ability|p1b: Incineroar|Intimidate|boost
|-unboost|p2a: Garchomp|atk|1
|-unboost|p2b: Kingambit|atk|1
|-ability|p2b: Kingambit|Defiant|boost
|-boost|p2b: Kingambit|atk|2
|turn|2
|inactive|12 bananas has 30 seconds left.
|
|t:|1783285819
|switch|p2a: Staraptor|Staraptor, L50, M, shiny|100/100
|-ability|p2a: Staraptor|Intimidate|boost
|-unboost|p1a: Whimsicott|atk|1
|-unboost|p1b: Incineroar|atk|1
|move|p1b: Incineroar|Fake Out|p2a: Staraptor
|-damage|p2a: Staraptor|87/100
|move|p1a: Whimsicott|Encore|p2b: Kingambit
|-hint|Since gen 7, Dark is immune to Prankster moves.
|-immune|p2b: Kingambit
|move|p2b: Kingambit|Low Kick|p1b: Incineroar
|-supereffective|p1b: Incineroar|1
|-damage|p1b: Incineroar|0 fnt
|faint|p1b: Incineroar
|
|upkeep
|
|t:|1783285829
|switch|p1b: Gengar|Gengar, L50, F|100/100
|turn|3
|
|t:|1783285854
|switch|p2a: Garchomp|Garchomp, L50, F, shiny|100/100
|detailschange|p1b: Gengar|Gengar-Mega, L50, F
|-mega|p1b: Gengar|Gengar|Gengarite
|move|p2b: Kingambit|Sucker Punch|p1b: Gengar
|-supereffective|p1b: Gengar|1
|-damage|p1b: Gengar|0 fnt
|faint|p1b: Gengar
|move|p1a: Whimsicott|Moonblast|p2a: Garchomp
|-supereffective|p2a: Garchomp|1
|-damage|p2a: Garchomp|38/100
|-unboost|p2a: Garchomp|spa|1
|
|upkeep
|turn|4
|-message|KYAKID forfeited.
|raw|KYAKID's rating: 1044 → 1031(-13 for losing)
|raw|12 bananas's rating: 1126 → 1145(+19 for winning)
|
|win|12 bananas
|l|☆KYAKID
|player|p1|
