|j|☆GymGlofer
|j|☆exessvgc
|html|GymGloferexessvgc    
|uhtml|bestof|Game 3 of a best-of-3
|t:|1783784017
|gametype|doubles
|player|p1|GymGlofer|2|1127
|player|p2|exessvgc|lucas|1204
|gen|9
|tier|[Gen 9 Champions] VGC 2026 Reg M-B (Bo3)
|rated|
|rule|Species Clause: Limit one of each Pokémon
|rule|Item Clause: Limit 1 of each item
|clearpoke
|poke|p1|Whimsicott, L50, F|
|poke|p1|Meowscarada, L50, M|
|poke|p1|Scovillain, L50, F|
|poke|p1|Tsareena, L50, F|
|poke|p1|Venusaur, L50, M|
|poke|p1|Decidueye, L50, M|
|poke|p2|Aerodactyl, L50, F|
|poke|p2|Raichu, L50, F|
|poke|p2|Charizard, L50, M|
|poke|p2|Whimsicott, L50, F|
|poke|p2|Basculegion, L50, M|
|poke|p2|Garchomp, L50, F|
|teampreview|4
|showteam|p1|Whimsicott||FocusSash|Prankster|Moonblast,CottonSpore,Encore,Protect|Timid||F|||50|]Meowscarada||LifeOrb|Protean|FlowerTrick,ThroatChop,ThunderPunch,BrickBreak|Adamant||M|||50|]Scovillain||Scovillainite|Moody|Flamethrower,LeechSeed,RagePowder,Protect|Bold||F|||50|]Tsareena||ChoiceScarf|QueenlyMajesty|TropKick,HighJumpKick,ZenHeadbutt,TripleAxel|Adamant||F|||50|]Venusaur||Venusaurite|Chlorophyll|SludgeBomb,EarthPower,SleepPowder,Protect|Modest||M|||50|]Decidueye||SitrusBerry|LongReach|LeafBlade,SpiritShackle,RainDance,Protect|Jolly||M|||50|
|showteam|p2|Aerodactyl||Aerodactylite|Unnerve|IceFang,DualWingbeat,RockSlide,WideGuard|Jolly||F|||50|]Raichu||RaichuniteY|LightningRod|FocusBlast,ZapCannon,FakeOut,Protect|Timid||F|||50|]Charizard||CharizarditeY|SolarPower|WeatherBall,HeatWave,SolarBeam,Protect|Modest||M|||50|]Whimsicott||FocusSash|Prankster|Moonblast,Tailwind,SunnyDay,Protect|Timid||F|||50|]Basculegion||MysticWater|Adaptability|WaveCrash,LastRespects,AquaJet,Protect|Adamant||M|||50|]Garchomp||LifeOrb|RoughSkin|Protect,DragonClaw,StompingTantrum,Earthquake|Adamant||F|||50|
|inactive|Battle timer is ON: inactive players will automatically lose when time's up. (requested by GymGlofer)
|
|t:|1783784035
|teamsize|p1|4
|teamsize|p2|4
|start
|switch|p1a: Venusaur|Venusaur, L50, M|100/100
|switch|p1b: Whimsicott|Whimsicott, L50, F|100/100
|switch|p2a: EXESS|Charizard, L50, M|100/100
|switch|p2b: Kokiri|Whimsicott, L50, F|100/100
|turn|1
|
|t:|1783784049
|detailschange|p2a: EXESS|Charizard-Mega-Y, L50, M
|-mega|p2a: EXESS|Charizard|Charizardite Y
|-weather|SunnyDay|[from] ability: Drought|[of] p2a: EXESS
|move|p2b: Kokiri|Tailwind|p2b: Kokiri
|-sidestart|p2: exessvgc|move: Tailwind
|move|p1b: Whimsicott|Cotton Spore|p2b: Kokiri|[spread] p2a
|-immune|p2b: Kokiri
|-unboost|p2a: EXESS|spe|2
|move|p1a: Venusaur|Sludge Bomb|p2b: Kokiri
|-supereffective|p2b: Kokiri|2
|-enditem|p2b: Kokiri|Focus Sash
|-damage|p2b: Kokiri|1/100
|move|p2a: EXESS|Heat Wave|p1b: Whimsicott|[spread] p1a,p1b
|-supereffective|p1a: Venusaur|1
|-supereffective|p1b: Whimsicott|1
|-crit|p1b: Whimsicott
|-damage|p1a: Venusaur|0 fnt
|-enditem|p1b: Whimsicott|Focus Sash
|-damage|p1b: Whimsicott|1/100
|faint|p1a: Venusaur
|
|-weather|SunnyDay|[upkeep]
|upkeep
|
|t:|1783784074
|switch|p1a: Tsareena|Tsareena, L50, F|100/100
|turn|2
|inactive|GymGlofer has 30 seconds left.
|
|t:|1783784102
|switch|p2b: DINOSAUVO|Aerodactyl, L50, F|100/100
|-ability|p2b: DINOSAUVO|Unnerve
|move|p1b: Whimsicott|Protect|p1b: Whimsicott
|-singleturn|p1b: Whimsicott|Protect
|move|p1a: Tsareena|Triple Axel|p2b: DINOSAUVO
|-supereffective|p2b: DINOSAUVO|1
|-crit|p2b: DINOSAUVO
|-damage|p2b: DINOSAUVO|61/100
|-supereffective|p2b: DINOSAUVO|1
|-crit|p2b: DINOSAUVO
|-damage|p2b: DINOSAUVO|0 fnt
|faint|p2b: DINOSAUVO
|-hitcount|p2: DINOSAUVO|2
|move|p2a: EXESS|Heat Wave|p1a: Tsareena|[spread] p1a
|-activate|p1b: Whimsicott|move: Protect
|-supereffective|p1a: Tsareena|1
|-damage|p1a: Tsareena|0 fnt
|faint|p1a: Tsareena
|
|-weather|SunnyDay|[upkeep]
|upkeep
|
|t:|1783784119
|switch|p2b: NEMO|Basculegion, L50, M|100/100
|switch|p1a: Meowscarada|Meowscarada, L50, M|100/100
|turn|3
|
|t:|1783784124
|move|p2b: NEMO|Aqua Jet|p1b: Whimsicott
|-resisted|p1b: Whimsicott|1
|-damage|p1b: Whimsicott|0 fnt
|faint|p1b: Whimsicott
|move|p1a: Meowscarada|Thunder Punch|p2a: EXESS
|-start|p1a: Meowscarada|typechange|Electric|[from] ability: Protean
|-supereffective|p2a: EXESS|1
|-damage|p2a: EXESS|4/100
|-damage|p1a: Meowscarada|90/100|[from] item: Life Orb
|move|p2a: EXESS|Heat Wave|p1a: Meowscarada
|-damage|p1a: Meowscarada|0 fnt
|faint|p1a: Meowscarada
|
|win|exessvgc
|raw|GymGlofer's rating: 1127 → 1107(-20 for losing)
|raw|exessvgc's rating: 1204 → 1224(+20 for winning)
|l|☆GymGlofer
|player|p1|
