|j|☆viatles
|j|☆Jiaqun
|html|viatlesJiaqun    
|uhtml|bestof|Game 1 of a best-of-3
|t:|1784661979
|gametype|doubles
|player|p1|viatles|hiker|1170
|player|p2|Jiaqun|101|1000
|gen|9
|tier|[Gen 9 Champions] VGC 2026 Reg M-B (Bo3)
|rated|
|rule|Species Clause: Limit one of each Pokémon
|rule|Item Clause: Limit 1 of each item
|clearpoke
|poke|p1|Beedrill, L50, F, shiny|
|poke|p1|Farigiraf, L50, F|
|poke|p1|Palafin, L50, M|
|poke|p1|Sableye, L50, M|
|poke|p1|Archaludon, L50, M|
|poke|p1|Toxapex, L50, F|
|poke|p2|Glimmora, L50, M|
|poke|p2|Noivern, L50, F|
|poke|p2|Politoed, L50, M|
|poke|p2|Archaludon, L50, M|
|poke|p2|Tinkaton, L50, F|
|poke|p2|Armarouge, L50, F|
|teampreview|4
|showteam|p1|Beedrill||Beedrillite|Swarm|Uturn,DrillRun,PoisonJab,Protect|Jolly||F|||50|]Farigiraf||ColburBerry|ArmorTail|TrickRoom,Thunderbolt,TwinBeam,RainDance|Bold||F|||50|]Palafin||MysticWater|ZerotoHero|JetPunch,WaveCrash,Protect,DrainPunch|Adamant||M|||50|]Sableye||RoseliBerry|Prankster|FakeOut,FoulPlay,RainDance,Quash|Sassy||M|||50|]Archaludon||Leftovers|Stamina|ElectroShot,Protect,DracoMeteor,AuraSphere|Modest||M|||50|]Toxapex||SitrusBerry|Regenerator|BanefulBunker,Infestation,Toxic,WideGuard|Sassy||F|||50|
|showteam|p2|Glimmora||Glimmoranite|ToxicDebris|SludgeWave,PowerGem,SpikyShield,EarthPower|Timid||M|||50|]Noivern||FocusSash|Telepathy|Hurricane,Tailwind,HeatWave,DracoMeteor|Timid||F|||50|]Politoed||SitrusBerry|Drizzle|Surf,WeatherBall,Protect,IceBeam|Modest||M|||50|]Archaludon||Leftovers|Stamina|ElectroShot,AuraSphere,Protect,FlashCannon|Timid||M|||50|]Tinkaton||MentalHerb|MoldBreaker|FakeOut,GigatonHammer,PlayRough,Protect|Jolly||F|||50|]Armarouge||LifeOrb|FlashFire|ArmorCannon,ExpandingForce,WideGuard,TrickRoom|Modest||F|||50|
|c|☆viatles|gl hf
|inactive|Battle timer is ON: inactive players will automatically lose when time's up. (requested by viatles)
|inactive|viatles has 60 seconds left.
|
|t:|1784662017
|teamsize|p1|4
|teamsize|p2|4
|start
|switch|p1a: Sableye|Sableye, L50, M|100/100
|switch|p1b: Archaludon|Archaludon, L50, M|100/100
|switch|p2a: Armarouge|Armarouge, L50, F|100/100
|switch|p2b: Glimmora|Glimmora, L50, M|100/100
|turn|1
|inactive|Jiaqun has 30 seconds left.
|inactive|Jiaqun has 20 seconds left.
|
|t:|1784662052
|move|p2b: Glimmora|Spiky Shield|p2b: Glimmora
|-singleturn|p2b: Glimmora|move: Protect
|move|p1a: Sableye|Fake Out|p2a: Armarouge
|-damage|p2a: Armarouge|92/100
|move|p1b: Archaludon|Draco Meteor|p2a: Armarouge
|-damage|p2a: Armarouge|23/100
|-unboost|p1b: Archaludon|spa|2
|cant|p2a: Armarouge|flinch
|
|upkeep
|turn|2
|
|t:|1784662071
|switch|p2b: Noivern|Noivern, L50, F|100/100
|switch|p1b: Toxapex|Toxapex, L50, F|100/100
|move|p2a: Armarouge|Armor Cannon|p1b: Toxapex
|-resisted|p1b: Toxapex|1
|-damage|p1b: Toxapex|71/100
|-unboost|p2a: Armarouge|def|1
|-unboost|p2a: Armarouge|spd|1
|-damage|p2a: Armarouge|14/100|[from] item: Life Orb
|move|p1a: Sableye|Foul Play|p2a: Armarouge
|-supereffective|p2a: Armarouge|1
|-damage|p2a: Armarouge|0 fnt
|faint|p2a: Armarouge
|
|upkeep
|l|☆Jiaqun
|inactive|Jiaqun disconnected and has a minute to reconnect!
|player|p2|
|inactive|Jiaqun has 30 seconds left.
|inactive|Jiaqun has 20 seconds left.
|inactive|Jiaqun has 15 seconds left.
|inactive|Jiaqun has 10 seconds left.
|inactive|Jiaqun has 5 seconds left.
|-message|Jiaqun lost due to inactivity.
|
|win|viatles
