|j|☆SapphireKat
|j|☆JuanGuerrero09
|html|SapphireKatJuanGuerrero09    
|uhtml|bestof|Game 2 of a best-of-3
|t:|1757001628
|gametype|doubles
|player|p1|SapphireKat|delinquentf-gen9|1088
|player|p2|JuanGuerrero09|1|1086
|gen|9
|tier|[Gen 9] VGC 2025 Reg H (Bo3)
|rated|
|rule|Species Clause: Limit one of each Pokémon
|rule|Item Clause: Limit 1 of each item
|clearpoke
|poke|p1|Basculegion, L50, M|
|poke|p1|Archaludon, L50, F|
|poke|p1|Pelipper, L50, F|
|poke|p1|Rillaboom, L50, M|
|poke|p1|Sneasler, L50, F|
|poke|p1|Gholdengo, L50|
|poke|p2|Sneasler, L50, M|
|poke|p2|Indeedee, L50, M|
|poke|p2|Whimsicott, L50, M|
|poke|p2|Ursaluna-Bloodmoon, L50, M|
|poke|p2|Archaludon, L50, M|
|poke|p2|Corviknight, L50, M|
|teampreview|4
|showteam|p1|Basculegion||ChoiceBand|SwiftSwim|LastRespects,WaveCrash,FlipTurn,PhantomForce|||M|||50|,,,,,Grass]Archaludon||AssaultVest|Stamina|BodyPress,DragonPulse,FlashCannon,ElectroShot|||F|||50|,,,,,Bug]Pelipper||FocusSash|Drizzle|WeatherBall,Hurricane,Protect,Tailwind|||F|||50|,,,,,Ghost]Rillaboom||MiracleSeed|GrassySurge|WoodHammer,GrassyGlide,HighHorsepower,KnockOff|||M|||50|,,,,,Fire]Sneasler||GrassySeed|Unburden|CloseCombat,DireClaw,Taunt,ThroatChop|||F|||50|,,,,,Stellar]Gholdengo||LifeOrb|GoodasGold|MakeItRain,NastyPlot,Protect,ShadowBall||||||50|,,,,,Flying
|showteam|p2|Sneasler||PsychicSeed|Unburden|Protect,DireClaw,CloseCombat,ThroatChop|||M|||50|,,,,,Dark]Indeedee||FocusSash|PsychicSurge|ExpandingForce,TeraBlast,TrickRoom,Imprison|||M|||50|,,,,,Psychic]Whimsicott||CovertCloak|Prankster|Tailwind,Taunt,FakeTears,Moonblast|||M|||50|,,,,,Water]Ursaluna-Bloodmoon||LifeOrb|MindsEye|Protect,BloodMoon,HyperVoice,EarthPower|||M|||50|,,,,,Normal]Archaludon||PowerHerb|Stalwart|Protect,ElectroShot,DragonPulse,Thunderbolt|||M|||50|,,,,,Electric]Corviknight||Leftovers|MirrorArmor|Roost,BulkUp,BraveBird,BodyPress|||M|||50|,,,,,Dragon
|inactive|Battle timer is ON: inactive players will automatically lose when time's up. (requested by SapphireKat)
|
|t:|1757001707
|teamsize|p1|4
|teamsize|p2|4
|start
|switch|p1a: C. paleatus|Pelipper, L50, F|100/100
|switch|p1b: B. splendens|Basculegion, L50, M, shiny|100/100
|switch|p2a: Whimsicott|Whimsicott, L50, M|100/100
|switch|p2b: Archaludon|Archaludon, L50, M|100/100
|-weather|RainDance|[from] ability: Drizzle|[of] p1a: C. paleatus
|turn|1
|inactive|SapphireKat has 30 seconds left.
|inactive|SapphireKat has 20 seconds left.
|inactive|SapphireKat has 15 seconds left.
|
|t:|1757001751
|move|p2a: Whimsicott|Tailwind|p2a: Whimsicott
|-sidestart|p2: JuanGuerrero09|move: Tailwind
|move|p2b: Archaludon|Electro Shot||[still]
|-prepare|p2b: Archaludon|Electro Shot
|-boost|p2b: Archaludon|spa|1
|-anim|p2b: Archaludon|Electro Shot|p1a: C. paleatus
|-supereffective|p1a: C. paleatus
|-enditem|p1a: C. paleatus|Focus Sash
|-damage|p1a: C. paleatus|1/100
|move|p1b: B. splendens|Flip Turn|p2b: Archaludon
|-resisted|p2b: Archaludon
|-damage|p2b: Archaludon|74/100
|
|t:|1757001771
|switch|p1b: R. titteya|Gholdengo, L50, shiny|100/100|[from] Flip Turn
|move|p1a: C. paleatus|Hurricane|p2a: Whimsicott
|-supereffective|p2a: Whimsicott
|-damage|p2a: Whimsicott|0 fnt
|faint|p2a: Whimsicott
|
|-weather|RainDance|[upkeep]
|upkeep
|
|t:|1757001780
|switch|p2a: Ursaluna|Ursaluna-Bloodmoon, L50, M|100/100
|turn|2
|inactive|SapphireKat has 30 seconds left.
|
|t:|1757001813
|-terastallize|p1b: R. titteya|Flying
|move|p2b: Archaludon|Electro Shot||[still]
|-prepare|p2b: Archaludon|Electro Shot
|-boost|p2b: Archaludon|spa|1
|-anim|p2b: Archaludon|Electro Shot|p1b: R. titteya
|-supereffective|p1b: R. titteya
|-damage|p1b: R. titteya|0 fnt
|faint|p1b: R. titteya
|move|p2a: Ursaluna|Hyper Voice|p1a: C. paleatus
|-damage|p1a: C. paleatus|0 fnt
|faint|p1a: C. paleatus
|-damage|p2a: Ursaluna|91/100|[from] item: Life Orb
|
|-weather|RainDance|[upkeep]
|upkeep
|
|t:|1757001823
|switch|p1b: B. splendens|Basculegion, L50, M, shiny|100/100
|switch|p1a: A. cirrhosus|Archaludon, L50, F, shiny|100/100
|turn|3
|inactive|SapphireKat has 30 seconds left.
|inactive|SapphireKat has 20 seconds left.
|inactive|SapphireKat has 15 seconds left.
|
|t:|1757001867
|-terastallize|p2a: Ursaluna|Normal
|move|p2b: Archaludon|Dragon Pulse|p1a: A. cirrhosus
|-damage|p1a: A. cirrhosus|42/100
|-ability|p1a: A. cirrhosus|Stamina|boost
|-boost|p1a: A. cirrhosus|def|1
|move|p1b: B. splendens|Wave Crash|p2a: Ursaluna
|-damage|p2a: Ursaluna|0 fnt
|faint|p2a: Ursaluna
|-damage|p1b: B. splendens|72/100|[from] Recoil
|move|p1a: A. cirrhosus|Electro Shot||[still]
|-prepare|p1a: A. cirrhosus|Electro Shot
|-boost|p1a: A. cirrhosus|spa|1
|-anim|p1a: A. cirrhosus|Electro Shot|p2b: Archaludon
|-resisted|p2b: Archaludon
|-damage|p2b: Archaludon|26/100
|
|-weather|RainDance|[upkeep]
|upkeep
|
|t:|1757001882
|switch|p2a: Sneasler|Sneasler, L50, M|100/100
|turn|4
|
|t:|1757001896
|move|p2a: Sneasler|Close Combat|p1a: A. cirrhosus
|-supereffective|p1a: A. cirrhosus
|-damage|p1a: A. cirrhosus|0 fnt
|-unboost|p2a: Sneasler|def|1
|-unboost|p2a: Sneasler|spd|1
|faint|p1a: A. cirrhosus
|move|p2b: Archaludon|Electro Shot||[still]
|-prepare|p2b: Archaludon|Electro Shot
|-boost|p2b: Archaludon|spa|1
|-anim|p2b: Archaludon|Electro Shot|p1b: B. splendens
|-supereffective|p1b: B. splendens
|-damage|p1b: B. splendens|0 fnt
|faint|p1b: B. splendens
|
|win|JuanGuerrero09
