|j|☆JuanGuerrero09
|j|☆capspungo
|html|JuanGuerrero09capspungo    
|uhtml|bestof|Game 3 of a best-of-3
|t:|1756649339
|gametype|doubles
|player|p1|JuanGuerrero09|265|1210
|player|p2|capspungo|266|1252
|gen|9
|tier|[Gen 9] VGC 2025 Reg H (Bo3)
|rated|
|rule|Species Clause: Limit one of each Pokémon
|rule|Item Clause: Limit 1 of each item
|clearpoke
|poke|p1|Sneasler, L50, M|
|poke|p1|Indeedee, L50, M|
|poke|p1|Tyranitar, L50, M|
|poke|p1|Excadrill, L50, M|
|poke|p1|Annihilape, L50, M|
|poke|p1|Hydreigon, L50, F|
|poke|p2|Toedscruel, L50, F|
|poke|p2|Weezing-Galar, L50, M|
|poke|p2|Pawmot, L50, M|
|poke|p2|Typhlosion-Hisui, L50, F|
|poke|p2|Corviknight, L50, M|
|poke|p2|Garchomp, L50, F|
|teampreview|4
|showteam|p1|Sneasler||PsychicSeed|Unburden|CloseCombat,DireClaw,ThroatChop,Protect|||M|||50|,,,,,Dark]Indeedee||ChoiceScarf|PsychicSurge|ExpandingForce,TeraBlast,Trick,DazzlingGleam|||M|||50|,,,,,Fire]Tyranitar||AssaultVest|SandStream|RockSlide,KnockOff,TeraBlast,LowKick|||M|||50|,,,,,Flying]Excadrill||FocusSash|SandRush|HighHorsepower,Earthquake,IronHead,Protect|||M|||50|,,,,,Ground]Annihilape||SafetyGoggles|Defiant|CloseCombat,RageFist,Taunt,FinalGambit|||M|||50|,,,,,Psychic]Hydreigon||CovertCloak|Levitate|Snarl,Tailwind,DracoMeteor,Protect|||F|||50|,,,,,Poison
|showteam|p2|Toedscruel||CovertCloak|MyceliumMight|RagePowder,Spore,EarthPower,AcidSpray|||F|||50|,,,,,Water]Weezing-Galar||ChoiceSpecs|NeutralizingGas|DazzlingGleam,SludgeBomb,StrangeSteam,Flamethrower|||M|||50|,,,,,Fire]Pawmot||FocusSash|NaturalCure|FakeOut,CloseCombat,DoubleShock,Protect|||M|||50|,,,,,Electric]Typhlosion-Hisui||ChoiceScarf|Blaze|Eruption,ShadowBall,HeatWave,SleepTalk|||F|||50|,,,,,Fire]Corviknight||SitrusBerry|MirrorArmor|BraveBird,Tailwind,Protect,Roost|||M|||50|,,,,,Dragon]Garchomp||LifeOrb|RoughSkin|Earthquake,StompingTantrum,DragonClaw,Protect|||F|||50|,,,,,Ground
|inactive|Battle timer is ON: inactive players will automatically lose when time's up. (requested by capspungo)
|
|t:|1756649379
|teamsize|p1|4
|teamsize|p2|4
|start
|switch|p1a: Hydreigon|Hydreigon, L50, F|100/100
|switch|p1b: Sneasler|Sneasler, L50, M|100/100
|switch|p2a: Corviknight|Corviknight, L50, M|100/100
|switch|p2b: Garchomp|Garchomp, L50, F|100/100
|turn|1
|inactive|capspungo has 30 seconds left.
|
|t:|1756649405
|-terastallize|p2b: Garchomp|Ground
|move|p1b: Sneasler|Protect|p1b: Sneasler
|-singleturn|p1b: Sneasler|Protect
|move|p2b: Garchomp|Dragon Claw|p1a: Hydreigon
|-supereffective|p1a: Hydreigon
|-damage|p1a: Hydreigon|0 fnt
|faint|p1a: Hydreigon
|-damage|p2b: Garchomp|91/100|[from] item: Life Orb
|move|p2a: Corviknight|Tailwind|p2a: Corviknight
|-sidestart|p2: capspungo|move: Tailwind
|
|upkeep
|
|t:|1756649422
|switch|p1a: Tyranitar|Tyranitar, L50, M|100/100
|-weather|Sandstorm|[from] ability: Sand Stream|[of] p1a: Tyranitar
|turn|2
|inactive|JuanGuerrero09 has 30 seconds left.
|
|t:|1756649450
|move|p1b: Sneasler|Protect|p1b: Sneasler
|-singleturn|p1b: Sneasler|Protect
|move|p2b: Garchomp|Earthquake|p1b: Sneasler|[spread] p1a
|-activate|p1b: Sneasler|move: Protect
|-immune|p2a: Corviknight
|-supereffective|p1a: Tyranitar
|-damage|p1a: Tyranitar|0 fnt
|faint|p1a: Tyranitar
|-damage|p2b: Garchomp|81/100|[from] item: Life Orb
|move|p2a: Corviknight|Brave Bird|p1b: Sneasler
|-activate|p1b: Sneasler|move: Protect
|
|-weather|Sandstorm|[upkeep]
|-damage|p1b: Sneasler|95/100|[from] Sandstorm
|upkeep
|
|t:|1756649463
|switch|p1a: Excadrill|Excadrill, L50, M|100/100
|turn|3
|
|t:|1756649476
|move|p2b: Garchomp|Earthquake|p1a: Excadrill|[spread] p1a,p1b
|-immune|p2a: Corviknight
|-supereffective|p1a: Excadrill
|-supereffective|p1b: Sneasler
|-enditem|p1a: Excadrill|Focus Sash
|-damage|p1a: Excadrill|1/100
|-damage|p1b: Sneasler|0 fnt
|faint|p1b: Sneasler
|-damage|p2b: Garchomp|71/100|[from] item: Life Orb
|move|p1a: Excadrill|Iron Head|p2b: Garchomp
|-damage|p2b: Garchomp|19/100
|-damage|p1a: Excadrill|0 fnt|[from] ability: Rough Skin|[of] p2b: Garchomp
|faint|p1a: Excadrill
|
|win|capspungo
|raw|JuanGuerrero09's rating: 1210 → 1188(-22 for losing)
|raw|capspungo's rating: 1252 → 1274(+22 for winning)
