|j|ŌśåTruevillany123
|j|Ōśåsigueinventando
|html|Truevillany123sigueinventando    
|uhtml|bestof|Game 2 of a best-of-3
|t:|1757705476
|gametype|doubles
|player|p1|Truevillany123|1|1154
|player|p2|sigueinventando|benga|1245
|gen|9
|tier|[Gen 9] VGC 2025 Reg H (Bo3)
|rated|
|rule|Species Clause: Limit one of each Pok├®mon
|rule|Item Clause: Limit 1 of each item
|clearpoke
|poke|p1|Dragonite, L50, M|
|poke|p1|Ursaluna-Bloodmoon, L50, M|
|poke|p1|Gholdengo, L50|
|poke|p1|Annihilape, L50, F|
|poke|p1|Ninetales-Alola, L50, F|
|poke|p1|Rillaboom, L50, M|
|poke|p2|Jumpluff, L50, M|
|poke|p2|Torkoal, L50, F|
|poke|p2|Garchomp, L50, M|
|poke|p2|Kingambit, L50, M|
|poke|p2|Typhlosion-Hisui, L50, F|
|poke|p2|Dragonite, L50, M|
|teampreview|4
|showteam|p1|Dragonite||LoadedDice|Multiscale|ScaleShot,Protect,Haze,Tailwind|||M|||50|,,,,,Fairy]Ursaluna-Bloodmoon||LifeOrb|MindsEye|BloodMoon,HyperVoice,EarthPower,Protect|||M|||50|,,,,,Normal]Gholdengo||ChoiceSpecs|GoodasGold|MakeItRain,ShadowBall,PowerGem,Trick||||||50|,,,,,Steel]Annihilape||SitrusBerry|Defiant|DrainPunch,RageFist,Protect,BulkUp|||F|||50|,,,,,Fire]Ninetales-Alola||FocusSash|SnowWarning|FreezeDry,AuroraVeil,Encore,IcicleSpear|||F|||50|,,,,,Ghost]Rillaboom||AssaultVest|GrassySurge|FakeOut,WoodHammer,HighHorsepower,Uturn|||M|||50|,,,,,Fire
|showteam|p2|Jumpluff||CovertCloak|Chlorophyll|Tailwind,LeafStorm,Encore,SleepPowder|||M|||50|,,,,,Dark]Torkoal||EjectPack|Drought|BurningJealousy,Overheat,HelpingHand,Protect|||F|||50|,,,,,Fire]Garchomp||LifeOrb|RoughSkin|DragonClaw,StompingTantrum,Earthquake,Protect|||M|||50|,,,,,Fire]Kingambit||AssaultVest|Defiant|SuckerPunch,KowtowCleave,LowKick,IronHead|||M|||50|,,,,,Flying]Typhlosion-Hisui||ChoiceSpecs|Blaze|Eruption,HeatWave,Overheat,ShadowBall|||F|||50|,,,,,Fire]Dragonite||LoadedDice|Multiscale|ScaleShot,ExtremeSpeed,IceSpinner,Protect|||M|||50|,,,,,Fairy
|c|ŌśåTruevillany123|gg u won
|
|t:|1757705520
|teamsize|p1|4
|teamsize|p2|4
|start
|switch|p1a: Gholdengo|Gholdengo, L50|100/100
|switch|p1b: Rillaboom|Rillaboom, L50, M|100/100
|switch|p2a: Jumpluff|Jumpluff, L50, M|100/100
|switch|p2b: Torkoal|Torkoal, L50, F|100/100
|-fieldstart|move: Grassy Terrain|[from] ability: Grassy Surge|[of] p1b: Rillaboom
|-weather|SunnyDay|[from] ability: Drought|[of] p2b: Torkoal
|turn|1
|
|t:|1757705539
|-terastallize|p1a: Gholdengo|Steel
|move|p2a: Jumpluff|Tailwind|p2a: Jumpluff
|-sidestart|p2: sigueinventando|move: Tailwind
|move|p1a: Gholdengo|Make It Rain|p2b: Torkoal|[spread] p2a,p2b
|-resisted|p2b: Torkoal
|-damage|p2a: Jumpluff|0 fnt
|-damage|p2b: Torkoal|34/100
|-unboost|p1a: Gholdengo|spa|1
|faint|p2a: Jumpluff
|move|p1b: Rillaboom|High Horsepower|p2b: Torkoal
|-supereffective|p2b: Torkoal
|-damage|p2b: Torkoal|0 fnt
|faint|p2b: Torkoal
|
|-weather|SunnyDay|[upkeep]
|upkeep
|
|t:|1757705547
|switch|p2a: Garchomp|Garchomp, L50, M|100/100
|switch|p2b: Typhlosion|Typhlosion-Hisui, L50, F|100/100
|turn|2
|
|t:|1757705564
|switch|p1a: Ninetales|Ninetales-Alola, L50, F|100/100
|-weather|Snowscape|[from] ability: Snow Warning|[of] p1a: Ninetales
|-terastallize|p2b: Typhlosion|Fire
|move|p2a: Garchomp|Stomping Tantrum|p1b: Rillaboom
|-resisted|p1b: Rillaboom
|-damage|p1b: Rillaboom|76/100
|-damage|p2a: Garchomp|91/100|[from] item: Life Orb
|move|p2b: Typhlosion|Heat Wave|p1b: Rillaboom|[spread] p1a,p1b
|-supereffective|p1a: Ninetales
|-supereffective|p1b: Rillaboom
|-enditem|p1a: Ninetales|Focus Sash
|-damage|p1a: Ninetales|1/100
|-damage|p1b: Rillaboom|0 fnt
|faint|p1b: Rillaboom
|
|-weather|Snowscape|[upkeep]
|-heal|p2a: Garchomp|97/100|[from] Grassy Terrain
|-heal|p1a: Ninetales|7/100|[from] Grassy Terrain
|upkeep
|
|t:|1757705583
|switch|p1b: Dragonite|Dragonite, L50, M, shiny|100/100
|turn|3
|
|t:|1757705595
|move|p2a: Garchomp|Dragon Claw|p1b: Dragonite
|-supereffective|p1b: Dragonite
|-damage|p1b: Dragonite|35/100
|-damage|p2a: Garchomp|87/100|[from] item: Life Orb
|move|p2b: Typhlosion|Heat Wave|p1b: Dragonite|[spread] p1a,p1b
|-supereffective|p1a: Ninetales
|-resisted|p1b: Dragonite
|-damage|p1a: Ninetales|0 fnt
|-damage|p1b: Dragonite|0 fnt
|faint|p1a: Ninetales
|faint|p1b: Dragonite
|
|-weather|Snowscape|[upkeep]
|-heal|p2a: Garchomp|93/100|[from] Grassy Terrain
|upkeep
|c|ŌśåTruevillany123|gg fuck
|c|Ōśåsigueinventando|wow
|
|t:|1757705613
|switch|p1b: Gholdengo|Gholdengo, L50, tera:Steel|100/100
|turn|4
|c|Ōśåsigueinventando|its a really hard matchup for u
|c|ŌśåTruevillany123|IK but I'm still angry at me
|c|Ōśåsigueinventando|have u tried the other variant of ur team?
|c|ŌśåTruevillany123|I prob could have tried something but I'm fucking terrified of Jumpluff
|c|ŌśåTruevillany123|no
|c|ŌśåTruevillany123|I kinda just started this one
|c|Ōśåsigueinventando|i think its grassy seed gholdengo
|c|Ōśåsigueinventando|but the rest is the same
|c|ŌśåTruevillany123|OK
|c|ŌśåTruevillany123|I'll look into it
|c|Ōśåsigueinventando|tera water nasty plot stuff
|c|ŌśåTruevillany123|Yeah IK I just had a hard time setting Plot Ghold before I wanted more burst
|c|ŌśåTruevillany123|but it fucked me this matchup
|c|Ōśåsigueinventando|for sure
|
|t:|1757705682
|move|p2a: Garchomp|Stomping Tantrum|p1b: Gholdengo
|-supereffective|p1b: Gholdengo
|-damage|p1b: Gholdengo|0 fnt
|faint|p1b: Gholdengo
|-damage|p2a: Garchomp|83/100|[from] item: Life Orb
|
|win|sigueinventando
|raw|Truevillany123's rating: 1154 → 1135(-19 for losing)
|raw|sigueinventando's rating: 1245 → 1264(+19 for winning)
|c|ŌśåTruevillany123|WP
|c|Ōśåsigueinventando|ggs
|c|ŌśåTruevillany123|ggs
|c|ŌśåTruevillany123|I could just also just try this team lmaio
