|j|☆selene915
|j|☆Holylike
|html|selene915Holylike    
|uhtml|bestof|Game 2 of a best-of-3
|t:|1783713449
|gametype|doubles
|player|p1|selene915|cynthia|1205
|player|p2|Holylike|102|1000
|gen|9
|tier|[Gen 9 Champions] VGC 2026 Reg M-B (Bo3)
|rated|
|rule|Species Clause: Limit one of each Pokémon
|rule|Item Clause: Limit 1 of each item
|clearpoke
|poke|p1|Gholdengo, L50|
|poke|p1|Whimsicott, L50, F|
|poke|p1|Charizard, L50, M|
|poke|p1|Tyranitar, L50, F|
|poke|p1|Tsareena, L50, F|
|poke|p1|Sceptile, L50, M|
|poke|p2|Hatterene, L50, F|
|poke|p2|Oranguru, L50, F|
|poke|p2|Mawile, L50, F|
|poke|p2|Kangaskhan, L50, F|
|poke|p2|Venusaur, L50, F|
|poke|p2|Torkoal, L50, M|
|teampreview|4
|showteam|p1|Gholdengo||ChoiceScarf|GoodasGold|MakeItRain,ShadowBall,PowerGem,Psychic|Timid|||||50|]Whimsicott||FocusSash|Prankster|Moonblast,Encore,EnergyBall,Tailwind|Bold||F|||50|]Charizard||CharizarditeY|Blaze|HeatWave,SolarBeam,DragonPulse,Protect|Modest||M|||50|]Tyranitar||LifeOrb|SandStream|RockSlide,KnockOff,IcePunch,Protect|Adamant||F|||50|]Tsareena||BlackBelt|QueenlyMajesty|TropKick,LowKick,TripleAxel,Protect|Adamant||F|||50|]Sceptile||Sceptilite|Overgrow|EarthPower,EnergyBall,VacuumWave,Protect|Rash||M|||50|
|showteam|p2|Hatterene||LifeOrb|MagicBounce|Protect,Psychic,TrickRoom,DazzlingGleam|Quiet||F|||50|]Oranguru||MentalHerb|InnerFocus|Protect,Instruct,Psychic,TrickRoom|Bold||F|||50|]Mawile||Mawilite|HyperCutter|SuckerPunch,PlayRough,Protect,IronHead|Brave||F|||50|]Kangaskhan||SilkScarf|Scrappy|LastResort,FakeOut|Brave||F|||50|]Venusaur||FocusSash|Chlorophyll|LeafStorm,SludgeBomb,SleepPowder,Protect|Modest||F|||50|]Torkoal||Charcoal|Drought|Eruption,Protect,EarthPower,HeatWave|Quiet||M|||50|
|inactive|Battle timer is ON: inactive players will automatically lose when time's up. (requested by Holylike)
|inactive|Holylike has 60 seconds left.
|
|t:|1783713501
|teamsize|p1|4
|teamsize|p2|4
|start
|switch|p1a: Tsareena|Tsareena, L50, F|100/100
|switch|p1b: Tyranitar|Tyranitar, L50, F|100/100
|switch|p2a: Mawile|Mawile, L50, F|100/100
|switch|p2b: Kangaskhan|Kangaskhan, L50, F|100/100
|-weather|Sandstorm|[from] ability: Sand Stream|[of] p1b: Tyranitar
|turn|1
|inactive|selene915 has 30 seconds left.
|inactive|Holylike has 30 seconds left.
|inactive|selene915 has 20 seconds left.
|
|t:|1783713540
|switch|p1b: Gholdengo|Gholdengo, L50|100/100
|switch|p2b: Oranguru|Oranguru, L50, F|100/100
|move|p2a: Mawile|Protect|p2a: Mawile
|-singleturn|p2a: Mawile|Protect
|move|p1a: Tsareena|Low Kick|p2b: Oranguru
|-damage|p2b: Oranguru|71/100
|
|-weather|Sandstorm|[upkeep]
|-damage|p1a: Tsareena|93/100|[from] Sandstorm
|-damage|p2b: Oranguru|64/100|[from] Sandstorm
|upkeep
|turn|2
|
|t:|1783713556
|detailschange|p2a: Mawile|Mawile-Mega, L50, F
|-mega|p2a: Mawile|Mawile|Mawilite
|move|p2a: Mawile|Sucker Punch||[still]
|cant|p1a: Tsareena|ability: Queenly Majesty|Sucker Punch|[of] p2a: Mawile
|move|p1b: Gholdengo|Make It Rain|p2b: Oranguru|[spread] p2a,p2b
|-damage|p2a: Mawile|46/100
|-damage|p2b: Oranguru|29/100
|-unboost|p1b: Gholdengo|spa|2
|move|p1a: Tsareena|Trop Kick|p2b: Oranguru
|-damage|p2b: Oranguru|0 fnt
|faint|p2b: Oranguru
|
|-weather|Sandstorm|[upkeep]
|-damage|p1a: Tsareena|87/100|[from] Sandstorm
|upkeep
|-message|Holylike forfeited.
|
|win|selene915
|raw|selene915's rating: 1205 → 1217(+12 for winning)
|raw|Holylike's rating: 1000 → 1000(+0 for losing)
|l|☆Holylike
|player|p2|
