|j|☆chikondi
|j|☆Gi1796
|html|chikondiGi1796    
|uhtml|bestof|Game 1 of a best-of-3
|t:|1756832090
|gametype|doubles
|player|p1|chikondi|galacticgruntf|1115
|player|p2|Gi1796|169|1202
|gen|9
|tier|[Gen 9] VGC 2025 Reg H (Bo3)
|rated|
|rule|Species Clause: Limit one of each Pokémon
|rule|Item Clause: Limit 1 of each item
|clearpoke
|poke|p1|Garchomp, L50, F|
|poke|p1|Jumpluff, L50, F|
|poke|p1|Torkoal, L50, M|
|poke|p1|Dragonite, L50, M|
|poke|p1|Kingambit, L50, M|
|poke|p1|Typhlosion-Hisui, L50, M|
|poke|p2|Sneasler, L50, M|
|poke|p2|Indeedee, L50, M|
|poke|p2|Annihilape, L50, M|
|poke|p2|Tyranitar, L50, M|
|poke|p2|Excadrill, L50, M|
|poke|p2|Corviknight, L50, M|
|teampreview|4
|showteam|p1|Garchomp||LifeOrb|RoughSkin|Earthquake,DragonClaw,StompingTantrum,Protect|||F|||50|,,,,,Fire]Jumpluff||CovertCloak|Chlorophyll|LeafStorm,SleepPowder,Encore,Tailwind|||F|||50|,,,,,Poison]Torkoal||EjectPack|Drought|Overheat,BurningJealousy,HelpingHand,Protect|||M|||50|,,,,,Flying]Dragonite||LoadedDice|Multiscale|ScaleShot,ExtremeSpeed,IceSpinner,Protect|||M|||50|,,,,,Fairy]Kingambit||AssaultVest|Defiant|IronHead,SuckerPunch,Assurance,LowKick|||M|||50|,,,,,Flying]Typhlosion-Hisui||ChoiceSpecs|Blaze|Eruption,ShadowBall,HeatWave,Overheat|||M|||50|,,,,,Fire
|showteam|p2|Sneasler||PsychicSeed|Unburden|CloseCombat,DireClaw,ThroatChop,Protect|||M|||50|,,,,,Dark]Indeedee||ChoiceScarf|PsychicSurge|ExpandingForce,TeraBlast,Trick,DazzlingGleam|||M|||50|,,,,,Psychic]Annihilape||SafetyGoggles|Defiant|CloseCombat,RageFist,Taunt,FinalGambit|||M|||50|,,,,,Water]Tyranitar||AssaultVest|SandStream|RockSlide,KnockOff,TeraBlast,LowKick|||M|||50|,,,,,Flying]Excadrill||FocusSash|SandRush|HighHorsepower,Earthquake,IronHead,Protect|||M|||50|,,,,,Stellar]Corviknight||Leftovers|MirrorArmor|BraveBird,BulkUp,Tailwind,Roost|||M|||50|,,,,,Dragon
|inactive|Battle timer is ON: inactive players will automatically lose when time's up. (requested by Gi1796)
|inactive|chikondi has 60 seconds left.
|
|t:|1756832142
|teamsize|p1|4
|teamsize|p2|4
|start
|switch|p1a: Jumpluff|Jumpluff, L50, F|100/100
|switch|p1b: Garchomp|Garchomp, L50, F|100/100
|switch|p2a: Sneasler|Sneasler, L50, M|100/100
|switch|p2b: Indeedee|Indeedee, L50, M|100/100
|-fieldstart|move: Psychic Terrain|[from] ability: Psychic Surge|[of] p2b: Indeedee
|-enditem|p2a: Sneasler|Psychic Seed
|-boost|p2a: Sneasler|spd|1|[from] item: Psychic Seed
|turn|1
|inactive|chikondi has 30 seconds left.
|inactive|Gi1796 has 30 seconds left.
|
|t:|1756832172
|switch|p1a: Kingambit|Kingambit, L50, M|100/100
|move|p2a: Sneasler|Dire Claw|p1a: Kingambit
|-immune|p1a: Kingambit
|move|p2b: Indeedee|Expanding Force|p1a: Kingambit|[spread] p1b
|-immune|p1a: Kingambit
|-crit|p1b: Garchomp
|-damage|p1b: Garchomp|13/100
|move|p1b: Garchomp|Stomping Tantrum|p2a: Sneasler
|-supereffective|p2a: Sneasler
|-damage|p2a: Sneasler|0 fnt
|faint|p2a: Sneasler
|-damage|p1b: Garchomp|3/100|[from] item: Life Orb
|
|upkeep
|
|t:|1756832185
|switch|p2a: Tyranitar|Tyranitar, L50, M|100/100
|-weather|Sandstorm|[from] ability: Sand Stream|[of] p2a: Tyranitar
|turn|2
|inactive|Gi1796 has 30 seconds left.
|inactive|Gi1796 has 20 seconds left.
|inactive|Gi1796 has 15 seconds left.
|
|t:|1756832230
|-terastallize|p2b: Indeedee|Psychic
|move|p1b: Garchomp|Protect|p1b: Garchomp
|-singleturn|p1b: Garchomp|Protect
|move|p2b: Indeedee|Expanding Force|p1a: Kingambit|[spread] 
|-activate|p1b: Garchomp|move: Protect
|-immune|p1a: Kingambit
|move|p2a: Tyranitar|Low Kick|p1a: Kingambit
|-supereffective|p1a: Kingambit
|-damage|p1a: Kingambit|0 fnt
|faint|p1a: Kingambit
|
|-weather|Sandstorm|[upkeep]
|-damage|p2b: Indeedee|95/100|[from] Sandstorm
|upkeep
|inactive|chikondi has 30 seconds left.
|
|t:|1756832259
|switch|p1a: Dragonite|Dragonite, L50, M|100/100
|turn|3
|inactive|chikondi has 30 seconds left.
|
|t:|1756832292
|switch|p1b: Jumpluff|Jumpluff, L50, F|100/100
|move|p2b: Indeedee|Expanding Force|p1a: Dragonite|[spread] p1a,p1b
|-damage|p1a: Dragonite|62/100
|-damage|p1b: Jumpluff|27/100
|move|p1a: Dragonite|Ice Spinner|p2b: Indeedee
|-damage|p2b: Indeedee|32/100
|-fieldend|move: Psychic Terrain
|move|p2a: Tyranitar|Rock Slide|p1a: Dragonite|[spread] p1a,p1b
|-supereffective|p1a: Dragonite
|-supereffective|p1b: Jumpluff
|-damage|p1a: Dragonite|0 fnt
|-damage|p1b: Jumpluff|0 fnt
|faint|p1a: Dragonite
|faint|p1b: Jumpluff
|
|-weather|Sandstorm|[upkeep]
|-damage|p2b: Indeedee|26/100|[from] Sandstorm
|upkeep
|
|t:|1756832304
|switch|p1b: Garchomp|Garchomp, L50, F|3/100
|turn|4
|
|t:|1756832309
|move|p2b: Indeedee|Expanding Force|p1b: Garchomp
|-damage|p1b: Garchomp|0 fnt
|faint|p1b: Garchomp
|
|win|Gi1796
