|j|☆zeclos
|j|☆Jackwoodsford
|html|zeclosJackwoodsford    
|uhtml|bestof|Game 2 of a best-of-3
|t:|1757929227
|gametype|doubles
|player|p1|zeclos|265|1150
|player|p2|Jackwoodsford|101|1126
|gen|9
|tier|[Gen 9] VGC 2025 Reg H (Bo3)
|rated|
|rule|Species Clause: Limit one of each Pokémon
|rule|Item Clause: Limit 1 of each item
|clearpoke
|poke|p1|Dusclops, L50, M|
|poke|p1|Ursaluna, L50, M|
|poke|p1|Torkoal, L50, F|
|poke|p1|Lilligant-Hisui, L50, F|
|poke|p1|Annihilape, L50, M|
|poke|p1|Dragonite, L50, F|
|poke|p2|Whimsicott, L50, M|
|poke|p2|Gholdengo, L50|
|poke|p2|Dragonite, L50, M|
|poke|p2|Incineroar, L50, M|
|poke|p2|Annihilape, L50, M|
|poke|p2|Garchomp, L50, F|
|teampreview|4
|showteam|p1|Dusclops||Eviolite|Pressure|TrickRoom,NightShade,PainSplit,WillOWisp|||M|||50|,,,,,Flying]Ursaluna||AssaultVest|Guts|Facade,CloseCombat,HeadlongRush,Earthquake|||M|||50|,,,,,Ghost]Torkoal||Charcoal|Drought|Eruption,Protect,Flamethrower,WeatherBall|||F|||50|,,,,,Fire]Lilligant-Hisui||FocusSash|Chlorophyll|CloseCombat,AfterYou,SleepPowder,SolarBlade|||F|||50|,,,,,Ghost]Annihilape||ChoiceScarf|Defiant|RageFist,CloseCombat,FinalGambit,Coaching|||M|||50|,,,,,Fire]Dragonite||LoadedDice|Multiscale|ScaleShot,Protect,ExtremeSpeed,Haze|||F|||50|,,,,,Fairy
|showteam|p2|Whimsicott||CovertCloak|Prankster|Tailwind,Encore,Moonblast,Protect|||M|||50|,,,,,Water]Gholdengo||ChoiceSpecs|GoodasGold|MakeItRain,ShadowBall,Trick,Protect||||||50|,,,,,Steel]Dragonite||LoadedDice|Multiscale|ScaleShot,Tailwind,Haze,Protect|||M|||50|,,,,,Fairy]Incineroar||AssaultVest|Intimidate|FakeOut,FlareBlitz,KnockOff,Uturn|||M|||50|,,,,,Ghost]Annihilape||SafetyGoggles|Defiant|RageFist,CloseCombat,FinalGambit,Taunt|||M|||50|,,,,,Fire]Garchomp||LifeOrb|RoughSkin|Earthquake,StompingTantrum,DragonClaw,Protect|||F|||50|,,,,,Ground
|inactive|Battle timer is ON: inactive players will automatically lose when time's up. (requested by zeclos)
|inactive|zeclos has 60 seconds left.
|
|t:|1757929266
|teamsize|p1|4
|teamsize|p2|4
|start
|switch|p1a: Annihilape|Annihilape, L50, M|100/100
|switch|p1b: Ursaluna|Ursaluna, L50, M|100/100
|switch|p2a: Gholdengo|Gholdengo, L50|100/100
|switch|p2b: Annihilape|Annihilape, L50, M|100/100
|turn|1
|
|t:|1757929279
|-terastallize|p2a: Gholdengo|Steel
|move|p1a: Annihilape|Coaching|p1b: Ursaluna
|-boost|p1b: Ursaluna|atk|1
|-boost|p1b: Ursaluna|def|1
|move|p2b: Annihilape|Rage Fist|p1b: Ursaluna
|-immune|p1b: Ursaluna
|move|p2a: Gholdengo|Make It Rain|p1b: Ursaluna|[spread] p1a,p1b
|-damage|p1a: Annihilape|5/100
|-damage|p1b: Ursaluna|36/100
|-unboost|p2a: Gholdengo|spa|1
|move|p1b: Ursaluna|Earthquake|p2a: Gholdengo|[spread] p1a,p2a,p2b
|-supereffective|p2a: Gholdengo
|-damage|p1a: Annihilape|0 fnt
|-damage|p2a: Gholdengo|0 fnt
|-damage|p2b: Annihilape|30/100
|faint|p1a: Annihilape
|faint|p2a: Gholdengo
|
|upkeep
|
|t:|1757929293
|switch|p1a: Dragonite|Dragonite, L50, F|100/100
|switch|p2a: Incineroar|Incineroar, L50, M|100/100
|-ability|p2a: Incineroar|Intimidate|boost
|-unboost|p1a: Dragonite|atk|1
|-unboost|p1b: Ursaluna|atk|1
|turn|2
|inactive|zeclos has 30 seconds left.
|
|t:|1757929320
|-terastallize|p1b: Ursaluna|Ghost
|move|p1a: Dragonite|Protect|p1a: Dragonite
|-singleturn|p1a: Dragonite|Protect
|move|p2b: Annihilape|Close Combat|p1b: Ursaluna
|-immune|p1b: Ursaluna
|move|p2a: Incineroar|Knock Off|p1b: Ursaluna
|-supereffective|p1b: Ursaluna
|-damage|p1b: Ursaluna|0 fnt
|-enditem|p1b: Ursaluna|Assault Vest|[from] move: Knock Off|[of] p2a: Incineroar
|faint|p1b: Ursaluna
|
|upkeep
|
|t:|1757929322
|switch|p1b: Dusclops|Dusclops, L50, M|100/100
|-ability|p1b: Dusclops|Pressure
|turn|3
|
|t:|1757929344
|move|p2b: Annihilape|Taunt|p1b: Dusclops
|-start|p1b: Dusclops|move: Taunt
|move|p1a: Dragonite|Scale Shot|p2a: Incineroar|[miss]
|-miss|p1a: Dragonite|p2a: Incineroar
|move|p2a: Incineroar|Knock Off|p1b: Dusclops
|-supereffective|p1b: Dusclops
|-damage|p1b: Dusclops|44/100
|-enditem|p1b: Dusclops|Eviolite|[from] move: Knock Off|[of] p2a: Incineroar
|cant|p1b: Dusclops|move: Taunt|Will-O-Wisp
|
|upkeep
|turn|4
|-message|zeclos forfeited.
|
|win|Jackwoodsford
||zeclos is ready for game 3.
||Jackwoodsford is ready for game 3.
|uhtml|next|Next: Game 3 of 3
|l|☆zeclos
|player|p1|
|l|☆Jackwoodsford
|player|p2|
