|j|ŌśåWooperdooperpooper
|j|ŌśåMahdrescher
|html|WooperdooperpooperMahdrescher    
|uhtml|bestof|Game 2 of a best-of-3
|t:|1755817350
|gametype|doubles
|player|p1|Wooperdooperpooper|ninjaboy|1237
|player|p2|Mahdrescher|barry|1250
|gen|9
|tier|[Gen 9] VGC 2025 Reg H (Bo3)
|rated|
|rule|Species Clause: Limit one of each Pok├®mon
|rule|Item Clause: Limit 1 of each item
|clearpoke
|poke|p1|Charizard, L50, F|
|poke|p1|Indeedee-F, L50, F|
|poke|p1|Ursaluna, L50, M|
|poke|p1|Torkoal, L50, M|
|poke|p1|Gallade, L50, M|
|poke|p1|Hatterene, L50, F|
|poke|p2|Rillaboom, L50, F|
|poke|p2|Electabuzz, L50, M|
|poke|p2|Archaludon, L50, M|
|poke|p2|Kingambit, L50, M|
|poke|p2|Pelipper, L50, M|
|poke|p2|Basculegion, L50, M|
|teampreview|4
|showteam|p1|Charizard||ChoiceScarf|SolarPower|HeatWave,Overheat,WeatherBall,ScorchingSands|||F|||50|,,,,,Fire]Indeedee-F||SafetyGoggles|PsychicSurge|DazzlingGleam,FollowMe,TrickRoom,HelpingHand|||F|||50|,,,,,Water]Ursaluna||FlameOrb|Guts|HeadlongRush,Facade,RockSlide,Protect|||M|||50|,,,,,Dragon]Torkoal||Charcoal|Drought|Eruption,Overheat,HelpingHand,Protect|||M|||50|,,,,,Fire]Gallade||ClearAmulet|Sharpness|SacredSword,PsychoCut,TrickRoom,WideGuard|||M|||50|,,,,,Grass]Hatterene||LifeOrb|MagicBounce|ExpandingForce,DazzlingGleam,TrickRoom,Protect|||F|||50|,,,,,Water
|showteam|p2|Rillaboom||LoadedDice|GrassySurge|BulletSeed,GrassyGlide,HighHorsepower,FakeOut|||F|||50|,,,,,Fire]Electabuzz||Eviolite|VitalSpirit|Electroweb,Taunt,FollowMe,Protect|||M|||50|,,,,,Ghost]Archaludon||AssaultVest|Stamina|ElectroShot,BodyPress,FlashCannon,DragonPulse|||M|||50|,,,,,Bug]Kingambit||BlackGlasses|Defiant|KowtowCleave,SuckerPunch,SwordsDance,Protect|||M|||50|,,,,,Dark]Pelipper||FocusSash|Drizzle|WeatherBall,Hurricane,Tailwind,Protect|||M|||50|,,,,,Ghost]Basculegion||ChoiceBand|SwiftSwim|WaveCrash,AquaJet,FlipTurn,LastRespects|||M|||50|,,,,,Grass
|inactive|Battle timer is ON: inactive players will automatically lose when time's up. (requested by Wooperdooperpooper)
|c|ŌśåMahdrescher|lost last two macthes because of dire claw sleep man
|inactive|Mahdrescher has 60 seconds left.
|c|ŌśåWooperdooperpooper|dire claw is a wrong move
|c|ŌśåMahdrescher|true
|c|ŌśåWooperdooperpooper|But i'm not even salty
|c|ŌśåWooperdooperpooper|I'm just surprised
|inactive|Mahdrescher has 30 seconds left.
|c|ŌśåMahdrescher|going on basc just to hope for sleep
|c|ŌśåWooperdooperpooper|Crits seem more frequent this evening, but that's obviously just an impression
|inactive|Mahdrescher has 20 seconds left.
|inactive|Mahdrescher has 15 seconds left.
|inactive|Mahdrescher has 10 seconds left.
|inactive|Mahdrescher has 5 seconds left.
|
|t:|1755817438
|teamsize|p1|4
|teamsize|p2|4
|start
|switch|p1a: Gallade|Gallade, L50, M|100/100
|switch|p1b: Indeedee|Indeedee-F, L50, F, shiny|100/100
|switch|p2a: Zeus|Electabuzz, L50, M|100/100
|switch|p2b: Ares|Kingambit, L50, M|100/100
|-fieldstart|move: Psychic Terrain|[from] ability: Psychic Surge|[of] p1b: Indeedee
|turn|1
|inactive|Wooperdooperpooper has 30 seconds left.
|c|ŌśåWooperdooperpooper|That "i use dire claw, hoping for the sleep" thing is so infuriating
|inactive|Wooperdooperpooper has 20 seconds left.
|c|ŌśåWooperdooperpooper|But of course, who has dire claw has to try
|inactive|Wooperdooperpooper has 15 seconds left.
|
|t:|1755817479
|switch|p1b: Ursaluna|Ursaluna, L50, M|100/100
|move|p2a: Zeus|Follow Me|p2a: Zeus
|-singleturn|p2a: Zeus|move: Follow Me
|move|p2b: Ares|Swords Dance|p2b: Ares
|-boost|p2b: Ares|atk|2
|move|p1a: Gallade|Trick Room|p1a: Gallade
|-fieldstart|move: Trick Room|[of] p1a: Gallade
|
|-status|p1b: Ursaluna|brn|[from] item: Flame Orb
|upkeep
|turn|2
|inactive|Mahdrescher has 30 seconds left.
|inactive|Mahdrescher has 20 seconds left.
|inactive|Mahdrescher has 15 seconds left.
|
|t:|1755817524
|-terastallize|p2a: Zeus|Ghost
|move|p2a: Zeus|Follow Me|p2a: Zeus
|-singleturn|p2a: Zeus|move: Follow Me
|move|p1b: Ursaluna|Facade|p2a: Zeus
|-immune|p2a: Zeus
|move|p2b: Ares|Kowtow Cleave|p1b: Ursaluna
|-damage|p1b: Ursaluna|2/100 brn
|move|p1a: Gallade|Sacred Sword|p2a: Zeus
|-immune|p2a: Zeus
|
|-damage|p1b: Ursaluna|0 fnt|[from] brn
|faint|p1b: Ursaluna
|upkeep
|
|t:|1755817532
|switch|p1b: Hatterene|Hatterene, L50, F|100/100
|turn|3
|
|t:|1755817551
|move|p2a: Zeus|Follow Me|p2a: Zeus
|-singleturn|p2a: Zeus|move: Follow Me
|move|p1b: Hatterene|Dazzling Gleam|p2a: Zeus|[spread] p2a,p2b
|-damage|p2a: Zeus|67/100
|-damage|p2b: Ares|58/100
|-damage|p1b: Hatterene|91/100|[from] item: Life Orb
|move|p2b: Ares|Kowtow Cleave|p1a: Gallade
|-damage|p1a: Gallade|0 fnt
|faint|p1a: Gallade
|
|upkeep
|c|ŌśåWooperdooperpooper|gg
|c|ŌśåWooperdooperpooper|didn't consider tera ghost now
|c|ŌśåMahdrescher|gg
|-message|Wooperdooperpooper forfeited.
|
|win|Mahdrescher
|raw|Wooperdooperpooper's rating: 1237 → 1213(-24 for losing)
|raw|Mahdrescher's rating: 1250 → 1274(+24 for winning)
|l|ŌśåWooperdooperpooper
|player|p1|
|c|ŌśåMahdrescher|yeah
|j|ŌśåWooperdooperpooper
|player|p1|Wooperdooperpooper|ninjaboy|
|l|ŌśåMahdrescher
|player|p2|
