|j|☆MoodyMukVGC
|j|‽parsley<3
|html|MoodyMukVGCparsley<3    
|uhtml|bestof|Game 2 of a best-of-3
|t:|1756779469
|gametype|doubles
|player|p1|MoodyMukVGC|169|1161
|player|p2|parsley<3|lacey|1309
|gen|9
|tier|[Gen 9] VGC 2025 Reg H (Bo3)
|rated|
|rule|Species Clause: Limit one of each Pokémon
|rule|Item Clause: Limit 1 of each item
|clearpoke
|poke|p1|Muk-Alola, L50, M|
|poke|p1|Smeargle, L50, M|
|poke|p1|Flamigo, L50, M|
|poke|p1|Indeedee, L50, M|
|poke|p1|Weezing-Galar, L50, M|
|poke|p1|Drifblim, L50, M|
|poke|p2|Maushold, L50|
|poke|p2|Annihilape, L50, M|
|poke|p2|Gholdengo, L50|
|poke|p2|Ursaluna-Bloodmoon, L50, M|
|poke|p2|Dragonite, L50, F|
|poke|p2|Sneasler, L50, M|
|teampreview|4
|showteam|p1|Muk-Alola||Leftovers|PowerofAlchemy|KnockOff,Minimize,Substitute,Protect|||M|||50|,,,,,Water]Smeargle||FocusSash|Moody|FakeOut,Spore,FollowMe,SpikyShield|||M|||50|,,,,,Ghost]Flamigo||WhiteHerb|Costar|CloseCombat,BraveBird,Substitute,WideGuard|||M|||50|,,,,,Steel]Indeedee||ChoiceSpecs|PsychicSurge|ExpandingForce,TeraBlast,Trick,DazzlingGleam|||M|||50|,,,,,Psychic]Weezing-Galar||SitrusBerry|NeutralizingGas|StrangeSteam,SludgeBomb,Taunt,Protect|||M|||50|,,,,,Flying]Drifblim||PsychicSeed|Unburden|Tailwind,Acrobatics,StrengthSap,WillOWisp|||M|||50|,,,,,Grass
|showteam|p2|Maushold||SafetyGoggles|FriendGuard|SuperFang,BeatUp,Protect,FollowMe||||||50|,,,,,Ghost]Annihilape||SitrusBerry|Defiant|RageFist,CloseCombat,Protect,FinalGambit|||M|||50|,,,,,Fire]Gholdengo||LifeOrb|GoodasGold|MakeItRain,ShadowBall,Protect,NastyPlot||||||50|,,,,,Water]Ursaluna-Bloodmoon||AssaultVest|MindsEye|HyperVoice,BloodMoon,EarthPower,VacuumWave|||M|||50|,,,,,Ghost]Dragonite||LoadedDice|Multiscale|ScaleShot,Tailwind,Protect,Haze|||F|||50|,,,,,Fairy]Sneasler||FocusSash|Unburden|DireClaw,CloseCombat,Protect,ThroatChop|||M|||50|,,,,,Stellar
|
|t:|1756779493
|teamsize|p1|4
|teamsize|p2|4
|start
|switch|p1a: Indeedee|Indeedee, L50, M, shiny|100/100
|switch|p1b: Drifblim|Drifblim, L50, M, shiny|100/100
|switch|p2a: Gholdengo|Gholdengo, L50|100/100
|switch|p2b: Ursaluna|Ursaluna-Bloodmoon, L50, M|100/100
|-fieldstart|move: Psychic Terrain|[from] ability: Psychic Surge|[of] p1a: Indeedee
|-enditem|p1b: Drifblim|Psychic Seed
|-boost|p1b: Drifblim|spd|1|[from] item: Psychic Seed
|turn|1
|
|t:|1756779504
|-terastallize|p1a: Indeedee|Psychic
|move|p1b: Drifblim|Acrobatics|p2b: Ursaluna
|-damage|p2b: Ursaluna|79/100
|move|p1a: Indeedee|Expanding Force|p2a: Gholdengo|[spread] p2a,p2b
|-resisted|p2a: Gholdengo
|-crit|p2b: Ursaluna
|-damage|p2a: Gholdengo|38/100
|-damage|p2b: Ursaluna|0 fnt
|faint|p2b: Ursaluna
|move|p2a: Gholdengo|Make It Rain|p1b: Drifblim|[spread] p1a,p1b
|-damage|p1a: Indeedee|16/100
|-damage|p1b: Drifblim|53/100
|-unboost|p2a: Gholdengo|spa|1
|-damage|p2a: Gholdengo|29/100|[from] item: Life Orb
|
|upkeep
|
|t:|1756779521
|switch|p2b: Dragonite|Dragonite, L50, F|100/100
|turn|2
|
|t:|1756779529
|move|p2a: Gholdengo|Protect|p2a: Gholdengo
|-singleturn|p2a: Gholdengo|Protect
|move|p1b: Drifblim|Acrobatics|p2b: Dragonite
|-damage|p2b: Dragonite|83/100
|move|p1a: Indeedee|Expanding Force|p2b: Dragonite|[spread] p2b
|-activate|p2a: Gholdengo|move: Protect
|-damage|p2b: Dragonite|0 fnt
|faint|p2b: Dragonite
|
|upkeep
|-message|parsley<3 forfeited.
|
|win|MoodyMukVGC
