|j|☆Kommo-o Gaming1
|j|☆A Regu1ar Guy
|html|Kommo-o Gaming1A Regu1ar Guy    
|uhtml|bestof|Game 1 of a best-of-3
|t:|1757768088
|gametype|doubles
|player|p1|Kommo-o Gaming1|1|1408
|player|p2|A Regu1ar Guy|elesa|1536
|gen|9
|tier|[Gen 9] VGC 2025 Reg H (Bo3)
|rated|
|rule|Species Clause: Limit one of each Pokémon
|rule|Item Clause: Limit 1 of each item
|clearpoke
|poke|p1|Ursaluna-Bloodmoon, L50, M|
|poke|p1|Gholdengo, L50|
|poke|p1|Dragonite, L50, M|
|poke|p1|Annihilape, L50, M|
|poke|p1|Ninetales-Alola, L50, F|
|poke|p1|Magmar, L50, F|
|poke|p2|Volcarona, L50, M|
|poke|p2|Rillaboom, L50, M|
|poke|p2|Tauros-Paldea-Aqua, L50, M|
|poke|p2|Tyranitar, L50, M|
|poke|p2|Annihilape, L50, M|
|poke|p2|Dragonite, L50, F|
|teampreview|4
|showteam|p1|Ursaluna-Bloodmoon||AssaultVest|MindsEye|BloodMoon,HyperVoice,EarthPower,VacuumWave|||M|||50|,,,,,Dragon]Gholdengo||MetalCoat|GoodasGold|MakeItRain,ShadowBall,NastyPlot,Protect||||||50|,,,,,Dragon]Dragonite||LoadedDice|InnerFocus|ScaleShot,ExtremeSpeed,Tailwind,Protect|||M|||50|,,,,,Steel]Annihilape||SafetyGoggles|Defiant|RageFist,DrainPunch,BulkUp,Protect|||M|||50|,,,,,Water]Ninetales-Alola||LightClay|SnowWarning|Blizzard,IcyWind,AuroraVeil,Encore|||F|||50|,,,,,Ghost]Magmar||Eviolite|FlameBody|Overheat,ClearSmog,FollowMe,Protect|||F|||50|,,,,,Ghost
|showteam|p2|Volcarona||GrassySeed|FlameBody|HeatWave,GigaDrain,QuiverDance,Protect|||M|||50|,,,,,Grass]Rillaboom||MiracleSeed|GrassySurge|WoodHammer,GrassyGlide,FakeOut,HighHorsepower|||M|||50|,,,,,Fire]Tauros-Paldea-Aqua||MirrorHerb|Intimidate|WaveCrash,AquaJet,CloseCombat,Protect|||M|||50|,,,,,Water]Tyranitar||AssaultVest|SandStream|RockSlide,KnockOff,TeraBlast,LowKick|||M|||50|,,,,,Flying]Annihilape||SafetyGoggles|Defiant|CloseCombat,RageFist,Taunt,FinalGambit|||M|||50|,,,,,Water]Dragonite||LoadedDice|Multiscale|ScaleShot,Haze,Tailwind,Protect|||F|||50|,,,,,Fairy
|inactive|Battle timer is ON: inactive players will automatically lose when time's up. (requested by Kommo-o Gaming1)
|inactive|Kommo-o Gaming1 has 60 seconds left.
|inactive|A Regu1ar Guy has 60 seconds left.
|inactive|Kommo-o Gaming1 has 30 seconds left.
|inactive|A Regu1ar Guy has 30 seconds left.
|inactive|Kommo-o Gaming1 has 20 seconds left.
|inactive|A Regu1ar Guy has 20 seconds left.
|inactive|Kommo-o Gaming1 has 15 seconds left.
|inactive|A Regu1ar Guy has 15 seconds left.
|inactive|A Regu1ar Guy has 10 seconds left.
|
|t:|1757768178
|teamsize|p1|4
|teamsize|p2|4
|start
|switch|p1a: Dragonite|Dragonite, L50, M|100/100
|switch|p1b: Annihilape|Annihilape, L50, M|100/100
|switch|p2a: Tauros|Tauros-Paldea-Aqua, L50, M|100/100
|switch|p2b: Volcarona|Volcarona, L50, M, shiny|100/100
|-ability|p2a: Tauros|Intimidate|boost
|-fail|p1a: Dragonite|unboost|Attack|[from] ability: Inner Focus|[of] p1a: Dragonite
|-unboost|p1b: Annihilape|atk|1
|-ability|p1b: Annihilape|Defiant|boost
|-boost|p1b: Annihilape|atk|2
|-enditem|p2a: Tauros|Mirror Herb
|-boost|p2a: Tauros|atk|2|[from] item: Mirror Herb
|turn|1
|
|t:|1757768193
|move|p2a: Tauros|Close Combat|p1b: Annihilape
|-immune|p1b: Annihilape
|move|p1a: Dragonite|Tailwind|p1a: Dragonite
|-sidestart|p1: Kommo-o Gaming1|move: Tailwind
|move|p1b: Annihilape|Bulk Up|p1b: Annihilape
|-boost|p1b: Annihilape|atk|1
|-boost|p1b: Annihilape|def|1
|move|p2b: Volcarona|Heat Wave|p1b: Annihilape|[spread] p1a,p1b
|-resisted|p1a: Dragonite
|-damage|p1a: Dragonite|83/100
|-damage|p1b: Annihilape|67/100
|
|upkeep
|turn|2
|
|t:|1757768217
|move|p1a: Dragonite|Scale Shot|p2a: Tauros
|-damage|p2a: Tauros|85/100
|-damage|p2a: Tauros|71/100
|-damage|p2a: Tauros|56/100
|-damage|p2a: Tauros|41/100
|-damage|p2a: Tauros|24/100
|-hitcount|p2a: Tauros|5
|-unboost|p1a: Dragonite|def|1
|-boost|p1a: Dragonite|spe|1
|move|p1b: Annihilape|Drain Punch|p2a: Tauros
|-damage|p2a: Tauros|0 fnt
|-heal|p1b: Annihilape|75/100|[from] drain|[of] p2a: Tauros
|faint|p2a: Tauros
|move|p2b: Volcarona|Quiver Dance|p2b: Volcarona
|-boost|p2b: Volcarona|spa|1
|-boost|p2b: Volcarona|spd|1
|-boost|p2b: Volcarona|spe|1
|
|upkeep
|
|t:|1757768220
|switch|p2a: Annihilape|Annihilape, L50, M|100/100
|turn|3
|inactive|Kommo-o Gaming1 has 30 seconds left.
|
|t:|1757768246
|switch|p1a: Magmar|Magmar, L50, F|100/100
|-terastallize|p2a: Annihilape|Water
|move|p2b: Volcarona|Protect|p2b: Volcarona
|-singleturn|p2b: Volcarona|Protect
|move|p1b: Annihilape|Rage Fist|p2a: Annihilape
|-damage|p2a: Annihilape|12/100
|move|p2a: Annihilape|Rage Fist|p1a: Magmar
|-damage|p1a: Magmar|69/100
|-status|p2a: Annihilape|brn|[from] ability: Flame Body|[of] p1a: Magmar
|
|-damage|p2a: Annihilape|5/100 brn|[from] brn
|upkeep
|turn|4
|
|t:|1757768264
|move|p1b: Annihilape|Rage Fist|p2b: Volcarona
|-damage|p2b: Volcarona|0 fnt
|faint|p2b: Volcarona
|move|p1a: Magmar|Clear Smog|p2a: Annihilape
|-damage|p2a: Annihilape|0 fnt
|-clearboost|p2a: Annihilape
|faint|p2a: Annihilape
|
|-sideend|p1: Kommo-o Gaming1|move: Tailwind
|upkeep
|
|t:|1757768269
|switch|p2b: Tyranitar|Tyranitar, L50, M|100/100
|-weather|Sandstorm|[from] ability: Sand Stream|[of] p2b: Tyranitar
|turn|5
|
|t:|1757768277
|move|p1a: Magmar|Follow Me|p1a: Magmar
|-singleturn|p1a: Magmar|move: Follow Me
|move|p1b: Annihilape|Drain Punch|p2b: Tyranitar
|-supereffective|p2b: Tyranitar
|-damage|p2b: Tyranitar|0 fnt
|-heal|p1b: Annihilape|100/100|[from] drain|[of] p2b: Tyranitar
|faint|p2b: Tyranitar
|
|win|Kommo-o Gaming1
||A Regu1ar Guy is ready for game 2.
||Kommo-o Gaming1 is ready for game 2.
|uhtml|next|Next: Game 2 of 3
|l|☆A Regu1ar Guy
|player|p2|
|l|☆Kommo-o Gaming1
|player|p1|
