|j|☆jomivgc
|j|☆plsbringregi
|html|jomivgcplsbringregi    
|uhtml|bestof|Game 3 of a best-of-3
|t:|1784207102
|gametype|doubles
|player|p1|jomivgc|falkner-gen2|1228
|player|p2|plsbringregi|170|1352
|gen|9
|tier|[Gen 9 Champions] VGC 2026 Reg M-B (Bo3)
|rated|
|rule|Species Clause: Limit one of each Pokémon
|rule|Item Clause: Limit 1 of each item
|clearpoke
|poke|p1|Charizard, L50, F|
|poke|p1|Pelipper, L50, F|
|poke|p1|Archaludon, L50, F|
|poke|p1|Grimmsnarl, L50, M|
|poke|p1|Basculegion, L50, M|
|poke|p1|Venusaur, L50, F|
|poke|p2|Mudsdale, L50, F|
|poke|p2|Maushold, L50|
|poke|p2|Gardevoir, L50, F, shiny|
|poke|p2|Sneasler, L50, M|
|poke|p2|Incineroar, L50, F|
|poke|p2|Basculegion, L50, M|
|teampreview|4
|showteam|p1|Charizard||CharizarditeY|Blaze|Protect,HeatWave,SolarBeam,WeatherBall|Modest||F|||50|]Pelipper||SitrusBerry|Drizzle|Hurricane,WeatherBall,Tailwind,WideGuard|Modest||F|||50|]Archaludon||Leftovers|Stamina|ElectroShot,FlashCannon,Protect,DragonPulse|Calm||F|||50|]Grimmsnarl||LightClay|Prankster|LightScreen,PartingShot,Reflect,SpiritBreak|Careful||M|||50|]Basculegion||ChoiceScarf|Adaptability|LastRespects,AquaJet,WaveCrash,FlipTurn|Adamant||M|||50|]Venusaur||FocusSash|Chlorophyll|SludgeBomb,Protect,EarthPower,SleepPowder|Modest||F|||50|
|showteam|p2|Mudsdale||Leftovers|InnerFocus|HighHorsepower,RockSlide,Protect,Curse|Adamant||F|||50|]Maushold||ChopleBerry|FriendGuard|SuperFang,FollowMe,Feint,Protect|Jolly|||||50|]Gardevoir||Gardevoirite|Trace|HyperVoice,Psychic,Protect,TrickRoom|Modest||F|||50|]Sneasler||FocusSash|PoisonTouch|DireClaw,CloseCombat,FakeOut,Protect|Jolly||M|||50|]Incineroar||SitrusBerry|Intimidate|FakeOut,FlareBlitz,PartingShot,ThroatChop|Impish||F|||50|]Basculegion||MysticWater|Adaptability|LastRespects,WaveCrash,AquaJet,Protect|Adamant||M|||50|
|inactive|Battle timer is ON: inactive players will automatically lose when time's up. (requested by jomivgc)
|inactive|jomivgc has 60 seconds left.
|inactive|plsbringregi has 60 seconds left.
|
|t:|1784207148
|teamsize|p1|4
|teamsize|p2|4
|start
|switch|p1a: Archaludon|Archaludon, L50, F|100/100
|switch|p1b: Grimmsnarl|Grimmsnarl, L50, M|100/100
|switch|p2a: Gardevoir|Gardevoir, L50, F, shiny|100/100
|switch|p2b: Incineroar|Incineroar, L50, F|100/100
|-ability|p2a: Gardevoir|Stamina|Trace|[from] ability: Trace|[of] p1a: Archaludon
|-ability|p2b: Incineroar|Intimidate|boost
|-unboost|p1a: Archaludon|atk|1
|-unboost|p1b: Grimmsnarl|atk|1
|turn|1
|inactive|jomivgc has 30 seconds left.
|
|t:|1784207175
|detailschange|p2a: Gardevoir|Gardevoir-Mega, L50, F, shiny
|-mega|p2a: Gardevoir|Gardevoir|Gardevoirite
|move|p2b: Incineroar|Fake Out|p1b: Grimmsnarl
|-damage|p1b: Grimmsnarl|89/100
|cant|p1b: Grimmsnarl|flinch
|move|p2a: Gardevoir|Hyper Voice|p1a: Archaludon|[spread] p1a,p1b
|-supereffective|p1b: Grimmsnarl|1
|-damage|p1a: Archaludon|53/100
|-damage|p1b: Grimmsnarl|0 fnt
|-ability|p1a: Archaludon|Stamina|boost
|-boost|p1a: Archaludon|def|1
|faint|p1b: Grimmsnarl
|move|p1a: Archaludon|Flash Cannon|p2a: Gardevoir
|-supereffective|p2a: Gardevoir|1
|-damage|p2a: Gardevoir|50/100g
|
|-heal|p1a: Archaludon|59/100|[from] item: Leftovers
|upkeep
|inactive|jomivgc has 30 seconds left.
|
|t:|1784207201
|switch|p1b: Pelipper|Pelipper, L50, F|100/100
|-weather|RainDance|[from] ability: Drizzle|[of] p1b: Pelipper
|turn|2
|
|t:|1784207214
|switch|p2b: Basculegion|Basculegion, L50, M|100/100
|move|p1b: Pelipper|Wide Guard|p1b: Pelipper
|-singleturn|p1b: Pelipper|Wide Guard
|move|p2a: Gardevoir|Psychic|p1b: Pelipper
|-damage|p1b: Pelipper|7/100
|-enditem|p1b: Pelipper|Sitrus Berry|[eat]
|-heal|p1b: Pelipper|32/100|[from] item: Sitrus Berry
|move|p1a: Archaludon|Electro Shot||[still]
|-prepare|p1a: Archaludon|Electro Shot
|-boost|p1a: Archaludon|spa|1
|-anim|p1a: Archaludon|Electro Shot|p2b: Basculegion
|-supereffective|p2b: Basculegion|1
|-damage|p2b: Basculegion|0 fnt
|faint|p2b: Basculegion
|
|-weather|RainDance|[upkeep]
|-heal|p1a: Archaludon|65/100|[from] item: Leftovers
|upkeep
|
|t:|1784207227
|switch|p2b: Incineroar|Incineroar, L50, F|100/100
|-ability|p2b: Incineroar|Intimidate|boost
|-unboost|p1a: Archaludon|atk|1
|-unboost|p1b: Pelipper|atk|1
|turn|3
|inactive|jomivgc has 30 seconds left.
|
|t:|1784207254
|move|p1b: Pelipper|Wide Guard|p1b: Pelipper
|-singleturn|p1b: Pelipper|Wide Guard
|move|p2b: Incineroar|Fake Out|p1b: Pelipper
|-damage|p1b: Pelipper|19/100
|move|p1a: Archaludon|Electro Shot||[still]
|-prepare|p1a: Archaludon|Electro Shot
|-boost|p1a: Archaludon|spa|1
|-anim|p1a: Archaludon|Electro Shot|p2a: Gardevoir
|-damage|p2a: Gardevoir|0 fnt
|faint|p2a: Gardevoir
|
|-weather|RainDance|[upkeep]
|-heal|p1a: Archaludon|72/100|[from] item: Leftovers
|upkeep
|-message|plsbringregi forfeited.
|
|win|jomivgc
|raw|jomivgc's rating: 1228 → 1262(+34 for winning)
|raw|plsbringregi's rating: 1352 → 1325(-27 for losing)
|l|☆plsbringregi
|player|p2|
