|j|☆eggtart69
|j|☆eejay2018
|html|eggtart69eejay2018    
|uhtml|bestof|Game 1 of a best-of-3
|t:|1783212094
|gametype|doubles
|player|p1|eggtart69|265|1163
|player|p2|eejay2018|youngster-gen4dp|1096
|gen|9
|tier|[Gen 9 Champions] VGC 2026 Reg M-B (Bo3)
|rated|
|rule|Species Clause: Limit one of each Pokémon
|rule|Item Clause: Limit 1 of each item
|clearpoke
|poke|p1|Metagross, L50|
|poke|p1|Delphox, L50, M|
|poke|p1|Tsareena, L50, F|
|poke|p1|Basculegion, L50, M|
|poke|p1|Sneasler, L50, F|
|poke|p1|Tinkaton, L50, F|
|poke|p2|Charizard, L50, F|
|poke|p2|Whimsicott, L50, M|
|poke|p2|Floette-Eternal, L50, F|
|poke|p2|Basculegion, L50, M|
|poke|p2|Garchomp, L50, F|
|poke|p2|Kingambit, L50, F|
|teampreview|4
|showteam|p1|Metagross||Metagrossite|ClearBody|IronHead,ThunderPunch,PsychicFangs,Protect|Jolly|||||50|]Delphox||Delphoxite|Blaze|HeatWave,Psychic,GrassKnot,Protect|Timid||M|||50|]Tsareena||LumBerry|QueenlyMajesty|TropKick,HighJumpKick,KnockOff,Protect|Adamant||F|||50|]Basculegion||ChoiceScarf|Adaptability|FlipTurn,WaveCrash,LastRespects,AquaJet|Jolly||M|||50|]Sneasler||WhiteHerb|Unburden|FakeOut,DireClaw,CloseCombat,Acrobatics|Jolly||F|||50|]Tinkaton||MuscleBand|MoldBreaker|FakeOut,GigatonHammer,PlayRough,Protect|Adamant||F|||50|
|showteam|p2|Charizard||CharizarditeY|Blaze|HeatWave,SolarBeam,WeatherBall,Protect|Modest||F|||50|]Whimsicott||FocusSash|Prankster|Moonblast,Encore,Tailwind,Protect|Timid||M|||50|]Floette-Eternal||Floettite|FlowerVeil|Moonblast,DazzlingGleam,LightofRuin,Protect|Timid||F|||50|]Basculegion||MysticWater|Adaptability|WaveCrash,AquaJet,LastRespects,Protect|Adamant||M|||50|]Garchomp||LifeOrb|RoughSkin|DragonClaw,Earthquake,RockSlide,Protect|Jolly||F|||50|]Kingambit||BlackGlasses|Defiant|KowtowCleave,SuckerPunch,IronHead,Protect|Adamant||F|||50|
|inactive|Battle timer is ON: inactive players will automatically lose when time's up. (requested by eggtart69)
|
|t:|1783212134
|teamsize|p1|4
|teamsize|p2|4
|start
|switch|p1a: Sneasler|Sneasler, L50, F|100/100
|switch|p1b: Metagross|Metagross, L50|100/100
|switch|p2a: Charizard|Charizard, L50, F|100/100
|switch|p2b: Garchomp|Garchomp, L50, F|100/100
|turn|1
|inactive|eggtart69 has 30 seconds left.
|
|t:|1783212161
|detailschange|p1b: Metagross|Metagross-Mega, L50
|-mega|p1b: Metagross|Metagross|Metagrossite
|detailschange|p2a: Charizard|Charizard-Mega-Y, L50, F
|-mega|p2a: Charizard|Charizard|Charizardite Y
|-weather|SunnyDay|[from] ability: Drought|[of] p2a: Charizard
|move|p1a: Sneasler|Fake Out|p2b: Garchomp
|-damage|p2b: Garchomp|87/100
|-damage|p1a: Sneasler|87/100|[from] ability: Rough Skin|[of] p2b: Garchomp
|move|p1b: Metagross|Thunder Punch|p2a: Charizard
|-supereffective|p2a: Charizard|1
|-damage|p2a: Charizard|28/100
|cant|p2b: Garchomp|flinch
|move|p2a: Charizard|Heat Wave|p1a: Sneasler|[spread] p1a,p1b
|-supereffective|p1b: Metagross|1
|-crit|p1b: Metagross
|-damage|p1a: Sneasler|11/100
|-damage|p1b: Metagross|0 fnt
|faint|p1b: Metagross
|
|-weather|SunnyDay|[upkeep]
|upkeep
|
|t:|1783212170
|switch|p1b: Basculegion|Basculegion, L50, M|100/100
|turn|2
|inactive|eggtart69 has 30 seconds left.
|
|t:|1783212204
|move|p1b: Basculegion|Last Respects|p2a: Charizard
|-damage|p2a: Charizard|0 fnt
|faint|p2a: Charizard
|move|p1a: Sneasler|Close Combat|p2b: Garchomp
|-damage|p2b: Garchomp|31/100
|-unboost|p1a: Sneasler|def|1
|-unboost|p1a: Sneasler|spd|1
|-damage|p1a: Sneasler|0 fnt|[from] ability: Rough Skin|[of] p2b: Garchomp
|faint|p1a: Sneasler
|move|p2b: Garchomp|Dragon Claw|p1b: Basculegion
|-damage|p1b: Basculegion|36/100
|-damage|p2b: Garchomp|22/100|[from] item: Life Orb
|
|-weather|SunnyDay|[upkeep]
|upkeep
|
|t:|1783212219
|switch|p1a: Tsareena|Tsareena, L50, F|100/100
|switch|p2a: Kingambit|Kingambit, L50, F|100/100
|turn|3
|
|t:|1783212230
|move|p1b: Basculegion|Last Respects|p2b: Garchomp
|-damage|p2b: Garchomp|0 fnt
|faint|p2b: Garchomp
|move|p1a: Tsareena|High Jump Kick|p2a: Kingambit
|-supereffective|p2a: Kingambit|2
|-damage|p2a: Kingambit|0 fnt
|faint|p2a: Kingambit
|
|-weather|SunnyDay|[upkeep]
|upkeep
|
|t:|1783212240
|switch|p2b: Basculegion|Basculegion, L50, M|100/100
|turn|4
|
|t:|1783212251
|move|p1b: Basculegion|Last Respects|p2b: Basculegion
|-supereffective|p2b: Basculegion|1
|-damage|p2b: Basculegion|0 fnt
|faint|p2b: Basculegion
|
|win|eggtart69
||eggtart69 is ready for game 2.
|inactive|eejay2018 has 30 seconds to confirm battle start!
||eejay2018 is ready for game 2.
|uhtml|next|Next: Game 2 of 3
|l|☆eggtart69
|player|p1|
