|j|☆sky yeh
|j|☆aaroncito4
|html|sky yehaaroncito4    
|uhtml|bestof|Game 2 of a best-of-3
|t:|1782209724
|gametype|doubles
|player|p1|sky yeh|perrin|1196
|player|p2|aaroncito4|roughneck-gen4|1086
|gen|9
|tier|[Gen 9 Champions] VGC 2026 Reg M-B (Bo3)
|rated|
|rule|Species Clause: Limit one of each Pokémon
|rule|Item Clause: Limit 1 of each item
|clearpoke
|poke|p1|Staraptor, L50, M, shiny|
|poke|p1|Charizard, L50, M, shiny|
|poke|p1|Grimmsnarl, L50, M, shiny|
|poke|p1|Sinistcha-Masterpiece, L50, shiny|
|poke|p1|Garchomp, L50, M, shiny|
|poke|p1|Gholdengo, L50|
|poke|p2|Garchomp, L50, F|
|poke|p2|Kingambit, L50, M|
|poke|p2|Charizard, L50, F|
|poke|p2|Aerodactyl, L50, M|
|poke|p2|Sylveon, L50, M|
|poke|p2|Farigiraf, L50, F|
|teampreview|4
|showteam|p1|Staraptor||Staraptite|Intimidate|BraveBird,CloseCombat,Roost,Protect|Adamant||M|||50|]Charizard||CharizarditeY|Blaze|WeatherBall,HeatWave,SolarBeam,Protect|Modest||M|||50|]Grimmsnarl||LightClay|Prankster|SpiritBreak,LightScreen,Reflect,PartingShot|Careful||M|||50|]Sinistcha-Masterpiece||CobaBerry|Hospitality|MatchaGotcha,StrengthSap,RagePowder,TrickRoom|Calm|||||50|]Garchomp||LifeOrb|RoughSkin|Earthquake,DragonClaw,RockSlide,Protect|Adamant||M|||50|]Gholdengo||Leftovers|GoodasGold|MakeItRain,ShadowBall,NastyPlot,Protect|Modest|||||50|
|showteam|p2|Garchomp||LifeOrb|RoughSkin|Earthquake,StompingTantrum,RockSlide,DragonClaw|Jolly||F|||50|]Kingambit||FocusSash|Defiant|KowtowCleave,SuckerPunch,LowKick,IronHead|Adamant||M|||50|]Charizard||CharizarditeY|Blaze|HeatWave,WeatherBall,SolarBeam,Protect|Modest||F|||50|]Aerodactyl||Aerodactylite|Pressure|RockSlide,DualWingbeat,IceFang,Tailwind|Jolly||M|||50|]Sylveon||FairyFeather|Pixilate|HyperBeam,HyperVoice,Detect,QuickAttack|Modest||M|||50|]Farigiraf||SitrusBerry|ArmorTail|Psychic,Thunderbolt,TrickRoom,HyperVoice|Bold||F|||50|
|
|t:|1782209747
|teamsize|p1|4
|teamsize|p2|4
|start
|switch|p1a: Charizard|Charizard, L50, M, shiny|100/100
|switch|p1b: Grimmsnarl|Grimmsnarl, L50, M, shiny|100/100
|switch|p2a: Aerodactyl|Aerodactyl, L50, M|100/100
|switch|p2b: Garchomp|Garchomp, L50, F|100/100
|-ability|p2a: Aerodactyl|Pressure
|turn|1
|inactive|Battle timer is ON: inactive players will automatically lose when time's up. (requested by sky yeh)
|
|t:|1782209764
|detailschange|p2a: Aerodactyl|Aerodactyl-Mega, L50, M
|-mega|p2a: Aerodactyl|Aerodactyl|Aerodactylite
|move|p1a: Charizard|Protect|p1a: Charizard
|-singleturn|p1a: Charizard|Protect
|move|p1b: Grimmsnarl|Reflect|p1b: Grimmsnarl
|-sidestart|p1: sky yeh|Reflect
|move|p2a: Aerodactyl|Tailwind|p2a: Aerodactyl
|-sidestart|p2: aaroncito4|move: Tailwind
|move|p2b: Garchomp|Rock Slide|p1a: Charizard|[spread] p1b
|-activate|p1a: Charizard|move: Protect
|-damage|p1b: Grimmsnarl|83/100
|-damage|p2b: Garchomp|90/100|[from] item: Life Orb
|
|upkeep
|turn|2
|inactive|sky yeh has 30 seconds left.
|inactive|sky yeh has 20 seconds left.
|inactive|aaroncito4 has 30 seconds left.
|
|t:|1782209809
|move|p2a: Aerodactyl|Rock Slide|p1b: Grimmsnarl|[spread] p1a,p1b
|-supereffective|p1a: Charizard|2
|-damage|p1a: Charizard|18/100
|-damage|p1b: Grimmsnarl|65/100
|move|p2b: Garchomp|Dragon Claw|p1a: Charizard
|-damage|p1a: Charizard|0 fnt
|faint|p1a: Charizard
|-damage|p2b: Garchomp|80/100|[from] item: Life Orb
|cant|p1b: Grimmsnarl|flinch
|
|upkeep
|
|t:|1782209820
|switch|p1a: Staraptor|Staraptor, L50, M, shiny|100/100
|-ability|p1a: Staraptor|Intimidate|boost
|-unboost|p2a: Aerodactyl|atk|1
|-unboost|p2b: Garchomp|atk|1
|turn|3
|inactive|sky yeh has 30 seconds left.
|
|t:|1782209848
|switch|p2b: Sylveon|Sylveon, L50, M|100/100
|move|p1a: Staraptor|Protect|p1a: Staraptor
|-singleturn|p1a: Staraptor|Protect
|move|p2a: Aerodactyl|Rock Slide|p1b: Grimmsnarl|[spread] p1b
|-activate|p1a: Staraptor|move: Protect
|-damage|p1b: Grimmsnarl|52/100
|cant|p1b: Grimmsnarl|flinch
|
|upkeep
|turn|4
|inactive|sky yeh has 30 seconds left.
|inactive|sky yeh has 20 seconds left.
|inactive|sky yeh has 15 seconds left.
|inactive|sky yeh has 10 seconds left.
|inactive|sky yeh has 5 seconds left.
|
|t:|1782209899
|switch|p2a: Garchomp|Garchomp, L50, F|80/100
|detailschange|p1a: Staraptor|Staraptor-Mega, L50, M, shiny
|-mega|p1a: Staraptor|Staraptor|Staraptite
|move|p1b: Grimmsnarl|Parting Shot|p1a: Staraptor
|-boost|p1a: Staraptor|atk|1
|-boost|p1a: Staraptor|spa|1
|
|t:|1782209904
|switch|p1b: Garchomp|Garchomp, L50, M, shiny|100/100|[from] Parting Shot
|move|p2b: Sylveon|Hyper Voice|p1b: Garchomp|[spread] p1a,p1b
|-supereffective|p1a: Staraptor|1
|-supereffective|p1b: Garchomp|1
|-damage|p1a: Staraptor|11/100
|-damage|p1b: Garchomp|12/100
|move|p1a: Staraptor|Brave Bird|p2b: Sylveon
|-damage|p2b: Sylveon|0 fnt
|faint|p2b: Sylveon
|-damage|p1a: Staraptor|0 fnt|[from] Recoil
|faint|p1a: Staraptor
|
|-sideend|p2: aaroncito4|move: Tailwind
|upkeep
|-message|sky yeh forfeited.
|
|win|aaroncito4
|l|☆sky yeh
|player|p1|
||sky yeh is ready for game 3.
||aaroncito4 is ready for game 3.
|uhtml|next|Next: Game 3 of 3
|j|☆sky yeh
|player|p1|sky yeh|perrin|
