|j|☆Dymin
|j|☆smearglehater21
|html|Dyminsmearglehater21    
|uhtml|bestof|Game 2 of a best-of-3
|t:|1784762514
|gametype|doubles
|player|p1|Dymin|burglar|1313
|player|p2|smearglehater21|nate|1304
|gen|9
|tier|[Gen 9 Champions] VGC 2026 Reg M-B (Bo3)
|rated|
|rule|Species Clause: Limit one of each Pokémon
|rule|Item Clause: Limit 1 of each item
|clearpoke
|poke|p1|Camerupt, L50, F|
|poke|p1|Farigiraf, L50, F|
|poke|p1|Decidueye-Hisui, L50, F|
|poke|p1|Mawile, L50, M|
|poke|p1|Torkoal, L50, F|
|poke|p1|Avalugg-Hisui, L50, M|
|poke|p2|Kingambit, L50, F|
|poke|p2|Whimsicott, L50, M|
|poke|p2|Basculegion, L50, M|
|poke|p2|Garchomp, L50, F|
|poke|p2|Charizard, L50, F|
|poke|p2|Floette-Eternal, L50, F|
|teampreview|4
|showteam|p1|Camerupt||Cameruptite|SolidRock|HeatWave,AncientPower,EarthPower,Protect|Quiet||F|||50|]Farigiraf||SitrusBerry|ArmorTail|Thunderbolt,TrickRoom,Psychic,Protect|Relaxed||F|||50|]Decidueye-Hisui||ScopeLens|Scrappy|TripleArrows,LeafBlade,Protect,SuckerPunch|Brave||F|||50|]Mawile||Mawilite|Intimidate|IronHead,PlayRough,Protect,SuckerPunch|Brave||M|||50|]Torkoal||HeatRock|Drought|Eruption,Protect,WeatherBall,Yawn|Serious||F|||50|]Avalugg-Hisui||WideLens|Sturdy|MountainGale,RockSlide,Protect,BodyPress|Brave||M|||50|
|showteam|p2|Kingambit||ChopleBerry|Defiant|KowtowCleave,LowKick,SuckerPunch,IronHead|Adamant||F|||50|]Whimsicott||FocusSash|Prankster|Moonblast,Tailwind,Encore,Protect|Timid||M|||50|]Basculegion||MysticWater|Adaptability|WaveCrash,LastRespects,AquaJet,Protect|Adamant||M|||50|]Garchomp||LifeOrb|RoughSkin|DragonClaw,RockSlide,Earthquake,Protect|Jolly||F|||50|]Charizard||CharizarditeY|Blaze|WeatherBall,HeatWave,SolarBeam,Protect|Modest||F|||50|]Floette-Eternal||Floettite|FlowerVeil|Moonblast,DazzlingGleam,LightofRuin,Protect|Timid||F|||50|
|inactive|Battle timer is ON: inactive players will automatically lose when time's up. (requested by smearglehater21)
|
|t:|1784762536
|teamsize|p1|4
|teamsize|p2|4
|start
|switch|p1a: Farigiraf|Farigiraf, L50, F|100/100
|switch|p1b: Avalugg|Avalugg-Hisui, L50, M|100/100
|switch|p2a: Charizard|Charizard, L50, F|100/100
|switch|p2b: Garchomp|Garchomp, L50, F|100/100
|turn|1
|
|t:|1784762550
|detailschange|p2a: Charizard|Charizard-Mega-Y, L50, F
|-mega|p2a: Charizard|Charizard|Charizardite Y
|-weather|SunnyDay|[from] ability: Drought|[of] p2a: Charizard
|move|p1a: Farigiraf|Protect|p1a: Farigiraf
|-singleturn|p1a: Farigiraf|Protect
|move|p2b: Garchomp|Earthquake|p1b: Avalugg|[spread] p1b
|-activate|p1a: Farigiraf|move: Protect
|-immune|p2a: Charizard
|-supereffective|p1b: Avalugg|1
|-damage|p1b: Avalugg|40/100
|-damage|p2b: Garchomp|90/100|[from] item: Life Orb
|move|p2a: Charizard|Heat Wave|p1b: Avalugg|[spread] p1b
|-activate|p1a: Farigiraf|move: Protect
|-damage|p1b: Avalugg|0 fnt
|faint|p1b: Avalugg
|
|-weather|SunnyDay|[upkeep]
|upkeep
|
|t:|1784762567
|switch|p1b: Camerupt|Camerupt, L50, F|100/100
|turn|2
|
|t:|1784762572
|detailschange|p1b: Camerupt|Camerupt-Mega, L50, F
|-mega|p1b: Camerupt|Camerupt|Cameruptite
|move|p2b: Garchomp|Earthquake|p1a: Farigiraf|[spread] p1a,p1b
|-immune|p2a: Charizard
|-supereffective|p1b: Camerupt|1
|-damage|p1a: Farigiraf|60/100
|-damage|p1b: Camerupt|0 fnt
|faint|p1b: Camerupt
|-damage|p2b: Garchomp|80/100|[from] item: Life Orb
|move|p2a: Charizard|Weather Ball|p1a: Farigiraf
|-damage|p1a: Farigiraf|0 fnt
|faint|p1a: Farigiraf
|
|-weather|SunnyDay|[upkeep]
|upkeep
|
|t:|1784762582
|switch|p1b: Decidueye|Decidueye-Hisui, L50, F|100/100
|turn|3
|
|t:|1784762587
|move|p1b: Decidueye|Sucker Punch|p2a: Charizard
|-damage|p2a: Charizard|77/100
|move|p2b: Garchomp|Dragon Claw|p1b: Decidueye
|-damage|p1b: Decidueye|43/100
|-damage|p2b: Garchomp|70/100|[from] item: Life Orb
|move|p2a: Charizard|Weather Ball|p1b: Decidueye
|-supereffective|p1b: Decidueye|1
|-damage|p1b: Decidueye|0 fnt
|faint|p1b: Decidueye
|
|win|smearglehater21
|raw|Dymin's rating: 1313 → 1292(-21 for losing)
|raw|smearglehater21's rating: 1304 → 1325(+21 for winning)
