|j|☆CrystalGem02
|j|☆perenniumfalcon
|html|CrystalGem02perenniumfalcon    
|uhtml|bestof|Game 2 of a best-of-3
|t:|1754429304
|gametype|doubles
|player|p1|CrystalGem02|valerie|1182
|player|p2|perenniumfalcon|266|1271
|gen|9
|tier|[Gen 9] VGC 2025 Reg H (Bo3)
|rated|
|rule|Species Clause: Limit one of each Pokémon
|rule|Item Clause: Limit 1 of each item
|clearpoke
|poke|p1|Charizard, L50, F|
|poke|p1|Torkoal, L50, M|
|poke|p1|Porygon2, L50|
|poke|p1|Incineroar, L50, F|
|poke|p1|Jumpluff, L50, F|
|poke|p1|Ursaluna, L50, M|
|poke|p2|Kingambit, L50, F|
|poke|p2|Primarina, L50, M|
|poke|p2|Sneasler, L50, M|
|poke|p2|Magmar, L50, F|
|poke|p2|Rillaboom, L50, F|
|poke|p2|Dragapult, L50, M|
|teampreview|4
|showteam|p1|Charizard||ChoiceSpecs|SolarPower|HeatWave,Overheat,WeatherBall,AirSlash|||F|||50|,,,,,Ghost]Torkoal||EjectPack|Drought|Eruption,Overheat,HelpingHand,Protect|||M|||50|,,,,,Fire]Porygon2||Eviolite|Download|TeraBlast,IceBeam,Recover,TrickRoom||||||50|,,,,,Fighting]Incineroar||SitrusBerry|Intimidate|FlareBlitz,KnockOff,FakeOut,PartingShot|||F|||50|,,,,,Ghost]Jumpluff||CovertCloak|Chlorophyll|SleepPowder,SunnyDay,RagePowder,Tailwind|||F|||50|,,,,,Water]Ursaluna||FlameOrb|Guts|HeadlongRush,Facade,Earthquake,Protect|||M|||50|,,,,,Ghost
|showteam|p2|Kingambit||BlackGlasses|Defiant|KowtowCleave,SuckerPunch,SwordsDance,Protect|||F|||50|,,,,,Dark]Primarina||SitrusBerry|LiquidVoice|HyperVoice,Moonblast,Haze,Protect|||M|||50|,,,,,Poison]Sneasler||FocusSash|PoisonTouch|CloseCombat,DireClaw,FakeOut,Protect|||M|||50|,,,,,Ghost]Magmar||Eviolite|VitalSpirit|Overheat,WillOWisp,FollowMe,Protect|||F|||50|,,,,,Ghost]Rillaboom||AssaultVest|GrassySurge|WoodHammer,GrassyGlide,HighHorsepower,FakeOut|||F|||50|,,,,,Fire]Dragapult||ChoiceBand|ClearBody|DragonDarts,PhantomForce,Outrage,Uturn|||M|||50|,,,,,Dragon
|inactive|Battle timer is ON: inactive players will automatically lose when time's up. (requested by CrystalGem02)
|
|t:|1754429325
|teamsize|p1|4
|teamsize|p2|4
|start
|switch|p1a: Torkoal|Torkoal, L50, M, shiny|100/100
|switch|p1b: Jumpluff|Jumpluff, L50, F, shiny|100/100
|switch|p2a: Dragapult|Dragapult, L50, M|100/100
|switch|p2b: Sneasler|Sneasler, L50, M|100/100
|-weather|SunnyDay|[from] ability: Drought|[of] p1a: Torkoal
|turn|1
|
|t:|1754429337
|switch|p2a: Magmar|Magmar, L50, F|100/100
|move|p1b: Jumpluff|Tailwind|p1b: Jumpluff
|-sidestart|p1: CrystalGem02|move: Tailwind
|move|p2b: Sneasler|Dire Claw|p1b: Jumpluff
|-supereffective|p1b: Jumpluff
|-damage|p1b: Jumpluff|0 fnt
|faint|p1b: Jumpluff
|move|p1a: Torkoal|Overheat|p2b: Sneasler|[miss]
|-miss|p1a: Torkoal|p2b: Sneasler
|
|-weather|SunnyDay|[upkeep]
|upkeep
|
|t:|1754429350
|switch|p1b: Ursaluna|Ursaluna, L50, M|100/100
|turn|2
|
|t:|1754429371
|switch|p1a: Charizard|Charizard, L50, F, shiny|100/100
|move|p2b: Sneasler|Close Combat|p1b: Ursaluna
|-supereffective|p1b: Ursaluna
|-damage|p1b: Ursaluna|1/100
|-unboost|p2b: Sneasler|def|1
|-unboost|p2b: Sneasler|spd|1
|-status|p1b: Ursaluna|psn|[from] ability: Poison Touch|[of] p2b: Sneasler
|move|p1b: Ursaluna|Earthquake|p2a: Magmar|[spread] p2a,p2b
|-immune|p1a: Charizard
|-supereffective|p2a: Magmar
|-supereffective|p2b: Sneasler
|-damage|p2a: Magmar|0 fnt
|-enditem|p2b: Sneasler|Focus Sash
|-damage|p2b: Sneasler|1/100
|faint|p2a: Magmar
|
|-weather|SunnyDay|[upkeep]
|-damage|p1a: Charizard|88/100|[from] ability: Solar Power|[of] p1a: Charizard
|-damage|p1b: Ursaluna|0 fnt|[from] psn
|faint|p1b: Ursaluna
|upkeep
|
|t:|1754429384
|switch|p2a: Kingambit|Kingambit, L50, F|100/100
|switch|p1b: Torkoal|Torkoal, L50, M, shiny|100/100
|turn|3
|
|t:|1754429400
|move|p2b: Sneasler|Protect|p2b: Sneasler
|-singleturn|p2b: Sneasler|Protect
|move|p2a: Kingambit|Protect|p2a: Kingambit
|-singleturn|p2a: Kingambit|Protect
|move|p1a: Charizard|Heat Wave|p2b: Sneasler|[spread] 
|-activate|p2a: Kingambit|move: Protect
|-activate|p2b: Sneasler|move: Protect
|move|p1b: Torkoal|Eruption|p2a: Kingambit|[spread] 
|-activate|p2a: Kingambit|move: Protect
|-activate|p2b: Sneasler|move: Protect
|
|-weather|SunnyDay|[upkeep]
|-damage|p1a: Charizard|76/100|[from] ability: Solar Power|[of] p1a: Charizard
|upkeep
|turn|4
|
|t:|1754429407
|-terastallize|p2a: Kingambit|Dark
|move|p2a: Kingambit|Sucker Punch|p1a: Charizard
|-damage|p1a: Charizard|0 fnt
|faint|p1a: Charizard
|move|p2b: Sneasler|Dire Claw|p1b: Torkoal
|-damage|p1b: Torkoal|67/100
|-status|p1b: Torkoal|psn
|move|p1b: Torkoal|Eruption|p2a: Kingambit|[spread] p2a,p2b
|-crit|p2a: Kingambit
|-damage|p2a: Kingambit|29/100
|-damage|p2b: Sneasler|0 fnt
|faint|p2b: Sneasler
|
|-weather|SunnyDay|[upkeep]
|-damage|p1b: Torkoal|54/100 psn|[from] psn
|-sideend|p1: CrystalGem02|move: Tailwind
|upkeep
|-message|CrystalGem02 forfeited.
|
|win|perenniumfalcon
|raw|CrystalGem02's rating: 1182 → 1163(-19 for losing)
|raw|perenniumfalcon's rating: 1271 → 1290(+19 for winning)
