|j|☆Dust and fidget
|j|☆AN555GEL
|html|Dust and fidgetAN555GEL    
|uhtml|bestof|Game 1 of a best-of-3
|t:|1756393949
|gametype|doubles
|player|p1|Dust and fidget|akari|1048
|player|p2|AN555GEL|101|1158
|gen|9
|tier|[Gen 9] VGC 2025 Reg H (Bo3)
|rated|
|rule|Species Clause: Limit one of each Pokémon
|rule|Item Clause: Limit 1 of each item
|clearpoke
|poke|p1|Rillaboom, L50, M|
|poke|p1|Sneasler, L50, M|
|poke|p1|Basculegion, L50, M|
|poke|p1|Ninetales-Alola, L50, F|
|poke|p1|Magmar, L50, F|
|poke|p1|Archaludon, L50, F|
|poke|p2|Archaludon, L50, F|
|poke|p2|Basculegion, L50, M|
|poke|p2|Pelipper, L50, M|
|poke|p2|Incineroar, L50, F|
|poke|p2|Clefable, L50, F|
|poke|p2|Gholdengo, L50|
|teampreview|4
|showteam|p1|Rillaboom||AssaultVest|GrassySurge|WoodHammer,GrassyGlide,FakeOut,HighHorsepower|||M|||50|,,,,,Fire]Sneasler||FocusSash|Unburden|DireClaw,CloseCombat,ThroatChop,Protect|||M|||50|,,,,,Stellar]Basculegion||ChoiceScarf|Adaptability|WaveCrash,LastRespects,AquaJet,FlipTurn|||M|||50|,,,,,Grass]Ninetales-Alola||IciclePlate|SnowWarning|Blizzard,FreezeDry,IcyWind,Protect|||F|||50|,,,,,Ice]Magmar||Eviolite|VitalSpirit|Flamethrower,Taunt,FollowMe,Protect|||F|||50|,,,,,Fairy]Archaludon||PowerHerb|Sturdy|ElectroShot,DragonPulse,Thunderbolt,Protect|||F|||50|,,,,,Electric
|showteam|p2|Archaludon||AssaultVest|Stamina|ElectroShot,BodyPress,DragonPulse,Snarl|||F|||50|,,,,,Grass]Basculegion||ChoiceBand|SwiftSwim|AquaJet,WaveCrash,FlipTurn,LastRespects|||M|||50|,,,,,Water]Pelipper||FocusSash|Drizzle|WeatherBall,Hurricane,Tailwind,Protect|||M|||50|,,,,,Ghost]Incineroar||SitrusBerry|Intimidate|FakeOut,KnockOff,Taunt,PartingShot|||F|||50|,,,,,Ghost]Clefable||SafetyGoggles|Unaware|Moonblast,FollowMe,Protect,LifeDew|||F|||50|,,,,,Water]Gholdengo||LifeOrb|GoodasGold|MakeItRain,NastyPlot,ShadowBall,Protect||||||50|,,,,,Water
|inactive|Battle timer is ON: inactive players will automatically lose when time's up. (requested by Dust and fidget)
|c|☆Dust and fidget|ANGEL?
|c|☆Dust and fidget|HIIII
|c|☆Dust and fidget|its iris
|c|☆AN555GEL|OOOH
|c|☆AN555GEL|hey iriis
|inactive|Dust and fidget has 60 seconds left.
|inactive|AN555GEL has 60 seconds left.
|c|☆AN555GEL|I was just saying how that team is awful for me
|c|☆AN555GEL|and there u are
|c|☆AN555GEL|HAHAHAH
|c|☆AN555GEL|GLHF
|c|☆Dust and fidget|thank you :3
|c|☆Dust and fidget|glhf!
|c|☆Dust and fidget|on an alt rn
|inactive|Dust and fidget has 30 seconds left.
|inactive|AN555GEL has 30 seconds left.
|inactive|AN555GEL has 20 seconds left.
|inactive|AN555GEL has 15 seconds left.
|
|t:|1756394027
|teamsize|p1|4
|teamsize|p2|4
|start
|switch|p1a: Gooseberry|Basculegion, L50, M, shiny|100/100
|switch|p1b: Archaludon|Archaludon, L50, F|100/100
|switch|p2a: Incineroar|Incineroar, L50, F, shiny|100/100
|switch|p2b: Gholdengo|Gholdengo, L50|100/100
|-ability|p2a: Incineroar|Intimidate|boost
|-unboost|p1a: Gooseberry|atk|1
|-unboost|p1b: Archaludon|atk|1
|turn|1
|inactive|AN555GEL has 30 seconds left.
|
|t:|1756394059
|switch|p2a: Clefable|Clefable, L50, F|100/100
|move|p1b: Archaludon|Protect|p1b: Archaludon
|-singleturn|p1b: Archaludon|Protect
|move|p1a: Gooseberry|Wave Crash|p2a: Clefable
|-damage|p2a: Clefable|40/100
|-damage|p1a: Gooseberry|81/100|[from] Recoil
|move|p2b: Gholdengo|Nasty Plot|p2b: Gholdengo
|-boost|p2b: Gholdengo|spa|2
|
|upkeep
|turn|2
|inactive|AN555GEL has 30 seconds left.
|inactive|AN555GEL has 20 seconds left.
|inactive|AN555GEL has 15 seconds left.
|
|t:|1756394101
|switch|p2a: Archaludon|Archaludon, L50, F|100/100
|-terastallize|p1b: Archaludon|Electric
|move|p1a: Gooseberry|Wave Crash|p2a: Archaludon
|-resisted|p2a: Archaludon
|-damage|p2a: Archaludon|82/100
|-ability|p2a: Archaludon|Stamina|boost
|-boost|p2a: Archaludon|def|1
|-damage|p1a: Gooseberry|75/100|[from] Recoil
|move|p1b: Archaludon|Electro Shot||[still]
|-prepare|p1b: Archaludon|Electro Shot
|-boost|p1b: Archaludon|spa|1
|-enditem|p1b: Archaludon|Power Herb
|-anim|p1b: Archaludon|Electro Shot|p2b: Gholdengo
|-damage|p2b: Gholdengo|0 fnt
|faint|p2b: Gholdengo
|
|upkeep
|c|☆Dust and fidget|bing bong
|c|☆Dust and fidget|gholdengo gone
|c|☆Dust and fidget|:p
|c|☆AN555GEL|haha
|inactive|AN555GEL has 30 seconds left.
|c|☆AN555GEL|To make the matters worse
|inactive|AN555GEL has 20 seconds left.
|c|☆AN555GEL|I have to kill that thing being timid 252
|inactive|AN555GEL has 15 seconds left.
|
|t:|1756394141
|switch|p2b: Incineroar|Incineroar, L50, F, shiny|100/100
|-ability|p2b: Incineroar|Intimidate|boost
|-unboost|p1a: Gooseberry|atk|1
|-unboost|p1b: Archaludon|atk|1
|turn|3
|
|t:|1756394157
|-terastallize|p2b: Incineroar|Ghost
|move|p1b: Archaludon|Protect|p1b: Archaludon
|-singleturn|p1b: Archaludon|Protect
|move|p1a: Gooseberry|Wave Crash|p2b: Incineroar
|-damage|p2b: Incineroar|69/100
|-damage|p1a: Gooseberry|64/100|[from] Recoil
|move|p2a: Archaludon|Snarl|p1a: Gooseberry|[spread] p1a
|-activate|p1b: Archaludon|move: Protect
|-supereffective|p1a: Gooseberry
|-damage|p1a: Gooseberry|35/100
|-unboost|p1a: Gooseberry|spa|1
|move|p2b: Incineroar|Parting Shot|p1a: Gooseberry
|-unboost|p1a: Gooseberry|atk|1
|-unboost|p1a: Gooseberry|spa|1
|
|t:|1756394163
|switch|p2b: Clefable|Clefable, L50, F|40/100|[from] Parting Shot
|
|upkeep
|turn|4
|
|t:|1756394189
|switch|p1a: Sneasler|Sneasler, L50, M, shiny|100/100
|switch|p2b: Incineroar|Incineroar, L50, F, shiny, tera:Ghost|69/100
|-ability|p2b: Incineroar|Intimidate|boost
|-unboost|p1a: Sneasler|atk|1
|-unboost|p1b: Archaludon|atk|1
|move|p1b: Archaludon|Dragon Pulse|p2a: Archaludon
|-damage|p2a: Archaludon|30/100
|-ability|p2a: Archaludon|Stamina|boost
|-boost|p2a: Archaludon|def|1
|move|p2a: Archaludon|Snarl|p1b: Archaludon|[spread] p1a,p1b
|-resisted|p1a: Sneasler
|-damage|p1a: Sneasler|92/100
|-damage|p1b: Archaludon|82/100
|-unboost|p1a: Sneasler|spa|1
|-unboost|p1b: Archaludon|spa|1
|
|upkeep
|turn|5
|
|t:|1756394211
|switch|p2b: Clefable|Clefable, L50, F|40/100
|move|p1a: Sneasler|Close Combat|p2a: Archaludon
|-supereffective|p2a: Archaludon
|-damage|p2a: Archaludon|0 fnt
|-unboost|p1a: Sneasler|def|1
|-unboost|p1a: Sneasler|spd|1
|faint|p2a: Archaludon
|move|p1b: Archaludon|Dragon Pulse|p2b: Clefable
|-immune|p2b: Clefable
|
|upkeep
|
|t:|1756394216
|switch|p2a: Incineroar|Incineroar, L50, F, shiny, tera:Ghost|69/100
|-ability|p2a: Incineroar|Intimidate|boost
|-unboost|p1a: Sneasler|atk|1
|-unboost|p1b: Archaludon|atk|1
|turn|6
|-message|AN555GEL forfeited.
|
|win|Dust and fidget
|c|☆AN555GEL|gg
||Dust and fidget is ready for game 2.
||AN555GEL is ready for game 2.
|uhtml|next|Next: Game 2 of 3
