|j|☆Lstdnce
|html|SazandoramxLstdnce    
|uhtml|bestof|Game 2 of a best-of-3
|t:|1756825492
|gametype|doubles
|player|p1|Sazandoramx|266|1307
|player|p2|Lstdnce|265|1304
|gen|9
|tier|[Gen 9] VGC 2025 Reg H (Bo3)
|rated|
|rule|Species Clause: Limit one of each Pokémon
|rule|Item Clause: Limit 1 of each item
|clearpoke
|poke|p1|Armarouge, L50, M|
|poke|p1|Kingambit, L50, F|
|poke|p1|Indeedee-F, L50, F|
|poke|p1|Annihilape, L50, M|
|poke|p1|Hatterene, L50, F|
|poke|p1|Torkoal, L50, M|
|poke|p2|Dragonite, L50, F|
|poke|p2|Ursaluna-Bloodmoon, L50, M|
|poke|p2|Gholdengo, L50|
|poke|p2|Maushold-Four, L50|
|poke|p2|Annihilape, L50, F|
|poke|p2|Rillaboom, L50, M|
|teampreview|4
|showteam|p1|Armarouge||PowerHerb|FlashFire|ArmorCannon,ExpandingForce,MeteorBeam,TrickRoom|||M|||50|,,,,,Grass]Kingambit||SafetyGoggles|Defiant|KowtowCleave,LowKick,SuckerPunch,SwordsDance|||F|||50|,,,,,Dark]Indeedee-F||RockyHelmet|PsychicSurge|Psychic,FollowMe,TrickRoom,HelpingHand|||F|||50|,,,,,Steel]Annihilape||ChoiceScarf|Defiant|CloseCombat,ShadowClaw,FinalGambit,Uturn|||M|||50|,,,,,Stellar]Hatterene||LifeOrb|MagicBounce|ExpandingForce,DazzlingGleam,TrickRoom,Protect|||F|||50|,,,,,Water]Torkoal||ChoiceSpecs|Drought|Eruption,EarthPower,WeatherBall,HeatWave|||M|||50|,,,,,Fire
|showteam|p2|Dragonite||LoadedDice|Multiscale|ScaleShot,Tailwind,Haze,Protect|||F|||50|,,,,,Steel]Ursaluna-Bloodmoon||AssaultVest|MindsEye|BloodMoon,EarthPower,HyperVoice,VacuumWave|||M|||50|,,,,,Water]Gholdengo||LifeOrb|GoodasGold|MakeItRain,ShadowBall,NastyPlot,Protect||||||50|,,,,,Water]Maushold-Four||FocusSash|FriendGuard|SuperFang,FollowMe,BeatUp,Protect||||||50|,,,,,Ghost]Annihilape||SitrusBerry|Defiant|RageFist,DrainPunch,BulkUp,Protect|||F|||50|,,,,,Fire]Rillaboom||MiracleSeed|GrassySurge|WoodHammer,GrassyGlide,HighHorsepower,FakeOut|||M|||50|,,,,,Fire
|inactive|Battle timer is ON: inactive players will automatically lose when time's up. (requested by Lstdnce)
|inactive|Sazandoramx disconnected and has a minute to reconnect!
|j|☆Sazandoramx
|inactive|Sazandoramx reconnected and has 90 seconds left.
|player|p1|Sazandoramx|266|
|inactive|Sazandoramx has 60 seconds left.
|inactive|Sazandoramx has 30 seconds left.
|
|t:|1756825559
|teamsize|p1|4
|teamsize|p2|4
|start
|switch|p1a: Hatterene|Hatterene, L50, F|100/100
|switch|p1b: Kingambit|Kingambit, L50, F|100/100
|switch|p2a: Ursaluna|Ursaluna-Bloodmoon, L50, M|100/100
|switch|p2b: Gholdengo|Gholdengo, L50|100/100
|turn|1
|inactive|Sazandoramx has 30 seconds left.
|inactive|Lstdnce has 30 seconds left.
|inactive|Sazandoramx has 20 seconds left.
|inactive|Sazandoramx has 15 seconds left.
|inactive|Lstdnce has 20 seconds left.
|
|t:|1756825602
|-terastallize|p2b: Gholdengo|Water
|-terastallize|p1b: Kingambit|Dark
|move|p2b: Gholdengo|Nasty Plot|p2b: Gholdengo
|-boost|p2b: Gholdengo|spa|2
|move|p2a: Ursaluna|Blood Moon|p1a: Hatterene
|-damage|p1a: Hatterene|11/100
|move|p1b: Kingambit|Swords Dance|p1b: Kingambit
|-boost|p1b: Kingambit|atk|2
|move|p1a: Hatterene|Trick Room|p1a: Hatterene
|-fieldstart|move: Trick Room|[of] p1a: Hatterene
|
|upkeep
|turn|2
|inactive|Sazandoramx has 30 seconds left.
|inactive|Sazandoramx has 20 seconds left.
|inactive|Sazandoramx has 15 seconds left.
|
|t:|1756825645
|move|p2a: Ursaluna|Vacuum Wave|p1b: Kingambit
|-supereffective|p1b: Kingambit
|-damage|p1b: Kingambit|70/100
|move|p1a: Hatterene|Dazzling Gleam|p2a: Ursaluna|[spread] p2a,p2b
|-damage|p2a: Ursaluna|69/100
|-damage|p2b: Gholdengo|47/100
|-damage|p1a: Hatterene|2/100|[from] item: Life Orb
|move|p1b: Kingambit|Kowtow Cleave|p2b: Gholdengo
|-damage|p2b: Gholdengo|0 fnt
|faint|p2b: Gholdengo
|
|upkeep
|
|t:|1756825655
|switch|p2b: Maushold|Maushold-Four, L50|100/100
|turn|3
|inactive|Sazandoramx has 30 seconds left.
|inactive|Sazandoramx has 20 seconds left.
|
|t:|1756825693
|move|p2b: Maushold|Protect|p2b: Maushold
|-singleturn|p2b: Maushold|Protect
|move|p2a: Ursaluna|Vacuum Wave|p1a: Hatterene
|-resisted|p1a: Hatterene
|-damage|p1a: Hatterene|0 fnt
|faint|p1a: Hatterene
|move|p1b: Kingambit|Kowtow Cleave|p2a: Ursaluna
|-damage|p2a: Ursaluna|0 fnt
|faint|p2a: Ursaluna
|
|upkeep
|-message|Lstdnce forfeited.
|raw|Sazandoramx's rating: 1307 → 1327(+20 for winning)
|raw|Lstdnce's rating: 1304 → 1284(-20 for losing)
|
|win|Sazandoramx
|l|☆Lstdnce
|player|p2|
