|j|☆ming0mang0
|j|☆Bolsa_25
|html|ming0mang0Bolsa_25    
|uhtml|bestof|Game 2 of a best-of-3
|t:|1757094534
|gametype|doubles
|player|p1|ming0mang0|harlequin|1066
|player|p2|Bolsa_25|psychicf|1094
|gen|9
|tier|[Gen 9] VGC 2025 Reg H (Bo3)
|rated|
|rule|Species Clause: Limit one of each Pokémon
|rule|Item Clause: Limit 1 of each item
|clearpoke
|poke|p1|Excadrill, L50, M|
|poke|p1|Tyranitar, L50, M|
|poke|p1|Sneasler, L50, F|
|poke|p1|Indeedee, L50, M|
|poke|p1|Corviknight, L50, F|
|poke|p1|Annihilape, L50, F|
|poke|p2|Gholdengo, L50|
|poke|p2|Magmar, L50, M|
|poke|p2|Dragonite, L50, M|
|poke|p2|Rillaboom, L50, M|
|poke|p2|Annihilape, L50, M|
|poke|p2|Sylveon, L50, F|
|teampreview|4
|showteam|p1|Excadrill||FocusSash|SandRush|IronHead,HighHorsepower,Earthquake,Protect|||M|||50|,,,,,Stellar]Tyranitar||AssaultVest|SandStream|RockSlide,KnockOff,TeraBlast,LowKick|||M|||50|,,,,,Flying]Sneasler||PsychicSeed|Unburden|DireClaw,CloseCombat,ThroatChop,Protect|||F|||50|,,,,,Dark]Indeedee||ChoiceScarf|PsychicSurge|ExpandingForce,TeraBlast,Protect,Trick|||M|||50|,,,,,Psychic]Corviknight||Leftovers|MirrorArmor|BulkUp,BraveBird,Roost,Tailwind|||F|||50|,,,,,Dragon]Annihilape||SafetyGoggles|Defiant|CloseCombat,FinalGambit,RageFist,Taunt|||F|||50|,,,,,Water
|showteam|p2|Gholdengo||LifeOrb|GoodasGold|Protect,NastyPlot,MakeItRain,ShadowBall||||||50|,,,,,Water]Magmar||Eviolite|VitalSpirit|Taunt,WillOWisp,FollowMe,BurningJealousy|||M|||50|,,,,,Ghost]Dragonite||LoadedDice|Multiscale|Protect,Haze,Tailwind,ScaleShot|||M|||50|,,,,,Fairy]Rillaboom||AssaultVest|GrassySurge|FakeOut,GrassyGlide,WoodHammer,HighHorsepower|||M|||50|,,,,,Fire]Annihilape||SafetyGoggles|Defiant|Protect,BulkUp,RageFist,DrainPunch|||M|||50|,,,,,Steel]Sylveon||ThroatSpray|Pixilate|TeraBlast,HyperVoice,Protect,BabyDollEyes|||F|||50|,,,,,Water
|inactive|Battle timer is ON: inactive players will automatically lose when time's up. (requested by Bolsa_25)
|inactive|ming0mang0 has 60 seconds left.
|
|t:|1757094588
|teamsize|p1|4
|teamsize|p2|4
|start
|switch|p1a: Annihilape|Annihilape, L50, F|100/100
|switch|p1b: Indeedee|Indeedee, L50, M|100/100
|switch|p2a: Dragonite|Dragonite, L50, M|100/100
|switch|p2b: Magmar|Magmar, L50, M|100/100
|-fieldstart|move: Psychic Terrain|[from] ability: Psychic Surge|[of] p1b: Indeedee
|turn|1
|
|t:|1757094610
|move|p2b: Magmar|Follow Me|p2b: Magmar
|-singleturn|p2b: Magmar|move: Follow Me
|move|p1b: Indeedee|Expanding Force|p2a: Dragonite|[spread] p2a,p2b
|-damage|p2a: Dragonite|73/100
|-damage|p2b: Magmar|60/100
|move|p1a: Annihilape|Taunt|p2b: Magmar
|-start|p2b: Magmar|move: Taunt
|move|p2a: Dragonite|Scale Shot|p1b: Indeedee
|-damage|p1b: Indeedee|74/100
|-damage|p1b: Indeedee|47/100
|-damage|p1b: Indeedee|20/100
|-damage|p1b: Indeedee|0 fnt
|faint|p1b: Indeedee
|-hitcount|p1: Indeedee|4
|-unboost|p2a: Dragonite|def|1
|-boost|p2a: Dragonite|spe|1
|
|upkeep
|
|t:|1757094633
|switch|p1b: Sneasler|Sneasler, L50, F|100/100
|-enditem|p1b: Sneasler|Psychic Seed
|-boost|p1b: Sneasler|spd|1|[from] item: Psychic Seed
|turn|2
|inactive|ming0mang0 has 30 seconds left.
|inactive|ming0mang0 has 20 seconds left.
|inactive|ming0mang0 has 15 seconds left.
|
|t:|1757094677
|switch|p2b: Rillaboom|Rillaboom, L50, M|100/100
|-fieldstart|move: Grassy Terrain|[from] ability: Grassy Surge|[of] p2b: Rillaboom
|-terastallize|p1a: Annihilape|Water
|move|p1b: Sneasler|Protect|p1b: Sneasler
|-singleturn|p1b: Sneasler|Protect
|move|p2a: Dragonite|Protect|p2a: Dragonite
|-singleturn|p2a: Dragonite|Protect
|move|p1a: Annihilape|Rage Fist|p2b: Rillaboom
|-crit|p2b: Rillaboom
|-damage|p2b: Rillaboom|67/100
|
|-heal|p2b: Rillaboom|73/100|[from] Grassy Terrain
|upkeep
|turn|3
|inactive|ming0mang0 has 30 seconds left.
|inactive|ming0mang0 has 20 seconds left.
|
|t:|1757094713
|switch|p1a: Corviknight|Corviknight, L50, F, shiny|100/100
|move|p2b: Rillaboom|Fake Out|p1b: Sneasler
|-damage|p1b: Sneasler|75/100
|cant|p1b: Sneasler|flinch
|move|p2a: Dragonite|Scale Shot|p1b: Sneasler
|-damage|p1b: Sneasler|54/100
|-damage|p1b: Sneasler|33/100
|-damage|p1b: Sneasler|9/100
|-damage|p1b: Sneasler|0 fnt
|faint|p1b: Sneasler
|-hitcount|p1: Sneasler|4
|-unboost|p2a: Dragonite|def|1
|-boost|p2a: Dragonite|spe|1
|
|-heal|p2b: Rillaboom|80/100|[from] Grassy Terrain
|upkeep
|
|t:|1757094729
|switch|p1b: Annihilape|Annihilape, L50, F, tera:Water|100/100
|turn|4
|
|t:|1757094739
|move|p2a: Dragonite|Tailwind|p2a: Dragonite
|-sidestart|p2: Bolsa_25|move: Tailwind
|move|p2b: Rillaboom|Wood Hammer|p1b: Annihilape
|-supereffective|p1b: Annihilape
|-damage|p1b: Annihilape|0 fnt
|faint|p1b: Annihilape
|-damage|p2b: Rillaboom|44/100|[from] Recoil
|move|p1a: Corviknight|Tailwind|p1a: Corviknight
|-sidestart|p1: ming0mang0|move: Tailwind
|
|-heal|p2b: Rillaboom|50/100|[from] Grassy Terrain
|upkeep
|turn|5
|-message|ming0mang0 forfeited.
|
|win|Bolsa_25
|raw|ming0mang0's rating: 1066 → 1048(-18 for losing)
|raw|Bolsa_25's rating: 1094 → 1118(+24 for winning)
|l|☆ming0mang0
|player|p1|
|j|☆ming0mang0
|player|p1|ming0mang0|harlequin|
