|j|☆ming0mang0
|j|☆zonee2k
|html|ming0mang0zonee2k    
|uhtml|bestof|Game 2 of a best-of-3
|t:|1756586055
|gametype|doubles
|player|p1|ming0mang0|harlequin|1104
|player|p2|zonee2k|n|1219
|gen|9
|tier|[Gen 9] VGC 2025 Reg H (Bo3)
|rated|
|rule|Species Clause: Limit one of each Pokémon
|rule|Item Clause: Limit 1 of each item
|clearpoke
|poke|p1|Porygon2, L50|
|poke|p1|Hydreigon, L50, M|
|poke|p1|Incineroar, L50, M|
|poke|p1|Garchomp, L50, F|
|poke|p1|Amoonguss, L50, M|
|poke|p1|Gholdengo, L50|
|poke|p2|Primarina, L50, F|
|poke|p2|Rillaboom, L50, M|
|poke|p2|Sneasler, L50, M|
|poke|p2|Dragapult, L50, M|
|poke|p2|Kingambit, L50, M|
|poke|p2|Magmar, L50, M|
|teampreview|4
|showteam|p1|Porygon2||Eviolite|Download|TeraBlast,IceBeam,TrickRoom,Recover||||||50|,,,,,Fighting]Hydreigon||SafetyGoggles|Levitate|Snarl,DracoMeteor,Tailwind,Protect|||M|||50|,,,,,Ghost]Incineroar||SitrusBerry|Intimidate|FlareBlitz,KnockOff,PartingShot,FakeOut|||M|||50|,,,,,Grass]Garchomp||LoadedDice|RoughSkin|ScaleShot,Earthquake,StompingTantrum,Protect|||F|||50|,,,,,Fire]Amoonguss||CovertCloak|Regenerator|PollenPuff,Spore,RagePowder,Protect|||M|||50|,,,,,Fire]Gholdengo||MetalCoat|GoodasGold|MakeItRain,ShadowBall,NastyPlot,Protect||||||50|,,,,,Flying
|showteam|p2|Primarina||SitrusBerry|LiquidVoice|Moonblast,HyperVoice,Haze,Protect|||F|||50|,,,,,Poison]Rillaboom||AssaultVest|GrassySurge|GrassyGlide,WoodHammer,HighHorsepower,FakeOut|||M|||50|,,,,,Fire]Sneasler||FocusSash|PoisonTouch|DireClaw,CloseCombat,FakeOut,Protect|||M|||50|,,,,,Stellar]Dragapult||ChoiceBand|ClearBody|DragonDarts,Outrage,Uturn,PhantomForce|||M|||50|,,,,,Dragon]Kingambit||BlackGlasses|Defiant|KowtowCleave,SuckerPunch,SwordsDance,Protect|||M|||50|,,,,,Dark]Magmar||Eviolite|VitalSpirit|Overheat,FollowMe,WillOWisp,Protect|||M|||50|,,,,,Ghost
|inactive|Battle timer is ON: inactive players will automatically lose when time's up. (requested by zonee2k)
|inactive|ming0mang0 has 60 seconds left.
|inactive|ming0mang0 has 30 seconds left.
|
|t:|1756586125
|teamsize|p1|4
|teamsize|p2|4
|start
|switch|p1a: Porygon2|Porygon2, L50, shiny|100/100
|switch|p1b: Gholdengo|Gholdengo, L50, shiny|100/100
|switch|p2a: Sneasler|Sneasler, L50, M|100/100
|switch|p2b: Dragapult|Dragapult, L50, M|100/100
|-ability|p1a: Porygon2|Download|boost
|-boost|p1a: Porygon2|atk|1
|turn|1
|inactive|ming0mang0 has 30 seconds left.
|inactive|zonee2k has 30 seconds left.
|inactive|ming0mang0 has 20 seconds left.
|inactive|ming0mang0 has 15 seconds left.
|inactive|ming0mang0 has 10 seconds left.
|
|t:|1756586170
|-terastallize|p2b: Dragapult|Dragon
|move|p2a: Sneasler|Fake Out|p1a: Porygon2
|-damage|p1a: Porygon2|92/100
|move|p2b: Dragapult|Outrage|p1b: Gholdengo
|-resisted|p1b: Gholdengo
|-damage|p1b: Gholdengo|39/100
|move|p1b: Gholdengo|Make It Rain|p2b: Dragapult|[spread] p2a,p2b
|-damage|p2a: Sneasler|13/100
|-damage|p2b: Dragapult|19/100
|-unboost|p1b: Gholdengo|spa|1
|cant|p1a: Porygon2|flinch
|
|upkeep
|turn|2
|inactive|ming0mang0 has 30 seconds left.
|
|t:|1756586202
|switch|p1b: Incineroar|Incineroar, L50, M, shiny|100/100
|-ability|p1b: Incineroar|Intimidate|boost
|-unboost|p2a: Sneasler|atk|1
|-fail|p2b: Dragapult|unboost|[from] ability: Clear Body|[of] p2b: Dragapult
|move|p2b: Dragapult|Outrage|p1b: Incineroar|[from] lockedmove
|-damage|p1b: Incineroar|0 fnt
|faint|p1b: Incineroar
|move|p2a: Sneasler|Close Combat|p1a: Porygon2
|-supereffective|p1a: Porygon2
|-damage|p1a: Porygon2|39/100
|-unboost|p2a: Sneasler|def|1
|-unboost|p2a: Sneasler|spd|1
|move|p1a: Porygon2|Trick Room|p1a: Porygon2
|-fieldstart|move: Trick Room|[of] p1a: Porygon2
|
|upkeep
|inactive|ming0mang0 has 30 seconds left.
|inactive|ming0mang0 has 20 seconds left.
|
|t:|1756586239
|switch|p1b: Gholdengo|Gholdengo, L50, shiny|39/100
|turn|3
|
|t:|1756586256
|move|p1a: Porygon2|Ice Beam|p2b: Dragapult
|-supereffective|p2b: Dragapult
|-crit|p2b: Dragapult
|-damage|p2b: Dragapult|0 fnt
|faint|p2b: Dragapult
|move|p1b: Gholdengo|Nasty Plot|p1b: Gholdengo
|-boost|p1b: Gholdengo|spa|2
|move|p2a: Sneasler|Close Combat|p1a: Porygon2
|-supereffective|p1a: Porygon2
|-damage|p1a: Porygon2|0 fnt
|-unboost|p2a: Sneasler|def|1
|-unboost|p2a: Sneasler|spd|1
|faint|p1a: Porygon2
|
|upkeep
|
|t:|1756586268
|switch|p1a: Amoonguss|Amoonguss, L50, M, shiny|100/100
|switch|p2b: Kingambit|Kingambit, L50, M|100/100
|turn|4
|
|t:|1756586281
|move|p1a: Amoonguss|Spore|p2b: Kingambit
|-status|p2b: Kingambit|slp|[from] move: Spore
|cant|p2b: Kingambit|slp
|move|p1b: Gholdengo|Nasty Plot|p1b: Gholdengo
|-boost|p1b: Gholdengo|spa|2
|move|p2a: Sneasler|Dire Claw|p1a: Amoonguss
|-damage|p1a: Amoonguss|74/100
|
|upkeep
|turn|5
|inactive|ming0mang0 has 30 seconds left.
|inactive|zonee2k has 30 seconds left.
|inactive|ming0mang0 has 20 seconds left.
|inactive|ming0mang0 has 15 seconds left.
|
|t:|1756586322
|-terastallize|p1b: Gholdengo|Flying
|-curestatus|p2b: Kingambit|slp|[msg]
|move|p2b: Kingambit|Sucker Punch|p1b: Gholdengo
|-damage|p1b: Gholdengo|0 fnt
|faint|p1b: Gholdengo
|move|p1a: Amoonguss|Pollen Puff|p1: Gholdengo|[notarget]
|-fail|p1a: Amoonguss
|move|p2a: Sneasler|Dire Claw|p1a: Amoonguss
|-damage|p1a: Amoonguss|46/100
|
|upkeep
|turn|6
|
|t:|1756586341
|move|p1a: Amoonguss|Spore|p2b: Kingambit
|-status|p2b: Kingambit|slp|[from] move: Spore
|cant|p2b: Kingambit|slp
|move|p2a: Sneasler|Dire Claw|p1a: Amoonguss
|-damage|p1a: Amoonguss|18/100
|
|-fieldend|move: Trick Room
|upkeep
|turn|7
|-message|ming0mang0 forfeited.
|
|win|zonee2k
|raw|ming0mang0's rating: 1104 → 1087(-17 for losing)
|raw|zonee2k's rating: 1219 → 1236(+17 for winning)
|l|☆ming0mang0
|player|p1|
|j|☆ming0mang0
|player|p1|ming0mang0|harlequin|
