|j|☆Astano
|j|☆BesameGuapo
|html|AstanoBesameGuapo    
|uhtml|bestof|Game 1 of a best-of-3
|t:|1783506443
|gametype|doubles
|player|p1|Astano|1|
|player|p2|BesameGuapo|2|
|gen|9
|tier|[Gen 9 Champions] VGC 2026 Reg M-B (Bo3)
|rule|Species Clause: Limit one of each Pokémon
|rule|Item Clause: Limit 1 of each item
|clearpoke
|poke|p1|Swampert, L50, F|
|poke|p1|Sableye, L50, F|
|poke|p1|Archaludon, L50, M|
|poke|p1|Pelipper, L50, F|
|poke|p1|Sylveon, L50, F|
|poke|p1|Venusaur, L50, F|
|poke|p2|Pinsir, L50, M, shiny|
|poke|p2|Aerodactyl, L50, M, shiny|
|poke|p2|Rotom-Wash, L50, shiny|
|poke|p2|Kingambit, L50, F, shiny|
|poke|p2|Garchomp, L50, F|
|poke|p2|Ninetales-Alola, L50, M|
|teampreview|4
|showteam|p1|Swampert||Swampertite|Torrent|Protect,WaveCrash,Earthquake,HighHorsepower|Adamant||F|||50|]Sableye||LightClay|Prankster|Encore,Reflect,LightScreen,RainDance|Bold||F|||50|]Archaludon||Leftovers|Stamina|Protect,DragonPulse,FlashCannon,ElectroShot|Modest||M|||50|]Pelipper||SitrusBerry|Drizzle|Protect,WeatherBall,Hurricane,Tailwind|Bold||F|||50|]Sylveon||FairyFeather|Pixilate|Detect,HyperVoice,Moonblast,QuickAttack|Modest||F|||50|]Venusaur||Venusaurite|Overgrow|Protect,GigaDrain,SludgeBomb,EarthPower|Modest||F|||50|
|showteam|p2|Pinsir||Pinsirite|HyperCutter|RockSlide,Protect,QuickAttack,XScissor|Adamant||M|||50|]Aerodactyl||FocusSash|Unnerve|WideGuard,Tailwind,RockSlide,DualWingbeat|Jolly||M|||50|]Rotom-Wash||SitrusBerry|Levitate|VoltSwitch,WillOWisp,Electroweb,HydroPump|Calm|||||50|]Kingambit||ChopleBerry|Defiant|SuckerPunch,LowKick,IronHead,Protect|Brave||F|||50|]Garchomp||LifeOrb|RoughSkin|DragonClaw,Earthquake,Protect,RockSlide|Adamant||F|||50|]Ninetales-Alola||MentalHerb|SnowWarning|AuroraVeil,Moonblast,Blizzard,Protect|Timid||M|||50|
|c|☆Astano|glhf!
|inactive|Battle timer is ON: inactive players will automatically lose when time's up. (requested by Astano)
|inactive|Astano has 60 seconds left.
|inactive|BesameGuapo has 60 seconds left.
|
|t:|1783506527
|teamsize|p1|4
|teamsize|p2|4
|start
|switch|p1a: Archaludon|Archaludon, L50, M|100/100
|switch|p1b: Sableye|Sableye, L50, F|100/100
|switch|p2a: Pinsir|Pinsir, L50, M, shiny|100/100
|switch|p2b: Garchomp|Garchomp, L50, F|100/100
|turn|1
|inactive|BesameGuapo has 30 seconds left.
|l|☆BesameGuapo
|inactive|BesameGuapo disconnected and has 300 seconds to reconnect!
|player|p2|
|inactiveoff|Battle timer is now OFF.
|j|☆BesameGuapo
|player|p2|BesameGuapo|2|
|c|☆Astano|estas?
|
|t:|1783506607
|detailschange|p2a: Pinsir|Pinsir-Mega, L50, M, shiny
|-mega|p2a: Pinsir|Pinsir|Pinsirite
|move|p2a: Pinsir|Protect|p2a: Pinsir
|-singleturn|p2a: Pinsir|Protect
|move|p1a: Archaludon|Protect|p1a: Archaludon
|-singleturn|p1a: Archaludon|Protect
|move|p1b: Sableye|Reflect|p1b: Sableye
|-sidestart|p1: Astano|Reflect
|move|p2b: Garchomp|Earthquake|p1a: Archaludon|[spread] p1b
|-activate|p2a: Pinsir|move: Protect
|-activate|p1a: Archaludon|move: Protect
|-damage|p1b: Sableye|55/100
|-damage|p2b: Garchomp|90/100|[from] item: Life Orb
|
|upkeep
|turn|2
|inactive|Battle timer is ON: inactive players will automatically lose when time's up. (requested by Astano)
|inactive|BesameGuapo has 30 seconds left.
|
|t:|1783506638
|move|p2b: Garchomp|Protect|p2b: Garchomp
|-singleturn|p2b: Garchomp|Protect
|move|p1b: Sableye|Encore|p2a: Pinsir
|-start|p2a: Pinsir|Encore
|move|p2a: Pinsir|Protect||[still]
|-fail|p2a: Pinsir
|move|p1a: Archaludon|Dragon Pulse|p2b: Garchomp
|-activate|p2b: Garchomp|move: Protect
|
|upkeep
|turn|3
|
|t:|1783506654
|move|p2a: Pinsir|Protect|p2a: Pinsir
|-singleturn|p2a: Pinsir|Protect
|move|p1b: Sableye|Encore|p2b: Garchomp
|-start|p2b: Garchomp|Encore
|move|p2b: Garchomp|Protect|p2b: Garchomp
|-singleturn|p2b: Garchomp|Protect
|move|p1a: Archaludon|Dragon Pulse|p2b: Garchomp
|-activate|p2b: Garchomp|move: Protect
|
|upkeep
|turn|4
|
|t:|1783506666
|switch|p2a: Kingambit|Kingambit, L50, F, shiny|100/100
|switch|p2b: Ninetales|Ninetales-Alola, L50, M|100/100
|-weather|Snowscape|[from] ability: Snow Warning|[of] p2b: Ninetales
|move|p1b: Sableye|Rain Dance|p1b: Sableye
|-weather|RainDance
|move|p1a: Archaludon|Electro Shot||[still]
|-prepare|p1a: Archaludon|Electro Shot
|-boost|p1a: Archaludon|spa|1
|-anim|p1a: Archaludon|Electro Shot|p2a: Kingambit
|-damage|p2a: Kingambit|40/100
|
|-weather|RainDance|[upkeep]
|upkeep
|turn|5
|
|t:|1783506688
|switch|p1b: Pelipper|Pelipper, L50, F|100/100
|switch|p2a: Garchomp|Garchomp, L50, F|90/100
|move|p2b: Ninetales|Moonblast|p1b: Pelipper
|-damage|p1b: Pelipper|60/100
|move|p1a: Archaludon|Flash Cannon|p2b: Ninetales
|-supereffective|p2b: Ninetales|2
|-damage|p2b: Ninetales|0 fnt
|faint|p2b: Ninetales
|
|-weather|RainDance|[upkeep]
|upkeep
|inactive|BesameGuapo has 30 seconds left.
|inactive|BesameGuapo has 20 seconds left.
|inactive|BesameGuapo has 15 seconds left.
|
|t:|1783506732
|switch|p2b: Pinsir|Pinsir-Mega, L50, M, shiny|100/100
|turn|6
|
|t:|1783506752
|move|p2b: Pinsir|Quick Attack|p1b: Pelipper
|-damage|p1b: Pelipper|40/100
|-enditem|p1b: Pelipper|Sitrus Berry|[eat]
|-heal|p1b: Pelipper|65/100|[from] item: Sitrus Berry
|move|p2a: Garchomp|Earthquake|p1a: Archaludon|[spread] p1a
|-immune|p2b: Pinsir
|-immune|p1b: Pelipper
|-supereffective|p1a: Archaludon|1
|-damage|p1a: Archaludon|46/100
|-ability|p1a: Archaludon|Stamina|boost
|-boost|p1a: Archaludon|def|1
|-damage|p2a: Garchomp|80/100|[from] item: Life Orb
|move|p1a: Archaludon|Dragon Pulse|p2a: Garchomp
|-supereffective|p2a: Garchomp|1
|-damage|p2a: Garchomp|0 fnt
|faint|p2a: Garchomp
|move|p1b: Pelipper|Tailwind|p1b: Pelipper
|-sidestart|p1: Astano|move: Tailwind
|
|-weather|RainDance|[upkeep]
|-heal|p1a: Archaludon|52/100|[from] item: Leftovers
|upkeep
|-message|BesameGuapo forfeited.
|
|win|Astano
