|j|☆b for ball
|j|☆Scoseb
|html|b for ballScoseb    
|uhtml|bestof|Game 1 of a best-of-3
|t:|1783432829
|gametype|doubles
|player|p1|b for ball|170|1162
|player|p2|Scoseb|brycenman|1046
|gen|9
|tier|[Gen 9 Champions] VGC 2026 Reg M-B (Bo3)
|rated|
|rule|Species Clause: Limit one of each Pokémon
|rule|Item Clause: Limit 1 of each item
|clearpoke
|poke|p1|Mawile, L50, F|
|poke|p1|Sinistcha, L50|
|poke|p1|Raichu, L50, M|
|poke|p1|Aerodactyl, L50, M|
|poke|p1|Garchomp, L50, M|
|poke|p1|Rotom-Wash, L50|
|poke|p2|Staraptor, L50, M|
|poke|p2|Zoroark-Hisui, L50, F|
|poke|p2|Gholdengo, L50|
|poke|p2|Whimsicott, L50, F|
|poke|p2|Incineroar, L50, F|
|poke|p2|Drampa, L50, F|
|teampreview|4
|showteam|p1|Mawile||Mawilite|Intimidate|PlayRough,SuckerPunch,SwordsDance,Protect|Brave||F|||50|]Sinistcha||SitrusBerry|Hospitality|RagePowder,TrickRoom,MatchaGotcha,Protect|Bold|||||50|]Raichu||RaichuniteY|LightningRod|FakeOut,ZapCannon,FocusBlast,Protect|Timid||M|||50|]Aerodactyl||FocusSash|Unnerve|RockSlide,DualWingbeat,Tailwind,Protect|Jolly||M|||50|]Garchomp||LifeOrb|RoughSkin|DragonClaw,Earthquake,RockTomb,Protect|Jolly||M|||50|]Rotom-Wash||Leftovers|Levitate|WillOWisp,VoltSwitch,Thunderbolt,HydroPump|Modest|||||50|
|showteam|p2|Staraptor||Staraptite|Reckless|CloseCombat,Protect,BraveBird,Roost|Jolly||M|||50|]Zoroark-Hisui||FocusSash|Illusion|BitterMalice,IcyWind,Taunt,FakeTears|Timid||F|||50|]Gholdengo||LifeOrb|GoodasGold|MakeItRain,ShadowBall,Protect,PowerGem|Modest|||||50|]Whimsicott||FairyFeather|Prankster|Tailwind,Moonblast,Charm,Protect|Timid||F|||50|]Incineroar||SitrusBerry|Intimidate|FakeOut,PartingShot,FlareBlitz,DarkestLariat|Careful||F|||50|]Drampa||Drampanite|CloudNine|HyperVoice,DragonPulse,Protect,CalmMind|Timid||F|||50|
|inactive|Battle timer is ON: inactive players will automatically lose when time's up. (requested by Scoseb)
|inactive|b for ball has 60 seconds left.
|inactive|Scoseb has 60 seconds left.
|inactive|b for ball has 30 seconds left.
|inactive|Scoseb has 30 seconds left.
|inactive|b for ball has 20 seconds left.
|inactive|Scoseb has 20 seconds left.
|inactive|Scoseb has 15 seconds left.
|inactive|Scoseb has 10 seconds left.
|inactive|Scoseb has 5 seconds left.
|
|t:|1783432916
|teamsize|p1|4
|teamsize|p2|4
|start
|switch|p1a: Raichu|Raichu, L50, M|100/100
|switch|p1b: Aerodactyl|Aerodactyl, L50, M|100/100
|switch|p2a: Incineroar|Incineroar, L50, F|100/100
|switch|p2b: Drampa|Drampa, L50, F|100/100
|-ability|p1b: Aerodactyl|Unnerve
|-ability|p2b: Drampa|Cloud Nine
|-ability|p2a: Incineroar|Intimidate|boost
|-unboost|p1a: Raichu|atk|1
|-unboost|p1b: Aerodactyl|atk|1
|turn|1
|inactive|b for ball has 30 seconds left.
|inactive|b for ball has 20 seconds left.
|
|t:|1783432954
|detailschange|p1a: Raichu|Raichu-Mega-Y, L50, M
|-mega|p1a: Raichu|Raichu|Raichunite Y
|detailschange|p2b: Drampa|Drampa-Mega, L50, F
|-mega|p2b: Drampa|Drampa|Drampanite
|move|p1a: Raichu|Fake Out|p2a: Incineroar
|-damage|p2a: Incineroar|94/100
|cant|p2a: Incineroar|flinch
|move|p1b: Aerodactyl|Rock Slide|p2b: Drampa|[spread] p2a,p2b
|-supereffective|p2a: Incineroar|1
|-damage|p2a: Incineroar|66/100
|-damage|p2b: Drampa|81/100
|move|p2b: Drampa|Calm Mind|p2b: Drampa
|-boost|p2b: Drampa|spa|1
|-boost|p2b: Drampa|spd|1
|
|upkeep
|turn|2
|inactive|Scoseb has 30 seconds left.
|
|t:|1783432985
|move|p1a: Raichu|Focus Blast|p2a: Incineroar
|-supereffective|p2a: Incineroar|1
|-crit|p2a: Incineroar
|-damage|p2a: Incineroar|0 fnt
|faint|p2a: Incineroar
|move|p1b: Aerodactyl|Rock Slide|p2b: Drampa
|-damage|p2b: Drampa|56/100
|move|p2b: Drampa|Hyper Voice|p1b: Aerodactyl|[spread] p1a,p1b
|-resisted|p1b: Aerodactyl|1
|-crit|p1b: Aerodactyl
|-damage|p1a: Raichu|7/100
|-damage|p1b: Aerodactyl|32/100
|
|upkeep
|
|t:|1783433001
|switch|p2a: Whimsicott|Whimsicott, L50, F|100/100
|turn|3
|inactive|b for ball has 30 seconds left.
|l|☆b for ball
|inactive|b for ball disconnected and has a minute to reconnect!
|player|p1|
|inactive|b for ball has 20 seconds left.
|inactive|b for ball has 15 seconds left.
|inactive|b for ball has 10 seconds left.
|inactive|b for ball has 5 seconds left.
|-message|b for ball lost due to inactivity.
|
|win|Scoseb
||Scoseb is ready for game 2.
|inactive|b for ball has 20 seconds to reconnect!
|inactive|b for ball has 10 seconds to reconnect!
|inactive|b for ball has 0 seconds to reconnect!
|uhtml|next|Next: Game 2 of 3
