|j|☆pepps996
|j|☆bobsparents
|html|pepps996bobsparents    
|uhtml|bestof|Game 1 of a best-of-3
|t:|1784326094
|gametype|doubles
|player|p1|pepps996|brycenman|1061
|player|p2|bobsparents|cynthia|1000
|gen|9
|tier|[Gen 9 Champions] VGC 2026 Reg M-B (Bo3)
|rated|
|rule|Species Clause: Limit one of each Pokémon
|rule|Item Clause: Limit 1 of each item
|clearpoke
|poke|p1|Maushold, L50|
|poke|p1|Swampert, L50, M|
|poke|p1|Annihilape, L50, F|
|poke|p1|Grimmsnarl, L50, M|
|poke|p1|Pelipper, L50, F|
|poke|p1|Archaludon, L50, F|
|poke|p2|Clawitzer, L50, F|
|poke|p2|Farigiraf, L50, M|
|poke|p2|Camerupt, L50, M|
|poke|p2|Mawile, L50, M|
|poke|p2|Vanilluxe, L50, M|
|poke|p2|Sinistcha, L50|
|teampreview|4
|showteam|p1|Maushold||FocusSash|FriendGuard|BeatUp,FollowMe,SuperFang,Protect|Timid|||||50|]Swampert||Swampertite|Torrent|WaveCrash,HighHorsepower,RockSlide,Protect|Adamant||M|||50|]Annihilape||SitrusBerry|Defiant|RageFist,DrainPunch,BulkUp,Protect|Careful||F|||50|]Grimmsnarl||LightClay|Prankster|Reflect,LightScreen,SpiritBreak,PartingShot|Careful||M|||50|]Pelipper||LifeOrb|Drizzle|WeatherBall,Hurricane,WideGuard,Tailwind|Modest||F|||50|]Archaludon||Leftovers|Stamina|DragonPulse,FlashCannon,ElectroShot,Protect|Bold||F|||50|
|showteam|p2|Clawitzer||LifeOrb|MegaLauncher|WaterPulse,DarkPulse,AuraSphere,Protect|Quiet||F|||50|]Farigiraf||SitrusBerry|ArmorTail|HyperVoice,AllySwitch,TrickRoom,Protect|Relaxed||M|||50|]Camerupt||Cameruptite|AngerPoint|HeatWave,EarthPower,AncientPower,Protect|Quiet||M|||50|]Mawile||Mawilite|HyperCutter|PlayRough,IronHead,SuckerPunch,RockSlide|Brave||M|||50|]Vanilluxe||NeverMeltIce|SnowWarning|Blizzard,IceShard,FreezeDry,Protect|Quiet||M|||50|]Sinistcha||KasibBerry|Hospitality|MatchaGotcha,RagePowder,LifeDew,TrickRoom|Relaxed|||||50|
|
|t:|1784326216
|teamsize|p1|4
|teamsize|p2|4
|start
|switch|p1a: Maushold|Maushold, L50|100/100
|switch|p1b: Annihilape|Annihilape, L50, F|100/100
|switch|p2a: Sinistcha|Sinistcha, L50|100/100
|switch|p2b: Mawile|Mawile, L50, M|100/100
|turn|1
|
|t:|1784326231
|detailschange|p2b: Mawile|Mawile-Mega, L50, M
|-mega|p2b: Mawile|Mawile|Mawilite
|move|p1a: Maushold|Beat Up|p1b: Annihilape
|-damage|p1b: Annihilape|98/100
|-damage|p1b: Annihilape|96/100
|-damage|p1b: Annihilape|95/100
|-damage|p1b: Annihilape|93/100
|-hitcount|p1b: Annihilape|4
|move|p1b: Annihilape|Rage Fist|p2a: Sinistcha
|-supereffective|p2a: Sinistcha|1
|-enditem|p2a: Sinistcha|Kasib Berry|[eat]
|-enditem|p2a: Sinistcha|Kasib Berry|[weaken]
|-damage|p2a: Sinistcha|25/100
|move|p2b: Mawile|Play Rough|p1b: Annihilape
|-supereffective|p1b: Annihilape|1
|-damage|p1b: Annihilape|0 fnt
|faint|p1b: Annihilape
|move|p2a: Sinistcha|Trick Room|p2a: Sinistcha
|-fieldstart|move: Trick Room|[of] p2a: Sinistcha
|
|upkeep
|
|t:|1784326250
|switch|p1b: Pelipper|Pelipper, L50, F|100/100
|-weather|RainDance|[from] ability: Drizzle|[of] p1b: Pelipper
|turn|2
|
|t:|1784326269
|move|p2b: Mawile|Iron Head|p1a: Maushold
|-damage|p1a: Maushold|2/100
|move|p2a: Sinistcha|Matcha Gotcha|p1b: Pelipper|[spread] p1a,p1b
|-damage|p1a: Maushold|0 fnt
|-heal|p2a: Sinistcha|26/100|[from] drain|[of] p1a: Maushold
|-damage|p1b: Pelipper|77/100
|-heal|p2a: Sinistcha|37/100|[from] drain|[of] p1b: Pelipper
|-status|p1b: Pelipper|brn
|faint|p1a: Maushold
|move|p1b: Pelipper|Hurricane|p2a: Sinistcha
|-supereffective|p2a: Sinistcha|1
|-damage|p2a: Sinistcha|0 fnt
|faint|p2a: Sinistcha
|-damage|p1b: Pelipper|67/100 brn|[from] item: Life Orb
|
|-weather|RainDance|[upkeep]
|-damage|p1b: Pelipper|61/100 brn|[from] brn
|upkeep
|
|t:|1784326286
|switch|p2a: Vanilluxe|Vanilluxe, L50, M|100/100
|switch|p1a: Swampert|Swampert, L50, M|100/100
|-weather|Snowscape|[from] ability: Snow Warning|[of] p2a: Vanilluxe
|turn|3
|
|t:|1784326298
|detailschange|p1a: Swampert|Swampert-Mega, L50, M
|-mega|p1a: Swampert|Swampert|Swampertite
|move|p1b: Pelipper|Wide Guard|p1b: Pelipper
|-singleturn|p1b: Pelipper|Wide Guard
|move|p2b: Mawile|Play Rough|p1b: Pelipper
|-damage|p1b: Pelipper|0 fnt
|faint|p1b: Pelipper
|move|p2a: Vanilluxe|Freeze-Dry|p1a: Swampert
|-supereffective|p1a: Swampert|2
|-damage|p1a: Swampert|0 fnt
|faint|p1a: Swampert
|
|win|bobsparents
