|j|☆washingtongargacha
|j|☆Qwqwanan
|html|washingtongargachaQwqwanan    
|uhtml|bestof|Game 2 of a best-of-3
|t:|1757026506
|gametype|doubles
|player|p1|washingtongargacha|2|1177
|player|p2|Qwqwanan|fisherman-gen4|1102
|gen|9
|tier|[Gen 9] VGC 2025 Reg H (Bo3)
|rated|
|rule|Species Clause: Limit one of each Pokémon
|rule|Item Clause: Limit 1 of each item
|clearpoke
|poke|p1|Talonflame, L50, M|
|poke|p1|Gholdengo, L50|
|poke|p1|Dragonite, L50, M|
|poke|p1|Archaludon, L50, M|
|poke|p1|Tyranitar, L50, F|
|poke|p1|Garchomp, L50, M|
|poke|p2|Typhlosion-Hisui, L50, M|
|poke|p2|Dragapult, L50, M|
|poke|p2|Torkoal, L50, F|
|poke|p2|Lilligant-Hisui, L50, F|
|poke|p2|Whimsicott, L50, M|
|poke|p2|Electabuzz, L50, F|
|teampreview|4
|showteam|p1|Talonflame||CovertCloak|GaleWings|Tailwind,BraveBird,Taunt,WillOWisp|||M|||50|,,,,,Ghost]Gholdengo||ChoiceSpecs|GoodasGold|MakeItRain,SteelBeam,ShadowBall,PowerGem||||||50|,,,,,Steel]Dragonite||LoadedDice|Multiscale|ScaleShot,IceSpinner,Haze,Protect|||M|||50|,,,,,Steel]Archaludon||PowerHerb|Sturdy|FlashCannon,ElectroShot,DracoMeteor,Protect|||M|||50|,,,,,Flying]Tyranitar||AssaultVest|SandStream|KnockOff,RockSlide,TeraBlast,LowKick|||F|||50|,,,,,Flying]Garchomp||LifeOrb|RoughSkin|DragonClaw,StompingTantrum,Earthquake,Protect|||M|||50|,,,,,Steel
|showteam|p2|Typhlosion-Hisui||ChoiceSpecs|Blaze|FocusBlast,ShadowBall,HeatWave,Eruption|||M|||50|,,,,,Fire]Dragapult||ChoiceBand|ClearBody|DragonDarts,PhantomForce,Uturn,SuckerPunch|||M|||50|,,,,,Dragon]Torkoal||LifeOrb|Drought|HeatWave,Eruption,Protect,WeatherBall|||F|||50|,,,,,Fire]Lilligant-Hisui||FocusSash|Chlorophyll|SleepPowder,CloseCombat,AfterYou,LeafBlade|||F|||50|,,,,,Grass]Whimsicott||CovertCloak|Prankster|Tailwind,TrickRoom,Moonblast,SunnyDay|||M|||50|,,,,,Grass]Electabuzz||Eviolite|Static|Feint,FollowMe,Protect,VoltSwitch|||F|||50|,,,,,Electric
|
|t:|1757026530
|teamsize|p1|4
|teamsize|p2|4
|start
|switch|p1a: Talonflame|Talonflame, L50, M|100/100
|switch|p1b: Garchomp|Garchomp, L50, M|100/100
|switch|p2a: Whimsicott|Whimsicott, L50, M|100/100
|switch|p2b: Electabuzz|Electabuzz, L50, F|100/100
|turn|1
|
|t:|1757026545
|move|p2b: Electabuzz|Feint|p1a: Talonflame
|-damage|p1a: Talonflame|92/100
|move|p2a: Whimsicott|Tailwind|p2a: Whimsicott
|-sidestart|p2: Qwqwanan|move: Tailwind
|move|p1a: Talonflame|Brave Bird|p2a: Whimsicott
|-supereffective|p2a: Whimsicott
|-damage|p2a: Whimsicott|17/100
|-damage|p1a: Talonflame|66/100|[from] Recoil
|move|p1b: Garchomp|Earthquake|p2a: Whimsicott|[spread] p2a,p2b
|-immune|p1a: Talonflame
|-resisted|p2a: Whimsicott
|-supereffective|p2b: Electabuzz
|-damage|p2a: Whimsicott|0 fnt
|-damage|p2b: Electabuzz|14/100
|faint|p2a: Whimsicott
|-damage|p1b: Garchomp|91/100|[from] item: Life Orb
|
|upkeep
|
|t:|1757026559
|switch|p2a: Dragapult|Dragapult, L50, M|100/100
|turn|2
|
|t:|1757026568
|-terastallize|p2a: Dragapult|Dragon
|-terastallize|p1b: Garchomp|Steel
|move|p2a: Dragapult|Dragon Darts|p1a: Talonflame
|-damage|p1a: Talonflame|0 fnt
|-anim|p2a: Dragapult|Dragon Darts|p1b: Garchomp
|-resisted|p1b: Garchomp
|-damage|p1b: Garchomp|64/100
|faint|p1a: Talonflame
|move|p2b: Electabuzz|Volt Switch|p1b: Garchomp
|-damage|p1b: Garchomp|40/100
|
|t:|1757026579
|switch|p2b: Torkoal|Torkoal, L50, F|100/100|[from] Volt Switch
|-weather|SunnyDay|[from] ability: Drought|[of] p2b: Torkoal
|move|p1b: Garchomp|Earthquake|p2b: Torkoal|[spread] p2a,p2b
|-supereffective|p2b: Torkoal
|-damage|p2a: Dragapult|31/100
|-damage|p2b: Torkoal|24/100
|-damage|p1b: Garchomp|30/100|[from] item: Life Orb
|
|-weather|SunnyDay|[upkeep]
|upkeep
|
|t:|1757026589
|switch|p1a: Tyranitar|Tyranitar, L50, F|100/100
|-weather|Sandstorm|[from] ability: Sand Stream|[of] p1a: Tyranitar
|turn|3
|
|t:|1757026599
|move|p1b: Garchomp|Protect|p1b: Garchomp
|-singleturn|p1b: Garchomp|Protect
|move|p2a: Dragapult|Dragon Darts|p1a: Tyranitar
|-damage|p1a: Tyranitar|53/100
|-anim|p2a: Dragapult|Dragon Darts|p1a: Tyranitar
|-damage|p1a: Tyranitar|4/100
|move|p1a: Tyranitar|Rock Slide|p2b: Torkoal|[spread] p2a,p2b
|-supereffective|p2b: Torkoal
|-damage|p2a: Dragapult|0 fnt
|-damage|p2b: Torkoal|0 fnt
|faint|p2a: Dragapult
|faint|p2b: Torkoal
|
|-weather|Sandstorm|[upkeep]
|upkeep
|
|t:|1757026608
|switch|p2b: Electabuzz|Electabuzz, L50, F|14/100
|turn|4
|
|t:|1757026614
|move|p2b: Electabuzz|Feint|p1a: Tyranitar
|-resisted|p1a: Tyranitar
|-damage|p1a: Tyranitar|1/100
|move|p1b: Garchomp|Earthquake|p2b: Electabuzz|[spread] p1a,p2b
|-supereffective|p1a: Tyranitar
|-supereffective|p2b: Electabuzz
|-damage|p1a: Tyranitar|0 fnt
|-damage|p2b: Electabuzz|0 fnt
|faint|p1a: Tyranitar
|faint|p2b: Electabuzz
|-damage|p1b: Garchomp|20/100|[from] item: Life Orb
|
|win|washingtongargacha
|raw|washingtongargacha's rating: 1177 → 1197(+20 for winning)
|raw|Qwqwanan's rating: 1102 → 1082(-20 for losing)
