|j|☆0-x ft wayne
|j|☆gentlemoe
|html|0-x ft waynegentlemoe    
|uhtml|bestof|Game 3 of a best-of-3
|t:|1756249480
|gametype|doubles
|player|p1|0-x ft wayne|kamado-armor|1112
|player|p2|gentlemoe|265|1000
|gen|9
|tier|[Gen 9] VGC 2025 Reg H (Bo3)
|rated|
|rule|Species Clause: Limit one of each Pokémon
|rule|Item Clause: Limit 1 of each item
|clearpoke
|poke|p1|Ursaluna, L50, M|
|poke|p1|Amoonguss, L50, F|
|poke|p1|Porygon2, L50|
|poke|p1|Gholdengo, L50|
|poke|p1|Incineroar, L50, M|
|poke|p1|Sneasler, L50, M|
|poke|p2|Umbreon, L50, F|
|poke|p2|Milotic, L50, M|
|poke|p2|Appletun, L50, M|
|poke|p2|Incineroar, L50, M|
|poke|p2|Sylveon, L50, M|
|poke|p2|Garchomp, L50, F|
|teampreview|4
|showteam|p1|Ursaluna||FlameOrb|Guts|Protect,Facade,HeadlongRush,Earthquake|||M|||50|,,,,,Ghost]Amoonguss||CovertCloak|Regenerator|RagePowder,Protect,PollenPuff,Spore|||F|||50|,,,,,Electric]Porygon2||Eviolite|Download|Recover,TeraBlast,IceBeam,TrickRoom||||||50|,,,,,Fighting]Gholdengo||LifeOrb|GoodasGold|Protect,MakeItRain,ShadowBall,NastyPlot||||||50|,,,,,Water]Incineroar||AssaultVest|Intimidate|Uturn,FlareBlitz,KnockOff,FakeOut|||M|||50|,,,,,Grass]Sneasler||WhiteHerb|Pressure|FakeOut,CloseCombat,DireClaw,Protect|||M|||50|,,,,,Ghost
|showteam|p2|Umbreon||SafetyGoggles|InnerFocus|FoulPlay,Snarl,HelpingHand,Protect|||F|||50|,,,,,Poison]Milotic||Leftovers|Competitive|MuddyWater,IceBeam,Recover,Protect|||M|||50|,,,,,Dragon]Appletun||SitrusBerry|ThickFat|LeechSeed,Recover,AppleAcid,Protect|||M|||50|,,,,,Steel]Incineroar||AssaultVest|Intimidate|FakeOut,FlareBlitz,KnockOff,PartingShot|||M|||50|,,,,,Ghost]Sylveon||ThroatSpray|Pixilate|HyperVoice,QuickAttack,CalmMind,Protect|||M|||50|,,,,,Fire]Garchomp||ClearAmulet|RoughSkin|Earthquake,DragonClaw,RockSlide,Protect|||F|||50|,,,,,Ground
|inactive|Battle timer is ON: inactive players will automatically lose when time's up. (requested by 0-x ft wayne)
|inactive|0-x ft wayne has 60 seconds left.
|inactive|gentlemoe has 60 seconds left.
|inactive|0-x ft wayne has 30 seconds left.
|inactive|gentlemoe has 30 seconds left.
|inactive|0-x ft wayne has 20 seconds left.
|inactive|gentlemoe has 20 seconds left.
|inactive|0-x ft wayne has 15 seconds left.
|inactive|gentlemoe has 15 seconds left.
|inactive|gentlemoe has 10 seconds left.
|inactive|gentlemoe has 5 seconds left.
|
|t:|1756249700
|teamsize|p1|4
|teamsize|p2|4
|start
|switch|p1a: Porygon2|Porygon2, L50, shiny|100/100
|switch|p1b: Incineroar|Incineroar, L50, M|100/100
|switch|p2a: Umbreon|Umbreon, L50, F|100/100
|switch|p2b: Milotic|Milotic, L50, M|100/100
|-ability|p1b: Incineroar|Intimidate|boost
|-fail|p2a: Umbreon|unboost|Attack|[from] ability: Inner Focus|[of] p2a: Umbreon
|-unboost|p2b: Milotic|atk|1
|-ability|p2b: Milotic|Competitive|boost
|-boost|p2b: Milotic|spa|2
|-ability|p1a: Porygon2|Download|boost
|-boost|p1a: Porygon2|atk|1
|turn|1
|inactive|0-x ft wayne has 30 seconds left.
|inactive|gentlemoe has 30 seconds left.
|inactive|0-x ft wayne has 20 seconds left.
|inactive|gentlemoe has 20 seconds left.
|inactive|gentlemoe has 15 seconds left.
|inactive|gentlemoe has 10 seconds left.
|inactive|gentlemoe has 5 seconds left.
|
|t:|1756249755
|move|p1b: Incineroar|Fake Out|p2b: Milotic
|-damage|p2b: Milotic|92/100
|cant|p2b: Milotic|flinch
|move|p2a: Umbreon|Foul Play|p1b: Incineroar
|-resisted|p1b: Incineroar
|-damage|p1b: Incineroar|80/100
|move|p1a: Porygon2|Trick Room|p1a: Porygon2
|-fieldstart|move: Trick Room|[of] p1a: Porygon2
|
|-heal|p2b: Milotic|98/100|[from] item: Leftovers
|upkeep
|turn|2
|inactive|0-x ft wayne has 30 seconds left.
|inactive|gentlemoe has 30 seconds left.
|inactive|0-x ft wayne has 20 seconds left.
|inactive|gentlemoe has 20 seconds left.
|inactive|0-x ft wayne has 15 seconds left.
|inactive|gentlemoe has 15 seconds left.
|inactive|0-x ft wayne has 10 seconds left.
|inactive|gentlemoe has 10 seconds left.
|inactive|0-x ft wayne has 5 seconds left.
|inactive|gentlemoe has 5 seconds left.
|
|t:|1756249810
|switch|p1b: Ursaluna|Ursaluna, L50, M, shiny|100/100
|-terastallize|p1a: Porygon2|Fighting
|move|p1a: Porygon2|Tera Blast|p2a: Umbreon|[anim] Tera Blast Fighting
|-supereffective|p2a: Umbreon
|-damage|p2a: Umbreon|52/100
|move|p2a: Umbreon|Foul Play|p1a: Porygon2
|-resisted|p1a: Porygon2
|-damage|p1a: Porygon2|87/100
|move|p2b: Milotic|Muddy Water|p1b: Ursaluna|[spread] p1a
|-miss|p2b: Milotic|p1b: Ursaluna
|-damage|p1a: Porygon2|55/100
|
|-heal|p2b: Milotic|100/100|[from] item: Leftovers
|-status|p1b: Ursaluna|brn|[from] item: Flame Orb
|upkeep
|turn|3
|inactive|gentlemoe has 30 seconds left.
|inactive|gentlemoe has 20 seconds left.
|inactive|gentlemoe has 15 seconds left.
|inactive|gentlemoe has 10 seconds left.
|inactive|gentlemoe has 5 seconds left.
|
|t:|1756249865
|move|p1b: Ursaluna|Facade|p2b: Milotic
|-damage|p2b: Milotic|0 fnt
|faint|p2b: Milotic
|move|p1a: Porygon2|Tera Blast|p2a: Umbreon|[anim] Tera Blast Fighting
|-supereffective|p2a: Umbreon
|-damage|p2a: Umbreon|0 fnt
|faint|p2a: Umbreon
|
|-damage|p1b: Ursaluna|95/100 brn|[from] brn
|upkeep
|inactive|gentlemoe has 30 seconds left.
|inactive|gentlemoe has 20 seconds left.
|inactive|gentlemoe has 15 seconds left.
|inactive|gentlemoe has 10 seconds left.
|inactive|gentlemoe has 5 seconds left.
|
|t:|1756249920
|switch|p2a: Appletun|Appletun, L50, M|100/100
|switch|p2b: Incineroar|Incineroar, L50, M|100/100
|-ability|p2b: Incineroar|Intimidate|boost
|-unboost|p1a: Porygon2|atk|1
|-unboost|p1b: Ursaluna|atk|1
|turn|4
|inactive|gentlemoe has 30 seconds left.
|inactive|gentlemoe has 20 seconds left.
|inactive|gentlemoe has 15 seconds left.
|inactive|gentlemoe has 10 seconds left.
|inactive|gentlemoe has 5 seconds left.
|
|t:|1756249975
|move|p2b: Incineroar|Fake Out|p1b: Ursaluna
|-damage|p1b: Ursaluna|86/100 brn
|cant|p1b: Ursaluna|flinch
|move|p2a: Appletun|Leech Seed|p1b: Ursaluna
|-start|p1b: Ursaluna|move: Leech Seed
|move|p1a: Porygon2|Ice Beam|p2a: Appletun
|-supereffective|p2a: Appletun
|-damage|p2a: Appletun|58/100
|-status|p2a: Appletun|frz
|
|-damage|p1b: Ursaluna|74/100 brn|[from] Leech Seed|[of] p2a: Appletun
|-heal|p2a: Appletun|71/100 frz|[silent]
|-damage|p1b: Ursaluna|68/100 brn|[from] brn
|upkeep
|turn|5
|inactive|gentlemoe has 30 seconds left.
|inactive|gentlemoe has 20 seconds left.
|inactive|gentlemoe has 15 seconds left.
|inactive|gentlemoe has 10 seconds left.
|inactive|gentlemoe has 5 seconds left.
|
|t:|1756250030
|move|p2b: Incineroar|Fake Out||[still]
|-hint|Fake Out only works on your first turn out.
|-fail|p2b: Incineroar
|move|p1b: Ursaluna|Headlong Rush|p2b: Incineroar
|-supereffective|p2b: Incineroar
|-damage|p2b: Incineroar|0 fnt
|-unboost|p1b: Ursaluna|def|1
|-unboost|p1b: Ursaluna|spd|1
|faint|p2b: Incineroar
|cant|p2a: Appletun|frz
|move|p1a: Porygon2|Ice Beam|p2a: Appletun
|-supereffective|p2a: Appletun
|-damage|p2a: Appletun|31/100 frz
|-enditem|p2a: Appletun|Sitrus Berry|[eat]
|-heal|p2a: Appletun|56/100 frz|[from] item: Sitrus Berry
|
|-damage|p1b: Ursaluna|56/100 brn|[from] Leech Seed|[of] p2a: Appletun
|-heal|p2a: Appletun|69/100 frz|[silent]
|-damage|p1b: Ursaluna|50/100 brn|[from] brn
|-fieldend|move: Trick Room
|upkeep
|turn|6
|inactive|gentlemoe has 30 seconds left.
|inactive|gentlemoe has 20 seconds left.
|inactive|gentlemoe has 15 seconds left.
|inactive|gentlemoe has 10 seconds left.
|inactive|gentlemoe has 5 seconds left.
|
|t:|1756250085
|move|p1a: Porygon2|Ice Beam|p2a: Appletun
|-supereffective|p2a: Appletun
|-damage|p2a: Appletun|27/100 frz
|-curestatus|p2a: Appletun|frz|[msg]
|move|p2a: Appletun|Leech Seed||[still]
|-fail|p2a: Appletun
|move|p1b: Ursaluna|Facade|p2a: Appletun
|-crit|p2a: Appletun
|-damage|p2a: Appletun|0 fnt
|faint|p2a: Appletun
|
|win|0-x ft wayne
|raw|0-x ft wayne's rating: 1112 → 1129(+17 for winning)
|raw|gentlemoe's rating: 1000 → 1000(+0 for losing)
