|j|☆mochamecha
|j|☆TheBigGibber
|html|mochamechaTheBigGibber    
|uhtml|bestof|Game 1 of a best-of-3
|t:|1757917966
|gametype|doubles
|player|p1|mochamecha|169|1248
|player|p2|TheBigGibber|1|1282
|gen|9
|tier|[Gen 9] VGC 2025 Reg H (Bo3)
|rated|
|rule|Species Clause: Limit one of each Pokémon
|rule|Item Clause: Limit 1 of each item
|clearpoke
|poke|p1|Garganacl, L50, F|
|poke|p1|Gholdengo, L50|
|poke|p1|Incineroar, L50, M|
|poke|p1|Sylveon, L50, F|
|poke|p1|Ninetales-Alola, L50, M|
|poke|p1|Scyther, L50, F|
|poke|p2|Magmar, L50, F|
|poke|p2|Rillaboom, L50, M|
|poke|p2|Baxcalibur, L50, F|
|poke|p2|Kingambit, L50, F|
|poke|p2|Sneasler, L50, F|
|poke|p2|Dondozo, L50, F|
|teampreview|4
|showteam|p1|Garganacl||MarangaBerry|PurifyingSalt|SaltCure,Recover,StealthRock,Protect|||F|||50|,,,,,Flying]Gholdengo||ChoiceScarf|GoodasGold|MakeItRain,ShadowBall,PowerGem,Trick||||||50|,,,,,Steel]Incineroar||AssaultVest|Intimidate|FlareBlitz,KnockOff,FakeOut,Uturn|||M|||50|,,,,,Fire]Sylveon||ThroatSpray|Pixilate|HyperVoice,Wish,Yawn,Protect|||F|||50|,,,,,Poison]Ninetales-Alola||FocusSash|SnowWarning|Blizzard,FreezeDry,Protect,AuroraVeil|||M|||50|,,,,,Ice]Scyther||Eviolite|Technician|DualWingbeat,CloseCombat,Uturn,Protect|||F|||50|,,,,,Steel
|showteam|p2|Magmar||Eviolite|VitalSpirit|HeatWave,Taunt,FollowMe,Protect|||F|||50|,,,,,Ghost]Rillaboom||AssaultVest|GrassySurge|GrassyGlide,WoodHammer,HighHorsepower,FakeOut|||M|||50|,,,,,Fire]Baxcalibur||LoadedDice|ThermalExchange|IcicleSpear,ScaleShot,IceShard,Protect|||F|||50|,,,,,Ghost]Kingambit||BlackGlasses|Defiant|KowtowCleave,SwordsDance,SuckerPunch,Protect|||F|||50|,,,,,Dark]Sneasler||FocusSash|Unburden|DireClaw,CloseCombat,Coaching,FakeOut|||F|||50|,,,,,Stellar]Dondozo||Leftovers|Unaware|Liquidation,Fissure,Yawn,Protect|||F|||50|,,,,,Poison
|j| Fgyhung
|inactive|Battle timer is ON: inactive players will automatically lose when time's up. (requested by mochamecha)
|
|t:|1757918006
|teamsize|p1|4
|teamsize|p2|4
|start
|switch|p1a: Garganacl|Garganacl, L50, F|100/100
|switch|p1b: Sylveon|Sylveon, L50, F|100/100
|switch|p2a: Kingambit|Kingambit, L50, F|100/100
|switch|p2b: Sneasler|Sneasler, L50, F|100/100
|turn|1
|
|t:|1757918024
|-terastallize|p1b: Sylveon|Poison
|move|p2a: Kingambit|Protect|p2a: Kingambit
|-singleturn|p2a: Kingambit|Protect
|move|p2b: Sneasler|Coaching|p2a: Kingambit
|-boost|p2a: Kingambit|atk|1
|-boost|p2a: Kingambit|def|1
|move|p1b: Sylveon|Hyper Voice|p2b: Sneasler|[spread] p2b
|-activate|p2a: Kingambit|move: Protect
|-damage|p2b: Sneasler|34/100
|-enditem|p1b: Sylveon|Throat Spray
|-boost|p1b: Sylveon|spa|1|[from] item: Throat Spray
|move|p1a: Garganacl|Salt Cure|p2a: Kingambit
|-activate|p2a: Kingambit|move: Protect
|
|upkeep
|turn|2
|
|t:|1757918044
|-terastallize|p2a: Kingambit|Dark
|move|p1a: Garganacl|Protect|p1a: Garganacl
|-singleturn|p1a: Garganacl|Protect
|move|p2a: Kingambit|Sucker Punch|p1b: Sylveon
|-damage|p1b: Sylveon|0 fnt
|faint|p1b: Sylveon
|move|p2b: Sneasler|Close Combat|p1a: Garganacl
|-activate|p1a: Garganacl|move: Protect
|
|upkeep
|
|t:|1757918051
|switch|p1b: Scyther|Scyther, L50, F|100/100
|turn|3
|
|t:|1757918061
|move|p2a: Kingambit|Protect|p2a: Kingambit
|-singleturn|p2a: Kingambit|Protect
|move|p2b: Sneasler|Coaching|p2a: Kingambit
|-boost|p2a: Kingambit|atk|1
|-boost|p2a: Kingambit|def|1
|move|p1b: Scyther|U-turn|p2a: Kingambit
|-activate|p2a: Kingambit|move: Protect
|move|p1a: Garganacl|Salt Cure|p2b: Sneasler
|-resisted|p2b: Sneasler
|-damage|p2b: Sneasler|19/100
|-start|p2b: Sneasler|Salt Cure
|
|-damage|p2b: Sneasler|7/100|[from] Salt Cure
|upkeep
|turn|4
|
|t:|1757918077
|move|p1b: Scyther|Protect|p1b: Scyther
|-singleturn|p1b: Scyther|Protect
|move|p2b: Sneasler|Close Combat|p1a: Garganacl
|-supereffective|p1a: Garganacl
|-crit|p1a: Garganacl
|-damage|p1a: Garganacl|0 fnt
|-unboost|p2b: Sneasler|def|1
|-unboost|p2b: Sneasler|spd|1
|faint|p1a: Garganacl
|move|p2a: Kingambit|Kowtow Cleave|p1b: Scyther
|-activate|p1b: Scyther|move: Protect
|
|-damage|p2b: Sneasler|0 fnt|[from] Salt Cure
|faint|p2b: Sneasler
|upkeep
|
|t:|1757918088
|switch|p2b: Rillaboom|Rillaboom, L50, M|100/100
|switch|p1a: Gholdengo|Gholdengo, L50|100/100
|-fieldstart|move: Grassy Terrain|[from] ability: Grassy Surge|[of] p2b: Rillaboom
|turn|5
|-message|mochamecha forfeited.
|
|win|TheBigGibber
|l|☆mochamecha
|player|p1|
||mochamecha is ready for game 2.
||TheBigGibber is ready for game 2.
|uhtml|next|Next: Game 2 of 3
|l|☆TheBigGibber
|player|p2|
|l| Fgyhung
