|j|☆pink spoon
|j|☆teyvgc
|html|pink spoonteyvgc    
|uhtml|bestof|Game 1 of a best-of-3
|t:|1783202709
|gametype|doubles
|player|p1|pink spoon|parasollady|1291
|player|p2|teyvgc|1|1260
|gen|9
|tier|[Gen 9 Champions] VGC 2026 Reg M-B (Bo3)
|rated|
|rule|Species Clause: Limit one of each Pokémon
|rule|Item Clause: Limit 1 of each item
|clearpoke
|poke|p1|Gyarados, L50, F|
|poke|p1|Annihilape, L50, F|
|poke|p1|Skeledirge, L50, F|
|poke|p1|Sylveon, L50, F|
|poke|p1|Incineroar, L50, M|
|poke|p1|Froslass, L50, F|
|poke|p2|Excadrill, L50, M|
|poke|p2|Tyranitar, L50, M|
|poke|p2|Staraptor, L50, F|
|poke|p2|Sinistcha, L50|
|poke|p2|Milotic, L50, F|
|poke|p2|Gholdengo, L50|
|teampreview|4
|showteam|p1|Gyarados||Gyaradosite|Intimidate|Waterfall,Crunch,DragonDance,Protect|Adamant||F|||50|]Annihilape||ChoiceScarf|Defiant|CloseCombat,ShadowClaw,RockTomb,Uturn|Jolly||F|||50|]Skeledirge||Leftovers|Unaware|TorchSong,ShadowBall,Encore,Protect|Modest||F|||50|]Sylveon||FairyFeather|Pixilate|HyperVoice,DrainingKiss,CalmMind,Protect|Modest||F|||50|]Incineroar||SitrusBerry|Intimidate|FlareBlitz,ThroatChop,FakeOut,PartingShot|Careful||M|||50|]Froslass||Froslassite|CursedBody|Blizzard,IcyWind,AuroraVeil,Protect|Modest||F|||50|
|showteam|p2|Excadrill||FocusSash|SandRush|HighHorsepower,IronHead,RockSlide,Protect|Adamant||M|||50|]Tyranitar||Tyranitarite|SandStream|RockSlide,KnockOff,DragonDance,Protect|Adamant||M|||50|]Staraptor||Staraptite|Intimidate|BraveBird,CloseCombat,Tailwind,Protect|Jolly||F|||50|]Sinistcha||SitrusBerry|Hospitality|MatchaGotcha,RagePowder,LifeDew,TrickRoom|Calm|||||50|]Milotic||Leftovers|Competitive|Scald,IceBeam,Recover,Protect|Modest||F|||50|]Gholdengo||LifeOrb|GoodasGold|MakeItRain,ShadowBall,NastyPlot,Protect|Modest|||||50|
|
|t:|1783202750
|teamsize|p1|4
|teamsize|p2|4
|start
|switch|p1a: Gyarados|Gyarados, L50, F|100/100
|switch|p1b: Annihilape|Annihilape, L50, F|100/100
|switch|p2a: Milotic|Milotic, L50, F|100/100
|switch|p2b: Staraptor|Staraptor, L50, F|100/100
|-ability|p2b: Staraptor|Intimidate|boost
|-unboost|p1a: Gyarados|atk|1
|-unboost|p1b: Annihilape|atk|1
|-ability|p1b: Annihilape|Defiant|boost
|-boost|p1b: Annihilape|atk|2
|-ability|p1a: Gyarados|Intimidate|boost
|-unboost|p2a: Milotic|atk|1
|-ability|p2a: Milotic|Competitive|boost
|-boost|p2a: Milotic|spa|2
|-unboost|p2b: Staraptor|atk|1
|turn|1
|
|t:|1783202797
|switch|p1a: Incineroar|Incineroar, L50, M|100/100
|-ability|p1a: Incineroar|Intimidate|boost
|-unboost|p2a: Milotic|atk|1
|-ability|p2a: Milotic|Competitive|boost
|-boost|p2a: Milotic|spa|2
|-unboost|p2b: Staraptor|atk|1
|detailschange|p2b: Staraptor|Staraptor-Mega, L50, F
|-mega|p2b: Staraptor|Staraptor|Staraptite
|move|p1b: Annihilape|Close Combat|p2a: Milotic
|-damage|p2a: Milotic|21/100
|-unboost|p1b: Annihilape|def|1
|-unboost|p1b: Annihilape|spd|1
|move|p2b: Staraptor|Close Combat|p1a: Incineroar
|-supereffective|p1a: Incineroar|1
|-damage|p1a: Incineroar|49/100
|-boost|p2b: Staraptor|def|1
|-boost|p2b: Staraptor|spd|1
|-enditem|p1a: Incineroar|Sitrus Berry|[eat]
|-heal|p1a: Incineroar|74/100|[from] item: Sitrus Berry
|move|p2a: Milotic|Scald|p1b: Annihilape
|-damage|p1b: Annihilape|0 fnt
|faint|p1b: Annihilape
|
|-heal|p2a: Milotic|27/100|[from] item: Leftovers
|upkeep
|
|t:|1783202828
|switch|p1b: Gyarados|Gyarados, L50, F|100/100
|-ability|p1b: Gyarados|Intimidate|boost
|-unboost|p2a: Milotic|atk|1
|-ability|p2a: Milotic|Competitive|boost
|-boost|p2a: Milotic|spa|2
|-boost|p2b: Staraptor|atk|1
|turn|2
|
|t:|1783202844
|detailschange|p1b: Gyarados|Gyarados-Mega, L50, F
|-mega|p1b: Gyarados|Gyarados|Gyaradosite
|-ability|p1b: Gyarados|Mold Breaker
|move|p2b: Staraptor|Protect|p2b: Staraptor
|-singleturn|p2b: Staraptor|Protect
|move|p2a: Milotic|Protect|p2a: Milotic
|-singleturn|p2a: Milotic|Protect
|move|p1a: Incineroar|Fake Out|p2b: Staraptor
|-activate|p2b: Staraptor|move: Protect
|move|p1b: Gyarados|Crunch|p2a: Milotic
|-activate|p2a: Milotic|move: Protect
|
|-heal|p2a: Milotic|33/100|[from] item: Leftovers
|upkeep
|turn|3
|
|t:|1783202872
|switch|p1a: Skeledirge|Skeledirge, L50, F|100/100
|move|p2b: Staraptor|Close Combat|p1b: Gyarados
|-supereffective|p1b: Gyarados|1
|-damage|p1b: Gyarados|36/100
|-boost|p2b: Staraptor|def|1
|-boost|p2b: Staraptor|spd|1
|move|p1b: Gyarados|Crunch|p2a: Milotic
|-damage|p2a: Milotic|0 fnt
|faint|p2a: Milotic
|
|upkeep
|
|t:|1783202882
|switch|p2a: Tyranitar|Tyranitar, L50, M|100/100
|-weather|Sandstorm|[from] ability: Sand Stream|[of] p2a: Tyranitar
|turn|4
|
|t:|1783202896
|move|p2b: Staraptor|Close Combat|p1b: Gyarados
|-supereffective|p1b: Gyarados|1
|-damage|p1b: Gyarados|0 fnt
|-boost|p2b: Staraptor|def|1
|-boost|p2b: Staraptor|spd|1
|faint|p1b: Gyarados
|move|p2a: Tyranitar|Rock Slide|p1a: Skeledirge
|-supereffective|p1a: Skeledirge|1
|-damage|p1a: Skeledirge|27/100
|move|p1a: Skeledirge|Torch Song|p2a: Tyranitar
|-resisted|p2a: Tyranitar|1
|-damage|p2a: Tyranitar|90/100
|-boost|p1a: Skeledirge|spa|1
|
|-weather|Sandstorm|[upkeep]
|-damage|p2b: Staraptor|93/100|[from] Sandstorm
|-damage|p1a: Skeledirge|21/100|[from] Sandstorm
|-heal|p1a: Skeledirge|27/100|[from] item: Leftovers
|upkeep
|-message|pink spoon forfeited.
|
|win|teyvgc
