|j|☆harcaseven
|j|☆IronStandsEternal
|html|harcasevenIronStandsEternal    
|uhtml|bestof|Game 1 of a best-of-3
|t:|1756259004
|gametype|doubles
|player|p1|harcaseven|blackbelt-gen4dp|1104
|player|p2|IronStandsEternal|flint|1151
|gen|9
|tier|[Gen 9] VGC 2025 Reg H (Bo3)
|rated|
|rule|Species Clause: Limit one of each Pokémon
|rule|Item Clause: Limit 1 of each item
|clearpoke
|poke|p1|Dragonite, L50, M|
|poke|p1|Annihilape, L50, F|
|poke|p1|Garchomp, L50, M|
|poke|p1|Whimsicott, L50, M|
|poke|p1|Incineroar, L50, M|
|poke|p1|Gholdengo, L50|
|poke|p2|Rillaboom, L50, M|
|poke|p2|Dragonite, L50, F|
|poke|p2|Sneasler, L50, F|
|poke|p2|Ninetales-Alola, L50, F|
|poke|p2|Kingambit, L50, M|
|poke|p2|Magmar, L50, F|
|teampreview|4
|showteam|p1|Dragonite||LoadedDice|Multiscale|ScaleShot,Protect,Tailwind,Haze|||M|||50|,,,,,Fairy]Annihilape||SafetyGoggles|Defiant|CloseCombat,FinalGambit,RageFist,Coaching|||F|||50|,,,,,Fire]Garchomp||LifeOrb|RoughSkin|Earthquake,DragonClaw,StompingTantrum,Protect|||M|||50|,,,,,Fairy]Whimsicott||FocusSash|Prankster|Moonblast,Encore,Tailwind,BeatUp|||M|||50|,,,,,Ghost]Incineroar||MirrorHerb|Intimidate|KnockOff,FlareBlitz,FakeOut,PartingShot|||M|||50|,,,,,Ghost]Gholdengo||ChoiceSpecs|GoodasGold|MakeItRain,Trick,ShadowBall,SteelBeam||||||50|,,,,,Flying
|showteam|p2|Rillaboom||AssaultVest|GrassySurge|WoodHammer,GrassyGlide,HighHorsepower,FakeOut|||M|||50|,,,,,Fire]Dragonite||LoadedDice|Multiscale|Protect,ScaleShot,LowKick,Haze|||F|||50|,,,,,Fairy]Sneasler||WhiteHerb|Unburden|Protect,DireClaw,CloseCombat,Coaching|||F|||50|,,,,,Ghost]Ninetales-Alola||ChoiceSpecs|SnowWarning|Blizzard,IcyWind,Moonblast,FreezeDry|||F|||50|,,,,,Ghost]Kingambit||SafetyGoggles|Defiant|Protect,KowtowCleave,SuckerPunch,SwordsDance|||M|||50|,,,,,Dark]Magmar||Eviolite|VitalSpirit|Protect,FollowMe,Overheat,WillOWisp|||F|||50|,,,,,Dragon
|inactive|Battle timer is ON: inactive players will automatically lose when time's up. (requested by harcaseven)
|inactive|harcaseven has 60 seconds left.
|inactive|IronStandsEternal has 60 seconds left.
|inactive|IronStandsEternal has 30 seconds left.
|inactive|IronStandsEternal has 20 seconds left.
|
|t:|1756259080
|teamsize|p1|4
|teamsize|p2|4
|start
|switch|p1a: Gholdengo|Gholdengo, L50|100/100
|switch|p1b: Garchomp|Garchomp, L50, M|100/100
|switch|p2a: Hi peli|Ninetales-Alola, L50, F, shiny|100/100
|switch|p2b: Mogmar|Magmar, L50, F, shiny|100/100
|-weather|Snowscape|[from] ability: Snow Warning|[of] p2a: Hi peli
|turn|1
|inactive|harcaseven has 30 seconds left.
|inactive|IronStandsEternal has 30 seconds left.
|
|t:|1756259112
|-terastallize|p2a: Hi peli|Ghost
|-terastallize|p1b: Garchomp|Fairy
|move|p2a: Hi peli|Blizzard|p1a: Gholdengo|[spread] p1a,p1b
|-resisted|p1a: Gholdengo
|-damage|p1a: Gholdengo|72/100
|-damage|p1b: Garchomp|46/100
|move|p1b: Garchomp|Earthquake|p2b: Mogmar|[spread] p1a,p2a,p2b
|-supereffective|p1a: Gholdengo
|-supereffective|p2b: Mogmar
|-damage|p1a: Gholdengo|0 fnt
|-damage|p2a: Hi peli|20/100
|-damage|p2b: Mogmar|5/100
|faint|p1a: Gholdengo
|-damage|p1b: Garchomp|37/100|[from] item: Life Orb
|move|p2b: Mogmar|Overheat|p1b: Garchomp
|-damage|p1b: Garchomp|0 fnt
|-unboost|p2b: Mogmar|spa|2
|faint|p1b: Garchomp
|
|-weather|Snowscape|[upkeep]
|upkeep
|
|t:|1756259118
|switch|p1b: Annihilape|Annihilape, L50, F|100/100
|switch|p1a: Incineroar|Incineroar, L50, M|100/100
|-ability|p1a: Incineroar|Intimidate|boost
|-unboost|p2a: Hi peli|atk|1
|-unboost|p2b: Mogmar|atk|1
|turn|2
|-message|harcaseven forfeited.
|
|win|IronStandsEternal
|l|☆harcaseven
|player|p1|
||harcaseven is ready for game 2.
|inactive|IronStandsEternal has 30 seconds to confirm battle start!
|inactive|IronStandsEternal has 20 seconds to confirm battle start!
|inactive|IronStandsEternal has 10 seconds to confirm battle start!
