|j|☆Beeetch
|j|‽Desertfreak
|html|BeeetchDesertfreak    
|uhtml|bestof|Game 2 of a best-of-3
|t:|1756813124
|gametype|doubles
|player|p1|Beeetch|beauty-gen4dp|1284
|player|p2|Desertfreak|102|1387
|gen|9
|tier|[Gen 9] VGC 2025 Reg H (Bo3)
|rated|
|rule|Species Clause: Limit one of each Pokémon
|rule|Item Clause: Limit 1 of each item
|clearpoke
|poke|p1|Excadrill, L50, M|
|poke|p1|Tyranitar, L50, F|
|poke|p1|Sneasler, L50, F|
|poke|p1|Indeedee, L50, M|
|poke|p1|Corviknight, L50, F|
|poke|p1|Annihilape, L50, M|
|poke|p2|Gholdengo, L50|
|poke|p2|Kilowattrel, L50, M|
|poke|p2|Incineroar, L50, F|
|poke|p2|Amoonguss, L50, M|
|poke|p2|Porygon2, L50|
|poke|p2|Ursaluna, L50, M|
|teampreview|4
|showteam|p1|Excadrill||FocusSash|SandRush|IronHead,HighHorsepower,Earthquake,Protect|||M|||50|,,,,,Stellar]Tyranitar||AssaultVest|SandStream|RockSlide,KnockOff,TeraBlast,LowKick|||F|||50|,,,,,Flying]Sneasler||PsychicSeed|Unburden|DireClaw,CloseCombat,ThroatChop,Protect|||F|||50|,,,,,Dark]Indeedee||ChoiceScarf|PsychicSurge|ExpandingForce,TeraBlast,Protect,Trick|||M|||50|,,,,,Psychic]Corviknight||Leftovers|MirrorArmor|BraveBird,BulkUp,Roost,Tailwind|||F|||50|,,,,,Dragon]Annihilape||SafetyGoggles|Defiant|CloseCombat,FinalGambit,RageFist,Taunt|||M|||50|,,,,,Water
|showteam|p2|Gholdengo||LifeOrb|GoodasGold|MakeItRain,ShadowBall,Protect,NastyPlot||||||50|,,,,,Water]Kilowattrel||FocusSash|Competitive|AirSlash,Thunderbolt,Tailwind,Protect|||M|||50|,,,,,Ghost]Incineroar||SafetyGoggles|Intimidate|FakeOut,FlareBlitz,KnockOff,PartingShot|||F|||50|,,,,,Ghost]Amoonguss||SitrusBerry|Regenerator|PollenPuff,Spore,RagePowder,Protect|||M|||50|,,,,,Water]Porygon2||Eviolite|Download|TeraBlast,IceBeam,Recover,TrickRoom||||||50|,,,,,Fighting]Ursaluna||FlameOrb|Guts|Earthquake,Facade,HeadlongRush,Protect|||M|||50|,,,,,Ghost
|
|t:|1756813140
|teamsize|p1|4
|teamsize|p2|4
|start
|switch|p1a: Tyranitar|Tyranitar, L50, F, shiny|100/100
|switch|p1b: Excadrill|Excadrill, L50, M, shiny|100/100
|switch|p2a: Kilowattrel|Kilowattrel, L50, M, shiny|100/100
|switch|p2b: Gholdengo|Gholdengo, L50|100/100
|-weather|Sandstorm|[from] ability: Sand Stream|[of] p1a: Tyranitar
|turn|1
|inactive|Battle timer is ON: inactive players will automatically lose when time's up. (requested by Desertfreak)
|
|t:|1756813167
|-terastallize|p2b: Gholdengo|Water
|move|p1b: Excadrill|High Horsepower|p2b: Gholdengo
|-damage|p2b: Gholdengo|51/100
|move|p2a: Kilowattrel|Air Slash|p1b: Excadrill
|-resisted|p1b: Excadrill
|-damage|p1b: Excadrill|75/100
|move|p2b: Gholdengo|Nasty Plot|p2b: Gholdengo
|-boost|p2b: Gholdengo|spa|2
|move|p1a: Tyranitar|Rock Slide|p2a: Kilowattrel|[spread] p2a,p2b
|-supereffective|p2a: Kilowattrel
|-enditem|p2a: Kilowattrel|Focus Sash
|-damage|p2a: Kilowattrel|1/100
|-damage|p2b: Gholdengo|15/100
|
|-weather|Sandstorm|[upkeep]
|-damage|p2a: Kilowattrel|0 fnt|[from] Sandstorm
|-damage|p2b: Gholdengo|9/100|[from] Sandstorm
|faint|p2a: Kilowattrel
|upkeep
|
|t:|1756813172
|switch|p2a: Amoonguss|Amoonguss, L50, M, shiny|100/100
|turn|2
|
|t:|1756813189
|-terastallize|p1a: Tyranitar|Flying
|move|p2b: Gholdengo|Protect|p2b: Gholdengo
|-singleturn|p2b: Gholdengo|Protect
|move|p1b: Excadrill|Earthquake|p2a: Amoonguss|[spread] p2a
|-activate|p2b: Gholdengo|move: Protect
|-immune|p1a: Tyranitar
|-damage|p2a: Amoonguss|67/100
|move|p1a: Tyranitar|Tera Blast|p2a: Amoonguss|[anim] Tera Blast Flying
|-supereffective|p2a: Amoonguss
|-damage|p2a: Amoonguss|0 fnt
|faint|p2a: Amoonguss
|
|-weather|Sandstorm|[upkeep]
|-damage|p2b: Gholdengo|3/100|[from] Sandstorm
|-damage|p1a: Tyranitar|95/100|[from] Sandstorm
|upkeep
|-message|Desertfreak forfeited.
|
|win|Beeetch
|raw|Beeetch's rating: 1284 → 1316(+32 for winning)
|raw|Desertfreak's rating: 1387 → 1361(-26 for losing)
|l|‽Desertfreak
|player|p2|
