|j|☆LascapVGC
|j|☆Light_Nova7
|html|LascapVGCLight_Nova7    
|uhtml|bestof|Game 3 of a best-of-3
|t:|1784543987
|gametype|doubles
|player|p1|LascapVGC|benga|1000
|player|p2|Light_Nova7|hilbert|1081
|gen|9
|tier|[Gen 9 Champions] VGC 2026 Reg M-B (Bo3)
|rated|
|rule|Species Clause: Limit one of each Pokémon
|rule|Item Clause: Limit 1 of each item
|clearpoke
|poke|p1|Annihilape, L50, M|
|poke|p1|Charizard, L50, M|
|poke|p1|Hydreigon, L50, M|
|poke|p1|Toxapex, L50, M|
|poke|p1|Metagross, L50|
|poke|p1|Incineroar, L50, F|
|poke|p2|Staraptor, L50, M|
|poke|p2|Excadrill, L50, M|
|poke|p2|Grimmsnarl, L50, M|
|poke|p2|Whimsicott, L50, F|
|poke|p2|Tyranitar, L50, M|
|poke|p2|Gengar, L50, M|
|teampreview|4
|showteam|p1|Annihilape||FocusSash|Defiant|PhantomForce,CloseCombat,RockTomb,Protect|Jolly||M|||50|]Charizard||CharizarditeY|Blaze|HeatWave,WeatherBall,SolarBeam,Protect|Modest||M|||50|]Hydreigon||ChoiceScarf|Levitate|DarkPulse,Snarl,DracoMeteor,EarthPower|Modest||M|||50|]Toxapex||Leftovers|Regenerator|Infestation,Toxic,WideGuard,BanefulBunker|Bold||M|||50|]Metagross||Metagrossite|ClearBody|BulletPunch,PsychicFangs,IcePunch,Protect|Jolly|||||50|]Incineroar||SitrusBerry|Intimidate|ThroatChop,FlareBlitz,PartingShot,FakeOut|Impish||F|||50|
|showteam|p2|Staraptor||Staraptite|Intimidate|CloseCombat,BraveBird,Roost,Protect|Adamant||M|||50|]Excadrill||FocusSash|SandRush|RockSlide,Earthquake,IronHead,Protect|Adamant||M|||50|]Grimmsnarl||LightClay|Prankster|LightScreen,SpiritBreak,Reflect,FakeOut|Careful||M|||50|]Whimsicott||LifeOrb|Prankster|Moonblast,Charm,Tailwind,Protect|Timid||F|||50|]Tyranitar||ChoiceScarf|SandStream|RockSlide,Crunch,LowKick,IcePunch|Adamant||M|||50|]Gengar||Gengarite|CursedBody|ShadowBall,SludgeBomb,IcyWind,Protect|Timid||M|||50|
|inactive|Battle timer is ON: inactive players will automatically lose when time's up. (requested by Light_Nova7)
|
|t:|1784544009
|teamsize|p1|4
|teamsize|p2|4
|start
|switch|p1a: Incineroar|Incineroar, L50, F|100/100
|switch|p1b: Metagross|Metagross, L50|100/100
|switch|p2a: Staraptor|Staraptor, L50, M|100/100
|switch|p2b: Whimsicott|Whimsicott, L50, F|100/100
|-ability|p2a: Staraptor|Intimidate|boost
|-unboost|p1a: Incineroar|atk|1
|-fail|p1b: Metagross|unboost|[from] ability: Clear Body|[of] p1b: Metagross
|-ability|p1a: Incineroar|Intimidate|boost
|-unboost|p2a: Staraptor|atk|1
|-unboost|p2b: Whimsicott|atk|1
|turn|1
|
|t:|1784544036
|switch|p1a: Toxapex|Toxapex, L50, M|100/100
|detailschange|p2a: Staraptor|Staraptor-Mega, L50, M
|-mega|p2a: Staraptor|Staraptor|Staraptite
|detailschange|p1b: Metagross|Metagross-Mega, L50
|-mega|p1b: Metagross|Metagross|Metagrossite
|move|p2b: Whimsicott|Charm|p2a: Staraptor
|-boost|p2a: Staraptor|atk|2
|move|p1b: Metagross|Psychic Fangs|p2a: Staraptor
|-supereffective|p2a: Staraptor|1
|-damage|p2a: Staraptor|0 fnt
|faint|p2a: Staraptor
|
|upkeep
|-message|Light_Nova7 forfeited.
|
|win|LascapVGC
|raw|LascapVGC's rating: 1000 → 1049(+49 for winning)
|raw|Light_Nova7's rating: 1081 → 1054(-27 for losing)
|l|☆Light_Nova7
|player|p2|
