|j|☆Isagii
|j|☆darkocin
|html|Isagiidarkocin    
|uhtml|bestof|Game 1 of a best-of-3
|t:|1783193433
|gametype|doubles
|player|p1|Isagii|steven|1223
|player|p2|darkocin|170|1284
|gen|9
|tier|[Gen 9 Champions] VGC 2026 Reg M-B (Bo3)
|rated|
|rule|Species Clause: Limit one of each Pokémon
|rule|Item Clause: Limit 1 of each item
|clearpoke
|poke|p1|Metagross, L50, shiny|
|poke|p1|Grimmsnarl, L50, M, shiny|
|poke|p1|Toxapex, L50, F|
|poke|p1|Hydreigon, L50, M|
|poke|p1|Charizard, L50, M, shiny|
|poke|p1|Garchomp, L50, M, shiny|
|poke|p2|Raichu, L50, F|
|poke|p2|Floette-Eternal, L50, F|
|poke|p2|Sinistcha, L50|
|poke|p2|Incineroar, L50, M|
|poke|p2|Milotic, L50, F|
|poke|p2|Ceruledge, L50, F|
|teampreview|4
|showteam|p1|Metagross||Metagrossite|ClearBody|PsychicFangs,IronHead,BodyPress,Protect|Jolly|||||50|]Grimmsnarl||LightClay|Prankster|LightScreen,Reflect,PartingShot,SpiritBreak|Careful||M|||50|]Toxapex||Leftovers|Regenerator|Toxic,Infestation,WideGuard,BanefulBunker|Bold||F|||50|]Hydreigon||ChoiceScarf|Levitate|DracoMeteor,DarkPulse,HeatWave,Snarl|Modest||M|||50|]Charizard||CharizarditeY|Blaze|HeatWave,SolarBeam,WeatherBall,Protect|Modest||M|||50|]Garchomp||LifeOrb|RoughSkin|Earthquake,DragonClaw,RockSlide,Protect|Jolly||M|||50|
|showteam|p2|Raichu||RaichuniteY|LightningRod|FakeOut,ZapCannon,FocusBlast,Protect|Timid||F|||50|]Floette-Eternal||Floettite|FlowerVeil|DazzlingGleam,DrainingKiss,CalmMind,Protect|Timid||F|||50|]Sinistcha||KasibBerry|Hospitality|MatchaGotcha,LifeDew,RagePowder,Protect|Relaxed|||||50|]Incineroar||SitrusBerry|Intimidate|FakeOut,FlareBlitz,ThroatChop,PartingShot|Impish||M|||50|]Milotic||Leftovers|Competitive|MuddyWater,Coil,Hypnosis,Protect|Calm||F|||50|]Ceruledge||ColburBerry|FlashFire|BitterBlade,ShadowSneak,BulkUp,Protect|Adamant||F|||50|
|inactive|Battle timer is ON: inactive players will automatically lose when time's up. (requested by Isagii)
|inactive|Isagii has 60 seconds left.
|inactive|darkocin has 60 seconds left.
|inactive|darkocin has 30 seconds left.
|inactive|darkocin has 20 seconds left.
|
|t:|1783193507
|teamsize|p1|4
|teamsize|p2|4
|start
|switch|p1a: Hydreigon|Hydreigon, L50, M|100/100
|switch|p1b: Garchomp|Garchomp, L50, M, shiny|100/100
|switch|p2a: Incineroar|Incineroar, L50, M|100/100
|switch|p2b: Milotic|Milotic, L50, F|100/100
|-ability|p2a: Incineroar|Intimidate|boost
|-unboost|p1a: Hydreigon|atk|1
|-unboost|p1b: Garchomp|atk|1
|turn|1
|inactive|Isagii has 30 seconds left.
|inactive|Isagii has 20 seconds left.
|inactive|Isagii has 15 seconds left.
|
|t:|1783193551
|switch|p1b: Toxapex|Toxapex, L50, F|100/100
|move|p2a: Incineroar|Fake Out|p1b: Toxapex
|-damage|p1b: Toxapex|92/100
|move|p1a: Hydreigon|Draco Meteor|p2b: Milotic
|-damage|p2b: Milotic|56/100
|-unboost|p1a: Hydreigon|spa|2
|move|p2b: Milotic|Coil|p2b: Milotic
|-boost|p2b: Milotic|atk|1
|-boost|p2b: Milotic|def|1
|-boost|p2b: Milotic|accuracy|1
|
|-heal|p2b: Milotic|62/100|[from] item: Leftovers
|-heal|p1b: Toxapex|98/100|[from] item: Leftovers
|upkeep
|turn|2
|inactive|Isagii has 30 seconds left.
|
|t:|1783193576
|switch|p1a: Garchomp|Garchomp, L50, M, shiny|100/100
|move|p2b: Milotic|Hypnosis|p1b: Toxapex
|-status|p1b: Toxapex|slp|[from] move: Hypnosis
|move|p2a: Incineroar|Parting Shot|p1a: Garchomp
|-unboost|p1a: Garchomp|atk|1
|-unboost|p1a: Garchomp|spa|1
|
|t:|1783193583
|switch|p2a: Raichu|Raichu, L50, F|100/100|[from] Parting Shot
|cant|p1b: Toxapex|slp
|
|-heal|p2b: Milotic|68/100|[from] item: Leftovers
|-heal|p1b: Toxapex|100/100 slp|[from] item: Leftovers
|upkeep
|turn|3
|
|t:|1783193600
|switch|p1b: Hydreigon|Hydreigon, L50, M|100/100
|detailschange|p2a: Raichu|Raichu-Mega-Y, L50, F
|-mega|p2a: Raichu|Raichu|Raichunite Y
|move|p2a: Raichu|Zap Cannon|p1b: Hydreigon
|-resisted|p1b: Hydreigon|1
|-damage|p1b: Hydreigon|65/100
|-status|p1b: Hydreigon|par
|move|p1a: Garchomp|Earthquake|p2a: Raichu|[spread] p2a,p2b
|-immune|p1b: Hydreigon|[from] ability: Levitate
|-supereffective|p2a: Raichu|1
|-crit|p2a: Raichu
|-damage|p2a: Raichu|0 fnt
|-damage|p2b: Milotic|48/100
|faint|p2a: Raichu
|-damage|p1a: Garchomp|90/100|[from] item: Life Orb
|move|p2b: Milotic|Hypnosis|p1a: Garchomp|[miss]
|-miss|p2b: Milotic|p1a: Garchomp
|
|-heal|p2b: Milotic|54/100|[from] item: Leftovers
|upkeep
|
|t:|1783193620
|switch|p2a: Ceruledge|Ceruledge, L50, F|100/100
|turn|4
|
|t:|1783193632
|move|p1a: Garchomp|Earthquake|p2b: Milotic|[spread] p2a,p2b
|-immune|p1b: Hydreigon|[from] ability: Levitate
|-supereffective|p2a: Ceruledge|1
|-damage|p2a: Ceruledge|33/100
|-damage|p2b: Milotic|36/100
|-damage|p1a: Garchomp|80/100|[from] item: Life Orb
|move|p1b: Hydreigon|Dark Pulse|p2a: Ceruledge
|-supereffective|p2a: Ceruledge|1
|-enditem|p2a: Ceruledge|Colbur Berry|[eat]
|-enditem|p2a: Ceruledge|Colbur Berry|[weaken]
|-damage|p2a: Ceruledge|0 fnt
|faint|p2a: Ceruledge
|move|p2b: Milotic|Hypnosis|p1a: Garchomp
|-status|p1a: Garchomp|slp|[from] move: Hypnosis
|
|-heal|p2b: Milotic|42/100|[from] item: Leftovers
|upkeep
|-message|darkocin forfeited.
|
|win|Isagii
||darkocin is ready for game 2.
