|j|☆freyartchan
|j|☆bloodnirvana98
|html|freyartchanbloodnirvana98    
|uhtml|bestof|Game 3 of a best-of-3
|t:|1756472325
|gametype|doubles
|player|p1|freyartchan|kieran-champion|1076
|player|p2|bloodnirvana98|giovanni|1096
|gen|9
|tier|[Gen 9] VGC 2025 Reg H (Bo3)
|rated|
|rule|Species Clause: Limit one of each Pokémon
|rule|Item Clause: Limit 1 of each item
|clearpoke
|poke|p1|Incineroar, L50, M|
|poke|p1|Vivillon, L50, F|
|poke|p1|Porygon2, L50|
|poke|p1|Gholdengo, L50|
|poke|p1|Garchomp, L50, F|
|poke|p1|Primarina, L50, F|
|poke|p2|Dragapult, L50, F|
|poke|p2|Garchomp, L50, F|
|poke|p2|Typhlosion-Hisui, L50, M|
|poke|p2|Murkrow, L50, M|
|poke|p2|Jumpluff, L50, F|
|poke|p2|Dragonite, L50, F|
|teampreview|4
|showteam|p1|Incineroar||SafetyGoggles|Intimidate|FakeOut,FlareBlitz,KnockOff,PartingShot|||M|||50|,,,,,Ghost]Vivillon||FocusSash|CompoundEyes|SleepPowder,Hurricane,RagePowder,Protect|||F|||50|,,,,,Ghost]Porygon2||Eviolite|Download|TeraBlast,IceBeam,TrickRoom,Recover||||||50|,,,,,Fighting]Gholdengo||MetalCoat|GoodasGold|MakeItRain,ShadowBall,NastyPlot,Protect||||||50|,,,,,Dragon]Garchomp||LifeOrb|RoughSkin|StompingTantrum,Earthquake,Protect,DragonClaw|||F|||50|,,,,,Fire]Primarina||SitrusBerry|LiquidVoice|HyperVoice,Moonblast,Haze,Protect|||F|||50|,,,,,Poison
|showteam|p2|Dragapult||ChoiceBand|ClearBody|DragonDarts,PhantomForce,Uturn,Outrage|||F|||50|,,,,,Dragon]Garchomp||LifeOrb|RoughSkin|RockSlide,Earthquake,StompingTantrum,Protect|||F|||50|,,,,,Ground]Typhlosion-Hisui||ChoiceSpecs|Blaze|Eruption,HeatWave,ShadowBall,Flamethrower|||M|||50|,,,,,Fire]Murkrow||Eviolite|Prankster|FoulPlay,Taunt,Tailwind,SunnyDay|||M|||50|,,,,,Dark]Jumpluff||CovertCloak|Chlorophyll|RagePowder,PollenPuff,Tailwind,SunnyDay|||F|||50|,,,,,Water]Dragonite||AssaultVest|InnerFocus|ExtremeSpeed,IceSpinner,DragonClaw,FirePunch|||F|||50|,,,,,Normal
|inactive|Battle timer is ON: inactive players will automatically lose when time's up. (requested by bloodnirvana98)
|inactive|freyartchan has 60 seconds left.
|inactive|bloodnirvana98 has 60 seconds left.
|
|t:|1756472369
|teamsize|p1|4
|teamsize|p2|4
|start
|switch|p1a: Porygon2|Porygon2, L50|100/100
|switch|p1b: Primarina|Primarina, L50, F, shiny|100/100
|switch|p2a: Dragapult|Dragapult, L50, F|100/100
|switch|p2b: Typhlosion|Typhlosion-Hisui, L50, M|100/100
|-ability|p1a: Porygon2|Download|boost
|-boost|p1a: Porygon2|atk|1
|turn|1
|inactive|freyartchan has 30 seconds left.
|inactive|bloodnirvana98 has 30 seconds left.
|inactive|freyartchan has 20 seconds left.
|inactive|bloodnirvana98 has 20 seconds left.
|inactive|freyartchan has 15 seconds left.
|inactive|freyartchan has 10 seconds left.
|inactive|bloodnirvana98 has 15 seconds left.
|inactive|bloodnirvana98 has 10 seconds left.
|
|t:|1756472423
|switch|p1a: Incineroar|Incineroar, L50, M|100/100
|-ability|p1a: Incineroar|Intimidate|boost
|-fail|p2a: Dragapult|unboost|[from] ability: Clear Body|[of] p2a: Dragapult
|-unboost|p2b: Typhlosion|atk|1
|-terastallize|p2b: Typhlosion|Fire
|move|p2a: Dragapult|Dragon Darts|p1a: Incineroar
|-damage|p1a: Incineroar|67/100
|-anim|p2a: Dragapult|Dragon Darts|p1a: Incineroar
|-damage|p1a: Incineroar|35/100
|move|p2b: Typhlosion|Eruption|p1b: Primarina|[spread] p1a,p1b
|-resisted|p1a: Incineroar
|-resisted|p1b: Primarina
|-damage|p1a: Incineroar|0 fnt
|-damage|p1b: Primarina|53/100
|faint|p1a: Incineroar
|move|p1b: Primarina|Hyper Voice|p2b: Typhlosion|[spread] p2a,p2b
|-resisted|p2a: Dragapult
|-supereffective|p2b: Typhlosion
|-damage|p2a: Dragapult|78/100
|-damage|p2b: Typhlosion|16/100
|
|upkeep
|
|t:|1756472442
|switch|p1a: Porygon2|Porygon2, L50|100/100
|-ability|p1a: Porygon2|Download|boost
|-boost|p1a: Porygon2|atk|1
|turn|2
|
|t:|1756472460
|switch|p2b: Jumpluff|Jumpluff, L50, F|100/100
|move|p2a: Dragapult|Dragon Darts|p1a: Porygon2
|-damage|p1a: Porygon2|75/100
|-anim|p2a: Dragapult|Dragon Darts|p1a: Porygon2
|-damage|p1a: Porygon2|50/100
|move|p1b: Primarina|Moonblast|p2a: Dragapult
|-supereffective|p2a: Dragapult
|-crit|p2a: Dragapult
|-damage|p2a: Dragapult|0 fnt
|faint|p2a: Dragapult
|move|p1a: Porygon2|Trick Room|p1a: Porygon2
|-fieldstart|move: Trick Room|[of] p1a: Porygon2
|
|upkeep
|
|t:|1756472471
|switch|p2a: Typhlosion|Typhlosion-Hisui, L50, M, tera:Fire|16/100
|turn|3
|inactive|bloodnirvana98 has 30 seconds left.
|
|t:|1756472497
|move|p1a: Porygon2|Ice Beam|p2b: Jumpluff
|-supereffective|p2b: Jumpluff
|-damage|p2b: Jumpluff|0 fnt
|faint|p2b: Jumpluff
|move|p1b: Primarina|Hyper Voice|p2a: Typhlosion
|-supereffective|p2a: Typhlosion
|-damage|p2a: Typhlosion|0 fnt
|faint|p2a: Typhlosion
|
|upkeep
|
|t:|1756472503
|switch|p2b: Garchomp|Garchomp, L50, F|100/100
|turn|4
|
|t:|1756472513
|move|p2b: Garchomp|Protect|p2b: Garchomp
|-singleturn|p2b: Garchomp|Protect
|move|p1a: Porygon2|Ice Beam|p2b: Garchomp
|-activate|p2b: Garchomp|move: Protect
|move|p1b: Primarina|Moonblast|p2b: Garchomp
|-activate|p2b: Garchomp|move: Protect
|
|upkeep
|turn|5
|
|t:|1756472520
|move|p2b: Garchomp|Protect|p2b: Garchomp
|-singleturn|p2b: Garchomp|Protect
|move|p1a: Porygon2|Ice Beam|p2b: Garchomp
|-activate|p2b: Garchomp|move: Protect
|move|p1b: Primarina|Moonblast|p2b: Garchomp
|-activate|p2b: Garchomp|move: Protect
|
|upkeep
|turn|6
|
|t:|1756472529
|move|p2b: Garchomp|Protect||[still]
|-fail|p2b: Garchomp
|move|p1a: Porygon2|Recover|p1a: Porygon2
|-heal|p1a: Porygon2|100/100
|move|p1b: Primarina|Moonblast|p2b: Garchomp
|-supereffective|p2b: Garchomp
|-damage|p2b: Garchomp|0 fnt
|faint|p2b: Garchomp
|
|win|freyartchan
|raw|freyartchan's rating: 1076 → 1106(+30 for winning)
|raw|bloodnirvana98's rating: 1096 → 1070(-26 for losing)
|l|☆bloodnirvana98
|player|p2|
