|j|☆kaka_barca
|j|☆McPootisCakes
|html|kaka_barcaMcPootisCakes    
|uhtml|bestof|Game 1 of a best-of-3
|t:|1782412217
|gametype|doubles
|player|p1|kaka_barca|iris-gen5bw2|1092
|player|p2|McPootisCakes|ethan|1000
|gen|9
|tier|[Gen 9 Champions] VGC 2026 Reg M-B (Bo3)
|rated|
|rule|Species Clause: Limit one of each Pokémon
|rule|Item Clause: Limit 1 of each item
|clearpoke
|poke|p1|Glimmora, L50, F|
|poke|p1|Mamoswine, L50, F|
|poke|p1|Sinistcha, L50|
|poke|p1|Farigiraf, L50, F|
|poke|p1|Orthworm, L50, F|
|poke|p1|Staraptor, L50, M|
|poke|p2|Pelipper, L50, F|
|poke|p2|Swampert, L50, F|
|poke|p2|Archaludon, L50, F|
|poke|p2|Sinistcha, L50|
|poke|p2|Grimmsnarl, L50, M|
|poke|p2|Floette-Eternal, L50, F|
|teampreview|4
|showteam|p1|Glimmora||Glimmoranite|ToxicDebris|PowerGem,SludgeBomb,EarthPower,Protect|Timid||F|||50|]Mamoswine||FocusSash|ThickFat|IceShard,IcicleCrash,HighHorsepower,Protect|Jolly||F|||50|]Sinistcha||Leftovers|Hospitality|MatchaGotcha,StrengthSap,RagePowder,TrickRoom|Bold|||||50|]Farigiraf||MentalHerb|ArmorTail|PsychicNoise,HelpingHand,TrickRoom,Protect|Relaxed||F|||50|]Orthworm||MetalCoat|EarthEater|HeavySlam,ShedTail,BodyPress,Protect|Brave||F|||50|]Staraptor||Staraptite|Intimidate|CloseCombat,BraveBird,Protect|Jolly||M|||50|
|showteam|p2|Pelipper||SitrusBerry|Drizzle|Tailwind,Hurricane,WeatherBall,Protect|Bold||F|||50|]Swampert||Swampertite|Damp|WaveCrash,Earthquake,IcePunch,Protect|Adamant||F|||50|]Archaludon||Leftovers|Stamina|DracoMeteor,FlashCannon,ElectroShot,Protect|Modest||F|||50|]Sinistcha||KasibBerry|Hospitality|MatchaGotcha,LifeDew,RagePowder,TrickRoom|Calm|||||50|]Grimmsnarl||LightClay|Prankster|SpiritBreak,Reflect,LightScreen,PartingShot|Careful||M|||50|]Floette-Eternal||Floettite|FlowerVeil|Moonblast,DazzlingGleam,CalmMind,Protect|Modest||F|||50|
|inactive|Battle timer is ON: inactive players will automatically lose when time's up. (requested by McPootisCakes)
|
|t:|1782412314
|teamsize|p1|4
|teamsize|p2|4
|start
|switch|p1a: Sinistcha|Sinistcha, L50|100/100
|switch|p1b: Orthworm|Orthworm, L50, F|100/100
|switch|p2a: Pelipper|Pelipper, L50, F|100/100
|switch|p2b: Swampert|Swampert, L50, F|100/100
|-weather|RainDance|[from] ability: Drizzle|[of] p2a: Pelipper
|turn|1
|inactive|kaka_barca has 30 seconds left.
|inactive|McPootisCakes has 30 seconds left.
|inactive|McPootisCakes has 20 seconds left.
|inactive|McPootisCakes has 15 seconds left.
|
|t:|1782412357
|detailschange|p2b: Swampert|Swampert-Mega, L50, F
|-mega|p2b: Swampert|Swampert|Swampertite
|move|p2b: Swampert|Ice Punch|p1a: Sinistcha
|-supereffective|p1a: Sinistcha|1
|-damage|p1a: Sinistcha|53/100
|move|p2a: Pelipper|Hurricane|p1a: Sinistcha
|-supereffective|p1a: Sinistcha|1
|-damage|p1a: Sinistcha|0 fnt
|faint|p1a: Sinistcha
|move|p1b: Orthworm|Shed Tail|p1b: Orthworm
|-start|p1b: Orthworm|Substitute|[from] move: Shed Tail
|-damage|p1b: Orthworm|49/100
|
|t:|1782412377
|switch|p1b: Staraptor|Staraptor, L50, M|100/100|[from] Shed Tail
|-ability|p1b: Staraptor|Intimidate|boost
|-unboost|p2a: Pelipper|atk|1
|-unboost|p2b: Swampert|atk|1
|
|-weather|RainDance|[upkeep]
|upkeep
|
|t:|1782412397
|switch|p1a: Glimmora|Glimmora, L50, F|100/100
|turn|2
|inactive|kaka_barca has 30 seconds left.
|inactive|McPootisCakes has 30 seconds left.
|inactive|McPootisCakes has 20 seconds left.
|inactive|McPootisCakes has 15 seconds left.
|inactive|McPootisCakes has 10 seconds left.
|
|t:|1782412443
|switch|p1a: Orthworm|Orthworm, L50, F|49/100
|detailschange|p1b: Staraptor|Staraptor-Mega, L50, M
|-mega|p1b: Staraptor|Staraptor|Staraptite
|move|p2b: Swampert|Earthquake|p1a: Orthworm|[spread] 
|-heal|p1a: Orthworm|74/100|[from] ability: Earth Eater|[of] p2b: Swampert
|-immune|p2a: Pelipper
|-immune|p1b: Staraptor
|move|p1b: Staraptor|Brave Bird|p2a: Pelipper
|-damage|p2a: Pelipper|48/100
|-enditem|p2a: Pelipper|Sitrus Berry|[eat]
|-heal|p2a: Pelipper|73/100|[from] item: Sitrus Berry
|-damage|p1b: Staraptor|85/100|[from] Recoil
|move|p2a: Pelipper|Tailwind|p2a: Pelipper
|-sidestart|p2: McPootisCakes|move: Tailwind
|
|-weather|RainDance|[upkeep]
|upkeep
|turn|3
|inactive|kaka_barca has 30 seconds left.
|inactive|McPootisCakes has 30 seconds left.
|inactive|McPootisCakes has 20 seconds left.
|inactive|McPootisCakes has 15 seconds left.
|inactive|McPootisCakes has 10 seconds left.
|inactive|McPootisCakes has 5 seconds left.
|
|t:|1782412497
|move|p1a: Orthworm|Protect|p1a: Orthworm
|-singleturn|p1a: Orthworm|Protect
|move|p2b: Swampert|Wave Crash|p1a: Orthworm
|-activate|p1a: Orthworm|move: Protect
|move|p2a: Pelipper|Weather Ball|p1b: Staraptor
|-end|p1b: Staraptor|Substitute
|move|p1b: Staraptor|Close Combat|p2b: Swampert
|-damage|p2b: Swampert|47/100
|-boost|p1b: Staraptor|def|1
|-boost|p1b: Staraptor|spd|1
|
|-weather|RainDance|[upkeep]
|upkeep
|turn|4
|inactive|kaka_barca has 30 seconds left.
|inactive|McPootisCakes has 30 seconds left.
|inactive|McPootisCakes has 20 seconds left.
|inactive|McPootisCakes has 15 seconds left.
|inactive|McPootisCakes has 10 seconds left.
|
|t:|1782412546
|move|p2b: Swampert|Wave Crash|p1a: Orthworm
|-damage|p1a: Orthworm|21/100
|-damage|p2b: Swampert|30/100|[from] Recoil
|move|p2a: Pelipper|Hurricane|p1b: Staraptor
|-supereffective|p1b: Staraptor|1
|-damage|p1b: Staraptor|31/100
|-start|p1b: Staraptor|confusion
|-activate|p1b: Staraptor|confusion
|move|p1b: Staraptor|Close Combat|p2b: Swampert
|-damage|p2b: Swampert|0 fnt
|-boost|p1b: Staraptor|def|1
|-boost|p1b: Staraptor|spd|1
|faint|p2b: Swampert
|move|p1a: Orthworm|Heavy Slam|p2a: Pelipper
|-resisted|p2a: Pelipper|1
|-damage|p2a: Pelipper|46/100
|
|-weather|RainDance|[upkeep]
|upkeep
|j| Void_Tierra
|inactive|McPootisCakes has 30 seconds left.
|-message|kaka_barca forfeited.
|
|win|McPootisCakes
