|j|☆scrambledegg62
|j|☆Bidoofsupremacy100
|html|scrambledegg62Bidoofsupremacy100    
|uhtml|bestof|Game 2 of a best-of-3
|t:|1782246202
|gametype|doubles
|player|p1|scrambledegg62|lance|1151
|player|p2|Bidoofsupremacy100|hilbert|1000
|gen|9
|tier|[Gen 9 Champions] VGC 2026 Reg M-B (Bo3)
|rated|
|rule|Species Clause: Limit one of each Pokémon
|rule|Item Clause: Limit 1 of each item
|clearpoke
|poke|p1|Pyroar, L50, M, shiny|
|poke|p1|Gallade, L50, M, shiny|
|poke|p1|Farigiraf, L50, F, shiny|
|poke|p1|Kangaskhan, L50, F, shiny|
|poke|p1|Torkoal, L50, M, shiny|
|poke|p1|Mawile, L50, F|
|poke|p2|Staraptor, L50, F|
|poke|p2|Whimsicott, L50, F|
|poke|p2|Basculegion-F, L50, F|
|poke|p2|Incineroar, L50, M|
|poke|p2|Farigiraf, L50, M|
|poke|p2|Palafin, L50, F|
|teampreview|4
|showteam|p1|Pyroar||Pyroarite|Unnerve|Overheat,HeatWave,SolarBeam,Protect|Timid||M|||50|]Gallade||IronBall|Sharpness|SacredSword,PsychoCut,LeafBlade,TrickRoom|Brave||M|||50|]Farigiraf||ColburBerry|ArmorTail|TrickRoom,HelpingHand,PsychicFangs,Thunderbolt|Relaxed||F|||50|]Kangaskhan||LifeOrb|Scrappy|FakeOut,DoubleEdge,IcePunch,HammerArm|Brave||F|||50|]Torkoal||Charcoal|Drought|Eruption,WeatherBall,HelpingHand,Protect|Quiet||M|||50|]Mawile||Mawilite|Intimidate|SwordsDance,PlayRough,SuckerPunch,RockSlide|Brave||F|||50|
|showteam|p2|Staraptor||Staraptite|Intimidate|BraveBird,CloseCombat,Protect,QuickAttack|Adamant||F|||50|]Whimsicott||FocusSash|Prankster|DazzlingGleam,Tailwind,Encore,Charm|Timid||F|||50|]Basculegion-F||ChoiceScarf|Adaptability|FlipTurn,IceBeam,ShadowBall,MuddyWater|Modest||F|||50|]Incineroar||ExpertBelt|Intimidate|FakeOut,CloseCombat,FlareBlitz,DarkestLariat|Adamant||M|||50|]Farigiraf||Leftovers|ArmorTail|DazzlingGleam,ShadowBall,Protect,PsychicNoise|Modest||M|||50|]Palafin||LifeOrb|ZerotoHero|FlipTurn,WaveCrash,IcePunch,ZenHeadbutt|Adamant||F|||50|
|inactive|Battle timer is ON: inactive players will automatically lose when time's up. (requested by scrambledegg62)
|
|t:|1782246212
|teamsize|p1|4
|teamsize|p2|4
|start
|switch|p1a: Roo|Kangaskhan, L50, F, shiny|100/100
|switch|p1b: Melman|Farigiraf, L50, F, shiny|100/100
|switch|p2a: Incineroar|Incineroar, L50, M|100/100
|switch|p2b: Farigiraf|Farigiraf, L50, M|100/100
|-ability|p2a: Incineroar|Intimidate|boost
|-fail|p1a: Roo|unboost|Attack|[from] ability: Scrappy|[of] p1a: Roo
|-unboost|p1b: Melman|atk|1
|turn|1
|
|t:|1782246227
|move|p1a: Roo|Hammer Arm|p2a: Incineroar
|-supereffective|p2a: Incineroar|1
|-damage|p2a: Incineroar|17/100
|-unboost|p1a: Roo|spe|1
|-damage|p1a: Roo|90/100|[from] item: Life Orb
|move|p2b: Farigiraf|Dazzling Gleam|p1b: Melman|[spread] p1a,p1b
|-damage|p1a: Roo|68/100
|-damage|p1b: Melman|80/100
|move|p2a: Incineroar|Close Combat|p1a: Roo
|-supereffective|p1a: Roo|1
|-damage|p1a: Roo|0 fnt
|-unboost|p2a: Incineroar|def|1
|-unboost|p2a: Incineroar|spd|1
|faint|p1a: Roo
|move|p1b: Melman|Trick Room|p1b: Melman
|-fieldstart|move: Trick Room|[of] p1b: Melman
|
|upkeep
|
|t:|1782246240
|switch|p1a: Crush|Torkoal, L50, M, shiny|100/100
|-weather|SunnyDay|[from] ability: Drought|[of] p1a: Crush
|turn|2
|
|t:|1782246252
|move|p1b: Melman|Helping Hand|p1a: Crush
|-singleturn|p1a: Crush|Helping Hand|[of] p1b: Melman
|move|p2b: Farigiraf|Protect|p2b: Farigiraf
|-singleturn|p2b: Farigiraf|Protect
|move|p1a: Crush|Eruption|p2a: Incineroar|[spread] p2a
|-activate|p2b: Farigiraf|move: Protect
|-resisted|p2a: Incineroar|1
|-damage|p2a: Incineroar|0 fnt
|faint|p2a: Incineroar
|
|-weather|SunnyDay|[upkeep]
|upkeep
|
|t:|1782246258
|switch|p2a: Staraptor|Staraptor, L50, F|100/100
|-ability|p2a: Staraptor|Intimidate|boost
|-unboost|p1a: Crush|atk|1
|-unboost|p1b: Melman|atk|1
|turn|3
|-message|Bidoofsupremacy100 forfeited.
|
|win|scrambledegg62
|raw|scrambledegg62's rating: 1151 → 1166(+15 for winning)
|raw|Bidoofsupremacy100's rating: 1000 → 1000(+0 for losing)
