|j|☆MH14
|j|☆NotGoodTeambuilder
|html|MH14NotGoodTeambuilder    
|uhtml|bestof|Game 2 of a best-of-3
|t:|1757758963
|gametype|doubles
|player|p1|MH14|cheren|1011
|player|p2|NotGoodTeambuilder|benga|1016
|gen|9
|tier|[Gen 9] VGC 2025 Reg H (Bo3)
|rated|
|rule|Species Clause: Limit one of each Pokémon
|rule|Item Clause: Limit 1 of each item
|clearpoke
|poke|p1|Typhlosion, L50, F|
|poke|p1|Bronzong, L50|
|poke|p1|Ursaluna, L50, M|
|poke|p1|Murkrow, L50, M|
|poke|p1|Sinistcha, L50|
|poke|p1|Dragonite, L50, M|
|poke|p2|Charizard, L50, M|
|poke|p2|Hatterene, L50, F|
|poke|p2|Gallade, L50, M|
|poke|p2|Torkoal, L50, M|
|poke|p2|Ursaluna, L50, M|
|poke|p2|Indeedee-F, L50, F|
|teampreview|4
|showteam|p1|Typhlosion||ChoiceSpecs|FlashFire|Eruption,Flamethrower,SolarBeam,FocusBlast|||F|||50|,,,,,Fire]Bronzong||Leftovers|Levitate|HeavySlam,TrickRoom,BodyPress,Protect||||||50|,,,,,Fighting]Ursaluna||FlameOrb|Guts|Earthquake,HeadlongRush,Facade,Protect|||M|||50|,,,,,Ghost]Murkrow||Eviolite|Prankster|Snarl,Tailwind,Haze,SunnyDay|||M|||50|,,,,,Ghost]Sinistcha||RockyHelmet|Hospitality|MatchaGotcha,ShadowBall,LifeDew,RagePowder||||||50|,,,,,Water]Dragonite||ChoiceBand|InnerFocus|TeraBlast,ExtremeSpeed,IceSpinner,LowKick|||M|||50|,,,,,Flying
|showteam|p2|Charizard||ChoiceScarf|SolarPower|HeatWave,AirSlash,WeatherBall,ScorchingSands|||M|||50|,,,,,Fire]Hatterene||LifeOrb|MagicBounce|ExpandingForce,DazzlingGleam,TrickRoom,Protect|||F|||50|,,,,,Water]Gallade||ClearAmulet|Sharpness|PsychoCut,SacredSword,TrickRoom,WideGuard|||M|||50|,,,,,Grass]Torkoal||EjectPack|Drought|Overheat,ClearSmog,HelpingHand,Protect|||M|||50|,,,,,Flying]Ursaluna||FlameOrb|Guts|HeadlongRush,Earthquake,Facade,Protect|||M|||50|,,,,,Ghost]Indeedee-F||SafetyGoggles|PsychicSurge|TrickRoom,FollowMe,Protect,Psyshock|||F|||50|,,,,,Fairy
|inactive|Battle timer is ON: inactive players will automatically lose when time's up. (requested by NotGoodTeambuilder)
|inactive|MH14 has 60 seconds left.
|inactive|MH14 has 30 seconds left.
|inactive|MH14 has 20 seconds left.
|inactive|MH14 has 15 seconds left.
|inactive|MH14 has 10 seconds left.
|inactive|MH14 has 5 seconds left.
|
|t:|1757759070
|teamsize|p1|4
|teamsize|p2|4
|start
|switch|p1a: Ursaluna|Ursaluna, L50, M|100/100
|switch|p1b: Murkrow|Murkrow, L50, M|100/100
|switch|p2a: Hatterene|Hatterene, L50, F|100/100
|switch|p2b: Indeedee|Indeedee-F, L50, F|100/100
|-fieldstart|move: Psychic Terrain|[from] ability: Psychic Surge|[of] p2b: Indeedee
|turn|1
|inactive|NotGoodTeambuilder has 30 seconds left.
|inactive|NotGoodTeambuilder has 20 seconds left.
|inactive|NotGoodTeambuilder has 15 seconds left.
|
|t:|1757759113
|move|p1b: Murkrow|Snarl|p2b: Indeedee|[spread] p2a,p2b
|-supereffective|p2b: Indeedee
|-damage|p2a: Hatterene|87/100
|-damage|p2b: Indeedee|75/100
|-unboost|p2a: Hatterene|spa|1
|-unboost|p2b: Indeedee|spa|1
|move|p2b: Indeedee|Psyshock|p1a: Ursaluna
|-damage|p1a: Ursaluna|84/100
|move|p1a: Ursaluna|Earthquake|p2b: Indeedee|[spread] p2a,p2b
|-immune|p1b: Murkrow
|-damage|p2a: Hatterene|36/100
|-damage|p2b: Indeedee|32/100
|move|p2a: Hatterene|Dazzling Gleam|p1a: Ursaluna|[spread] p1a,p1b
|-supereffective|p1b: Murkrow
|-damage|p1a: Ursaluna|54/100
|-damage|p1b: Murkrow|28/100
|-damage|p2a: Hatterene|26/100|[from] item: Life Orb
|
|-status|p1a: Ursaluna|brn|[from] item: Flame Orb
|upkeep
|turn|2
|inactive|NotGoodTeambuilder has 30 seconds left.
|
|t:|1757759146
|move|p1b: Murkrow|Tailwind|p1b: Murkrow
|-sidestart|p1: MH14|move: Tailwind
|move|p1a: Ursaluna|Earthquake|p2b: Indeedee|[spread] p2a,p2b
|-immune|p1b: Murkrow
|-damage|p2a: Hatterene|0 fnt
|-damage|p2b: Indeedee|0 fnt
|faint|p2a: Hatterene
|faint|p2b: Indeedee
|
|-damage|p1a: Ursaluna|48/100 brn|[from] brn
|upkeep
|-message|NotGoodTeambuilder forfeited.
|
|win|MH14
|l|☆NotGoodTeambuilder
|player|p2|
||MH14 is ready for game 3.
||NotGoodTeambuilder is ready for game 3.
|uhtml|next|Next: Game 3 of 3
|l|☆MH14
|player|p1|
