|j|☆KLOEEE
|j|☆EndlessAme
|html|KLOEEEEndlessAme    
|uhtml|bestof|Game 2 of a best-of-3
|t:|1756468823
|gametype|doubles
|player|p1|KLOEEE|caitlin-masters|1080
|player|p2|EndlessAme|lusamine|1064
|gen|9
|tier|[Gen 9] VGC 2025 Reg H (Bo3)
|rated|
|rule|Species Clause: Limit one of each Pokémon
|rule|Item Clause: Limit 1 of each item
|clearpoke
|poke|p1|Sneasler, L50, M|
|poke|p1|Indeedee, L50, M|
|poke|p1|Volcarona, L50, F|
|poke|p1|Gholdengo, L50|
|poke|p1|Annihilape, L50, M|
|poke|p1|Tyranitar, L50, M|
|poke|p2|Amoonguss, L50, F|
|poke|p2|Annihilape, L50, F|
|poke|p2|Whimsicott, L50, F|
|poke|p2|Indeedee, L50, M|
|poke|p2|Sneasler, L50, F|
|poke|p2|Gholdengo, L50|
|teampreview|4
|showteam|p1|Sneasler||PsychicSeed|Unburden|CloseCombat,DireClaw,ThroatChop,Protect|||M|||50|,,,,,Dark]Indeedee||ChoiceScarf|PsychicSurge|ExpandingForce,HyperVoice,Trick,Protect|||M|||50|,,,,,Psychic]Volcarona||SitrusBerry|FlameBody|Overheat,StruggleBug,RagePowder,Tailwind|||F|||50|,,,,,Grass]Gholdengo||LifeOrb|GoodasGold|MakeItRain,ShadowBall,NastyPlot,Protect||||||50|,,,,,Dragon]Annihilape||SafetyGoggles|Defiant|CloseCombat,RageFist,Taunt,FinalGambit|||M|||50|,,,,,Fairy]Tyranitar||AssaultVest|SandStream|RockSlide,KnockOff,TeraBlast,LowKick|||M|||50|,,,,,Flying
|showteam|p2|Amoonguss||SitrusBerry|Regenerator|Spore,RagePowder,PollenPuff,ClearSmog|||F|||50|,,,,,Water]Annihilape||ChoiceScarf|Defiant|RageFist,CloseCombat,Uturn,FinalGambit|||F|||50|,,,,,Stellar]Whimsicott||FocusSash|Prankster|Moonblast,Taunt,Tailwind,Encore|||F|||50|,,,,,Ghost]Indeedee||ChoiceSpecs|PsychicSurge|ExpandingForce,Psychic,HyperVoice,TeraBlast|||M|||50|,,,,,Fighting]Sneasler||PsychicSeed|Unburden|DireClaw,CloseCombat,ThroatChop,Protect|||F|||50|,,,,,Dark]Gholdengo||LifeOrb|GoodasGold|MakeItRain,ShadowBall,NastyPlot,Protect||||||50|,,,,,Steel
|
|t:|1756468845
|teamsize|p1|4
|teamsize|p2|4
|start
|switch|p1a: Gholdengo|Gholdengo, L50|100/100
|switch|p1b: Volcarona|Volcarona, L50, F|100/100
|switch|p2a: Doryoku|Annihilape, L50, F, shiny|100/100
|switch|p2b: Butler Ushiromiya|Indeedee, L50, M|100/100
|-fieldstart|move: Psychic Terrain|[from] ability: Psychic Surge|[of] p2b: Butler Ushiromiya
|turn|1
|
|t:|1756468872
|move|p2a: Doryoku|Final Gambit|p1b: Volcarona
|-damage|p1b: Volcarona|0 fnt
|faint|p2a: Doryoku
|faint|p1b: Volcarona
|move|p2b: Butler Ushiromiya|Expanding Force|p1a: Gholdengo
|-resisted|p1a: Gholdengo
|-damage|p1a: Gholdengo|49/100
|move|p1a: Gholdengo|Shadow Ball|p2b: Butler Ushiromiya
|-immune|p2b: Butler Ushiromiya
|
|upkeep
|
|t:|1756468884
|switch|p1b: Tyranitar|Tyranitar, L50, M|100/100
|switch|p2a: Athyestic|Whimsicott, L50, F, shiny|100/100
|-weather|Sandstorm|[from] ability: Sand Stream|[of] p1b: Tyranitar
|turn|2
|
|t:|1756468907
|switch|p2b: The Rogue|Sneasler, L50, F|100/100
|-enditem|p2b: The Rogue|Psychic Seed
|-boost|p2b: The Rogue|spd|1|[from] item: Psychic Seed
|move|p2a: Athyestic|Moonblast|p1b: Tyranitar
|-supereffective|p1b: Tyranitar
|-damage|p1b: Tyranitar|72/100
|-unboost|p1b: Tyranitar|spa|1
|move|p1a: Gholdengo|Make It Rain|p2a: Athyestic|[spread] p2a,p2b
|-supereffective|p2a: Athyestic
|-enditem|p2a: Athyestic|Focus Sash
|-damage|p2a: Athyestic|1/100
|-damage|p2b: The Rogue|52/100
|-unboost|p1a: Gholdengo|spa|1
|-damage|p1a: Gholdengo|40/100|[from] item: Life Orb
|move|p1b: Tyranitar|Knock Off|p2b: The Rogue
|-resisted|p2b: The Rogue
|-damage|p2b: The Rogue|22/100
|
|-weather|Sandstorm|[upkeep]
|-damage|p2b: The Rogue|16/100|[from] Sandstorm
|-damage|p2a: Athyestic|0 fnt|[from] Sandstorm
|faint|p2a: Athyestic
|upkeep
|
|t:|1756468926
|switch|p2a: Butler Ushiromiya|Indeedee, L50, M|100/100
|turn|3
|
|t:|1756468973
|-terastallize|p2a: Butler Ushiromiya|Fighting
|-terastallize|p1a: Gholdengo|Dragon
|move|p2b: The Rogue|Throat Chop|p1a: Gholdengo
|-damage|p1a: Gholdengo|14/100
|-start|p1a: Gholdengo|Throat Chop|[silent]
|move|p2a: Butler Ushiromiya|Tera Blast|p1b: Tyranitar|[anim] Tera Blast Fighting
|-supereffective|p1b: Tyranitar
|-damage|p1b: Tyranitar|0 fnt
|faint|p1b: Tyranitar
|move|p1a: Gholdengo|Make It Rain|p2b: The Rogue|[spread] p2a,p2b
|-damage|p2a: Butler Ushiromiya|46/100
|-damage|p2b: The Rogue|0 fnt
|-unboost|p1a: Gholdengo|spa|1
|faint|p2b: The Rogue
|-damage|p1a: Gholdengo|4/100|[from] item: Life Orb
|
|-weather|Sandstorm|[upkeep]
|-damage|p2a: Butler Ushiromiya|40/100|[from] Sandstorm
|-damage|p1a: Gholdengo|0 fnt|[from] Sandstorm
|faint|p1a: Gholdengo
|upkeep
|
|t:|1756468982
|switch|p1b: Indeedee|Indeedee, L50, M|100/100
|turn|4
|
|t:|1756468994
|move|p1b: Indeedee|Expanding Force|p2a: Butler Ushiromiya
|-supereffective|p2a: Butler Ushiromiya
|-damage|p2a: Butler Ushiromiya|0 fnt
|faint|p2a: Butler Ushiromiya
|
|win|KLOEEE
|raw|KLOEEE's rating: 1080 → 1107(+27 for winning)
|raw|EndlessAme's rating: 1064 → 1045(-19 for losing)
|c|☆EndlessAme|gg!
