|j|☆PaquitoelBollito
|j|☆miguel lohan
|html|PaquitoelBollitomiguel lohan    
|uhtml|bestof|Game 1 of a best-of-3
|t:|1783877694
|gametype|doubles
|player|p1|PaquitoelBollito|102|1105
|player|p2|miguel lohan|2|1023
|gen|9
|tier|[Gen 9 Champions] VGC 2026 Reg M-B (Bo3)
|rated|
|rule|Species Clause: Limit one of each Pokémon
|rule|Item Clause: Limit 1 of each item
|clearpoke
|poke|p1|Aerodactyl, L50, F|
|poke|p1|Kingambit, L50, M|
|poke|p1|Garchomp, L50, M|
|poke|p1|Farigiraf, L50, F|
|poke|p1|Charizard, L50, F|
|poke|p1|Sylveon, L50, F|
|poke|p2|Swampert, L50, M|
|poke|p2|Archaludon, L50, F|
|poke|p2|Basculegion, L50, M|
|poke|p2|Pelipper, L50, F|
|poke|p2|Floette-Eternal, L50, F|
|poke|p2|Dragonite, L50, F|
|teampreview|4
|showteam|p1|Aerodactyl||Aerodactylite|Unnerve|Tailwind,DualWingbeat,IceFang,RockSlide|Jolly||F|||50|]Kingambit||BlackGlasses|Defiant|SuckerPunch,KowtowCleave,Protect,LowKick|Adamant||M|||50|]Garchomp||LifeOrb|RoughSkin|Protect,DragonClaw,Earthquake,StompingTantrum|Jolly||M|||50|]Farigiraf||SitrusBerry|ArmorTail|PsychicFangs,Thunderbolt,TrickRoom,SunnyDay|Relaxed||F|||50|]Charizard||CharizarditeY|Blaze|Protect,HeatWave,WeatherBall,SolarBeam|Modest||F|||50|]Sylveon||FairyFeather|Pixilate|HyperVoice,Protect,QuickAttack,HyperBeam|Modest||F|||50|
|showteam|p2|Swampert||Swampertite|Torrent|HighHorsepower,IcePunch,WaveCrash,Protect|Adamant||M|||50|]Archaludon||Magnet|Sturdy|ElectroShot,DragonPulse,FlashCannon,Protect|Modest||F|||50|]Basculegion||MuscleBand|SwiftSwim|AquaJet,WaveCrash,LastRespects,Protect|Adamant||M|||50|]Pelipper||DampRock|Drizzle|Hurricane,Tailwind,WeatherBall,WideGuard|Quiet||F|||50|]Floette-Eternal||Floettite|FlowerVeil|PollenPuff,Moonblast,GrassKnot,Protect|Modest||F|||50|]Dragonite||Dragoninite|Multiscale|DragonPulse,Hurricane,Thunder,FireBlast|Serious||F|||50|
|inactive|Battle timer is ON: inactive players will automatically lose when time's up. (requested by PaquitoelBollito)
|
|t:|1783877712
|teamsize|p1|4
|teamsize|p2|4
|start
|switch|p1a: Farigiraf|Farigiraf, L50, F|100/100
|switch|p1b: Kingambit|Kingambit, L50, M|100/100
|switch|p2a: Swampert|Swampert, L50, M|100/100
|switch|p2b: Pelipper|Pelipper, L50, F|100/100
|-weather|RainDance|[from] ability: Drizzle|[of] p2b: Pelipper
|turn|1
|inactive|miguel lohan has 30 seconds left.
|
|t:|1783877740
|detailschange|p2a: Swampert|Swampert-Mega, L50, M
|-mega|p2a: Swampert|Swampert|Swampertite
|move|p1b: Kingambit|Protect|p1b: Kingambit
|-singleturn|p1b: Kingambit|Protect
|move|p2a: Swampert|Wave Crash|p1a: Farigiraf
|-damage|p1a: Farigiraf|12/100
|-enditem|p1a: Farigiraf|Sitrus Berry|[eat]
|-heal|p1a: Farigiraf|37/100|[from] item: Sitrus Berry
|-damage|p2a: Swampert|63/100|[from] Recoil
|move|p2b: Pelipper|Weather Ball|p1a: Farigiraf
|-damage|p1a: Farigiraf|0 fnt
|faint|p1a: Farigiraf
|
|-weather|RainDance|[upkeep]
|upkeep
|
|t:|1783877753
|switch|p1a: Charizard|Charizard, L50, F|100/100
|turn|2
|
|t:|1783877774
|switch|p2b: Basculegion|Basculegion, L50, M|100/100
|detailschange|p1a: Charizard|Charizard-Mega-Y, L50, F
|-mega|p1a: Charizard|Charizard|Charizardite Y
|-weather|SunnyDay|[from] ability: Drought|[of] p1a: Charizard
|move|p1a: Charizard|Solar Beam||[still]
|-prepare|p1a: Charizard|Solar Beam
|-anim|p1a: Charizard|Solar Beam|p2a: Swampert
|-supereffective|p2a: Swampert|2
|-damage|p2a: Swampert|0 fnt
|faint|p2a: Swampert
|move|p1b: Kingambit|Low Kick|p2b: Basculegion
|-immune|p2b: Basculegion
|
|-weather|SunnyDay|[upkeep]
|upkeep
|
|t:|1783877792
|switch|p2a: Floette|Floette-Eternal, L50, F|100/100
|turn|3
|inactive|miguel lohan has 30 seconds left.
|inactive|PaquitoelBollito has 30 seconds left.
|
|t:|1783877833
|switch|p1a: Sylveon|Sylveon, L50, F|100/100
|move|p2a: Floette|Protect|p2a: Floette
|-singleturn|p2a: Floette|Protect
|move|p2b: Basculegion|Aqua Jet|p1a: Sylveon
|-damage|p1a: Sylveon|87/100
|move|p1b: Kingambit|Kowtow Cleave|p2a: Floette
|-activate|p2a: Floette|move: Protect
|
|-weather|SunnyDay|[upkeep]
|upkeep
|turn|4
|l|☆miguel lohan
|inactive|miguel lohan disconnected and has a minute to reconnect!
|player|p2|
|inactive|miguel lohan has 30 seconds left.
|inactive|miguel lohan has 20 seconds left.
|inactive|miguel lohan has 15 seconds left.
|inactive|miguel lohan has 10 seconds left.
|inactive|miguel lohan has 5 seconds left.
|-message|miguel lohan lost due to inactivity.
|
|win|PaquitoelBollito
