|j|☆hp_45
|j|☆egeppl6no.1
|html|hp_45egeppl6no.1    
|uhtml|bestof|Game 1 of a best-of-3
|t:|1756441565
|gametype|doubles
|player|p1|hp_45|170|1071
|player|p2|egeppl6no.1|silver|1049
|gen|9
|tier|[Gen 9] VGC 2025 Reg H (Bo3)
|rated|
|rule|Species Clause: Limit one of each Pokémon
|rule|Item Clause: Limit 1 of each item
|clearpoke
|poke|p1|Bronzong, L50|
|poke|p1|Incineroar, L50, M|
|poke|p1|Amoonguss, L50, F|
|poke|p1|Primarina, L50, F|
|poke|p1|Ursaluna, L50, F|
|poke|p1|Gholdengo, L50|
|poke|p2|Gyarados, L50, M|
|poke|p2|Sneasler, L50, F|
|poke|p2|Indeedee, L50, M|
|poke|p2|Volcarona, L50, F|
|poke|p2|Ursaluna-Bloodmoon, L50, M|
|poke|p2|Tyranitar, L50, M|
|teampreview|4
|showteam|p1|Bronzong||CovertCloak|Levitate|TrickRoom,IceSpinner,GyroBall,Reflect||||||50|,,,,,Electric]Incineroar||SafetyGoggles|Intimidate|FakeOut,PartingShot,FlareBlitz,KnockOff|||M|||50|,,,,,Ghost]Amoonguss||SitrusBerry|Regenerator|Protect,Spore,RagePowder,PollenPuff|||F|||50|,,,,,Fairy]Primarina||LifeOrb|Torrent|Protect,HyperVoice,Moonblast,Haze|||F|||50|,,,,,Steel]Ursaluna||FlameOrb|Guts|Protect,Earthquake,Facade,HeadlongRush|||F|||50|,,,,,Dragon]Gholdengo||ChoiceSpecs|GoodasGold|MakeItRain,ShadowBall,Thunderbolt,DazzlingGleam||||||50|,,,,,Normal
|showteam|p2|Gyarados||SafetyGoggles|Intimidate|Taunt,ThunderWave,Waterfall,Protect|||M|||50|,,,,,Steel]Sneasler||PsychicSeed|Unburden|CloseCombat,DireClaw,ThroatChop,Protect|||F|||50|,,,,,Dark]Indeedee||ChoiceScarf|PsychicSurge|ExpandingForce,TeraBlast,Trick,Protect|||M|||50|,,,,,Psychic]Volcarona||SitrusBerry|FlameBody|Overheat,StruggleBug,RagePowder,Tailwind|||F|||50|,,,,,Grass]Ursaluna-Bloodmoon||LifeOrb|MindsEye|HyperVoice,BloodMoon,EarthPower,Protect|||M|||50|,,,,,Normal]Tyranitar||AssaultVest|SandStream|LowKick,TeraBlast,KnockOff,RockSlide|||M|||50|,,,,,Flying
|inactive|Battle timer is ON: inactive players will automatically lose when time's up. (requested by hp_45)
|
|t:|1756441627
|teamsize|p1|4
|teamsize|p2|4
|start
|switch|p1a: Gholdengo|Gholdengo, L50|100/100
|switch|p1b: Bronzong|Bronzong, L50|100/100
|switch|p2a: Indeedee|Indeedee, L50, M, shiny|100/100
|switch|p2b: Sneasler|Sneasler, L50, F|100/100
|-fieldstart|move: Psychic Terrain|[from] ability: Psychic Surge|[of] p2a: Indeedee
|-enditem|p2b: Sneasler|Psychic Seed
|-boost|p2b: Sneasler|spd|1|[from] item: Psychic Seed
|turn|1
|inactive|hp_45 has 30 seconds left.
|
|t:|1756441656
|move|p2b: Sneasler|Throat Chop|p1b: Bronzong
|-supereffective|p1b: Bronzong
|-damage|p1b: Bronzong|45/100
|move|p2a: Indeedee|Expanding Force|p1b: Bronzong|[spread] p1a,p1b
|-resisted|p1a: Gholdengo
|-resisted|p1b: Bronzong
|-damage|p1a: Gholdengo|75/100
|-damage|p1b: Bronzong|32/100
|move|p1a: Gholdengo|Make It Rain|p2b: Sneasler|[spread] p2a,p2b
|-crit|p2b: Sneasler
|-damage|p2a: Indeedee|0 fnt
|-damage|p2b: Sneasler|0 fnt
|-unboost|p1a: Gholdengo|spa|1
|faint|p2a: Indeedee
|faint|p2b: Sneasler
|move|p1b: Bronzong|Ice Spinner|p2: Indeedee|[notarget]
|-fail|p1b: Bronzong
|
|upkeep
|
|t:|1756441670
|switch|p2b: Ursaluna|Ursaluna-Bloodmoon, L50, M|100/100
|switch|p2a: Gyarados|Gyarados, L50, M, shiny|100/100
|-ability|p2a: Gyarados|Intimidate|boost
|-unboost|p1a: Gholdengo|atk|1
|-unboost|p1b: Bronzong|atk|1
|turn|2
|inactive|egeppl6no.1 has 30 seconds left.
|
|t:|1756441701
|switch|p1a: Primarina|Primarina, L50, F|100/100
|move|p2a: Gyarados|Waterfall|p1b: Bronzong
|-damage|p1b: Bronzong|6/100
|move|p2b: Ursaluna|Hyper Voice|p1a: Primarina|[spread] p1a,p1b
|-resisted|p1b: Bronzong
|-damage|p1a: Primarina|54/100
|-damage|p1b: Bronzong|0 fnt
|faint|p1b: Bronzong
|-damage|p2b: Ursaluna|91/100|[from] item: Life Orb
|
|upkeep
|
|t:|1756441716
|switch|p1b: Gholdengo|Gholdengo, L50|75/100
|turn|3
|inactive|hp_45 has 30 seconds left.
|inactive|hp_45 has 20 seconds left.
|inactive|hp_45 has 15 seconds left.
|
|t:|1756441760
|-terastallize|p1b: Gholdengo|Normal
|-terastallize|p2b: Ursaluna|Normal
|move|p1b: Gholdengo|Make It Rain|p2b: Ursaluna|[spread] p2a,p2b
|-resisted|p2a: Gyarados
|-damage|p2a: Gyarados|67/100
|-damage|p2b: Ursaluna|3/100
|-unboost|p1b: Gholdengo|spa|1
|move|p2a: Gyarados|Taunt|p1a: Primarina
|-start|p1a: Primarina|move: Taunt
|move|p1a: Primarina|Hyper Voice|p2a: Gyarados|[spread] p2a,p2b
|-damage|p2a: Gyarados|41/100
|-damage|p2b: Ursaluna|0 fnt
|faint|p2b: Ursaluna
|-damage|p1a: Primarina|44/100|[from] item: Life Orb
|
|upkeep
|turn|4
|-message|egeppl6no.1 forfeited.
|
|win|hp_45
||egeppl6no.1 is ready for game 2.
||hp_45 is ready for game 2.
|uhtml|next|Next: Game 2 of 3
