|j|☆RedAllay
|j|☆ProfeYoung
|html|RedAllayProfeYoung    
|uhtml|bestof|Game 1 of a best-of-3
|t:|1783705375
|gametype|doubles
|player|p1|RedAllay|gladion|1078
|player|p2|ProfeYoung|1|1000
|gen|9
|tier|[Gen 9 Champions] VGC 2026 Reg M-B (Bo3)
|rated|
|rule|Species Clause: Limit one of each Pokémon
|rule|Item Clause: Limit 1 of each item
|clearpoke
|poke|p1|Floette-Eternal, L50, F|
|poke|p1|Mamoswine, L50, M|
|poke|p1|Grimmsnarl, L50, M|
|poke|p1|Incineroar, L50, F|
|poke|p1|Milotic, L50, M|
|poke|p1|Venusaur, L50, F|
|poke|p2|Hawlucha, L50, M|
|poke|p2|Glalie, L50, M|
|poke|p2|Maushold, L50|
|poke|p2|Vivillon, L50, F|
|poke|p2|Kangaskhan, L50, F|
|poke|p2|Aerodactyl, L50, M|
|teampreview|4
|showteam|p1|Floette-Eternal||Floettite|FlowerVeil|Moonblast,DazzlingGleam,CalmMind,Protect|Modest||F|||50|]Mamoswine||LifeOrb|Oblivious|IcicleCrash,HighHorsepower,IceShard,Protect|Adamant||M|||50|]Grimmsnarl||LightClay|Prankster|SpiritBreak,Reflect,LightScreen,FakeOut|Impish||M|||50|]Incineroar||SitrusBerry|Intimidate|FlareBlitz,ThroatChop,PartingShot,FakeOut|Impish||F|||50|]Milotic||Leftovers|Competitive|Scald,IcyWind,HelpingHand,Protect|Timid||M|||50|]Venusaur||Venusaurite|Chlorophyll|GigaDrain,SludgeBomb,EarthPower,Protect|Modest||F|||50|
|showteam|p2|Hawlucha||Hawluchanite|Unburden|Entrainment,Coaching,HelpingHand,Detect|Jolly||M|||50|]Glalie||FocusSash|Moody|SheerCold,Explosion,IceFang,BodySlam|Jolly||M|||50|]Maushold||Leftovers|FriendGuard|BatonPass,ChillingWater,Facade,HyperVoice|Serious|||||50|]Vivillon||LifeOrb|ShieldDust|DrainingKiss,GigaDrain,Protect,Rest|Serious||F|||50|]Kangaskhan||ChoiceScarf|Scrappy|LastResort|Jolly||F|||50|]Aerodactyl||MentalHerb|Unnerve|RockSlide,Tailwind,Taunt,Roost|Jolly||M|||50|
|inactive|Battle timer is ON: inactive players will automatically lose when time's up. (requested by RedAllay)
|
|t:|1783705402
|teamsize|p1|4
|teamsize|p2|4
|start
|switch|p1a: Floette|Floette-Eternal, L50, F|100/100
|switch|p1b: Grimmsnarl|Grimmsnarl, L50, M|100/100
|switch|p2a: Kangaskhan|Kangaskhan, L50, F|100/100
|switch|p2b: Aerodactyl|Aerodactyl, L50, M|100/100
|-ability|p2b: Aerodactyl|Unnerve
|turn|1
|inactive|ProfeYoung has 30 seconds left.
|inactive|RedAllay has 30 seconds left.
|
|t:|1783705434
|detailschange|p1a: Floette|Floette-Mega, L50, F
|-mega|p1a: Floette|Floette|Floettite
|-ability|p1a: Floette|Fairy Aura
|move|p1b: Grimmsnarl|Fake Out|p2b: Aerodactyl
|-resisted|p2b: Aerodactyl|1
|-damage|p2b: Aerodactyl|91/100
|move|p2a: Kangaskhan|Last Resort||[still]
|-fail|p2a: Kangaskhan
|cant|p2b: Aerodactyl|flinch
|move|p1a: Floette|Calm Mind|p1a: Floette
|-boost|p1a: Floette|spa|1
|-boost|p1a: Floette|spd|1
|
|upkeep
|turn|2
|-message|ProfeYoung forfeited.
|raw|RedAllay's rating: 1078 → 1100(+22 for winning)
|raw|ProfeYoung's rating: 1000 → 1000(+0 for losing)
|
|win|RedAllay
|l|☆ProfeYoung
|player|p2|
|c|☆RedAllay|Poor guy doesnt know how last resort works lol
