|j|☆Saicam16
|j|☆nicoledollanganger
|html|Saicam16nicoledollanganger    
|uhtml|bestof|Game 2 of a best-of-3
|t:|1783974402
|gametype|doubles
|player|p1|Saicam16|266|1111
|player|p2|nicoledollanganger|lady|1047
|gen|9
|tier|[Gen 9 Champions] VGC 2026 Reg M-B (Bo3)
|rated|
|rule|Species Clause: Limit one of each Pokémon
|rule|Item Clause: Limit 1 of each item
|clearpoke
|poke|p1|Farigiraf, L50, M|
|poke|p1|Incineroar, L50, M, shiny|
|poke|p1|Froslass, L50, F|
|poke|p1|Primarina, L50, M|
|poke|p1|Sneasler, L50, M|
|poke|p1|Kingambit, L50, F|
|poke|p2|Audino, L50, M, shiny|
|poke|p2|Espeon, L50, F|
|poke|p2|Alcremie-Ruby-Cream, L50, F|
|poke|p2|Florges-Yellow, L50, F, shiny|
|poke|p2|Klefki, L50, M, shiny|
|poke|p2|Sinistcha, L50|
|teampreview|4
|showteam|p1|Farigiraf||ColburBerry|SapSipper|FoulPlay,Protect,TrickRoom,Psychic|Modest||M|||50|]Incineroar||SitrusBerry|Intimidate|FakeOut,FlareBlitz,DarkestLariat,PartingShot|Careful||M|||50|]Froslass||Froslassite|CursedBody|Protect,ShadowBall,IceBeam,Thunderbolt|Timid||F|||50|]Primarina||MysticWater|LiquidVoice|HyperVoice,Moonblast,Haze,Protect|Modest||M|||50|]Sneasler||FocusSash|Unburden|Protect,DireClaw,Uturn,CloseCombat|Adamant||M|||50|]Kingambit||BlackGlasses|Defiant|KowtowCleave,LowKick,SuckerPunch,Protect|Adamant||F|||50|
|showteam|p2|Audino||Audinite|Regenerator|DrainingKiss,IcyWind,SimpleBeam,CalmMind|Bold||M|||50|]Espeon||WiseGlasses|MagicBounce|Psychic,DrainingKiss,PsychUp,BatonPass|Modest||F|||50|]Alcremie-Ruby-Cream||Leftovers|SweetVeil|DrainingKiss,PsychUp,Decorate,HelpingHand|Serious||F|||50|]Florges-Yellow||ChoiceScarf|FlowerVeil|MistyExplosion,MistyTerrain|Modest||F|||50|]Klefki||LifeOrb|Prankster|FlashCannon,DazzlingGleam,PsychUp,Protect|Serious||M|||50|]Sinistcha||MentalHerb|Hospitality|LifeDew,RagePowder,MatchaGotcha,PsychUp|Serious|||||50|
|inactive|Battle timer is ON: inactive players will automatically lose when time's up. (requested by Saicam16)
|
|t:|1783974439
|teamsize|p1|4
|teamsize|p2|4
|start
|switch|p1a: Froslass|Froslass, L50, F|100/100
|switch|p1b: Primarina|Primarina, L50, M|100/100
|switch|p2a: Audino|Audino, L50, M, shiny|100/100
|switch|p2b: Espeon|Espeon, L50, F|100/100
|turn|1
|
|t:|1783974463
|detailschange|p1a: Froslass|Froslass-Mega, L50, F
|-mega|p1a: Froslass|Froslass|Froslassite
|-weather|Snowscape|[from] ability: Snow Warning|[of] p1a: Froslass
|move|p1a: Froslass|Shadow Ball|p2b: Espeon
|-supereffective|p2b: Espeon|1
|-damage|p2b: Espeon|25/100
|move|p2b: Espeon|Draining Kiss|p1a: Froslass
|-damage|p1a: Froslass|79/100
|-heal|p2b: Espeon|40/100|[from] drain|[of] p1a: Froslass
|move|p1b: Primarina|Hyper Voice|p2b: Espeon|[spread] p2a,p2b
|-damage|p2a: Audino|56/100
|-damage|p2b: Espeon|0 fnt
|faint|p2b: Espeon
|move|p2a: Audino|Simple Beam|p2: Espeon|[notarget]
|-fail|p2a: Audino
|
|-weather|Snowscape|[upkeep]
|upkeep
|
|t:|1783974479
|switch|p2b: Florges|Florges-Yellow, L50, F, shiny|100/100
|turn|2
|
|t:|1783974506
|detailschange|p2a: Audino|Audino-Mega, L50, M, shiny
|-mega|p2a: Audino|Audino|Audinite
|move|p2b: Florges|Misty Explosion|p1a: Froslass|[spread] p2a,p1a,p1b
|-damage|p2a: Audino|32/100
|-damage|p1a: Froslass|32/100
|-damage|p1b: Primarina|67/100
|faint|p2b: Florges
|move|p1a: Froslass|Ice Beam|p2a: Audino
|-damage|p2a: Audino|1/100
|move|p1b: Primarina|Hyper Voice|p2a: Audino
|-damage|p2a: Audino|0 fnt
|faint|p2a: Audino
|
|-weather|Snowscape|[upkeep]
|upkeep
|
|t:|1783974522
|switch|p2a: Klefki|Klefki, L50, M, shiny|100/100
|turn|3
|
|t:|1783974530
|move|p1a: Froslass|Ice Beam|p2a: Klefki
|-resisted|p2a: Klefki|1
|-damage|p2a: Klefki|74/100
|move|p2a: Klefki|Flash Cannon|p1a: Froslass
|-supereffective|p1a: Froslass|1
|-damage|p1a: Froslass|0 fnt
|faint|p1a: Froslass
|-damage|p2a: Klefki|64/100|[from] item: Life Orb
|move|p1b: Primarina|Hyper Voice|p2a: Klefki
|-damage|p2a: Klefki|0 fnt
|faint|p2a: Klefki
|
|win|Saicam16
|raw|Saicam16's rating: 1111 → 1131(+20 for winning)
|raw|nicoledollanganger's rating: 1047 → 1033(-14 for losing)
