|j|☆Harry Koekenpan
|j|☆CrystalGem02
|html|Harry KoekenpanCrystalGem02    
|uhtml|bestof|Game 3 of a best-of-3
|t:|1755541180
|gametype|doubles
|player|p1|Harry Koekenpan|266|1207
|player|p2|CrystalGem02|valerie|1239
|gen|9
|tier|[Gen 9] VGC 2025 Reg H (Bo3)
|rated|
|rule|Species Clause: Limit one of each Pokémon
|rule|Item Clause: Limit 1 of each item
|clearpoke
|poke|p1|Toedscruel, L50, F|
|poke|p1|Weezing-Galar, L50, F|
|poke|p1|Garchomp, L50, F|
|poke|p1|Kilowattrel, L50, M|
|poke|p1|Weavile, L50, F|
|poke|p1|Typhlosion-Hisui, L50, F|
|poke|p2|Gholdengo, L50|
|poke|p2|Incineroar, L50, F|
|poke|p2|Amoonguss, L50, M|
|poke|p2|Basculegion, L50, M|
|poke|p2|Pelipper, L50, F|
|poke|p2|Archaludon, L50, M|
|teampreview|4
|showteam|p1|Toedscruel||CovertCloak|MyceliumMight|Spore,RagePowder,AcidSpray,EarthPower|||F|||50|,,,,,Water]Weezing-Galar||ChoiceSpecs|NeutralizingGas|DazzlingGleam,SludgeBomb,StrangeSteam,TeraBlast|||F|||50|,,,,,Water]Garchomp||LifeOrb|RoughSkin|Protect,Earthquake,DragonClaw,StompingTantrum|||F|||50|,,,,,Ground]Kilowattrel||FocusSash|Competitive|Discharge,AirSlash,Tailwind,Protect|||M|||50|,,,,,Ghost]Weavile||WideLens|Pressure|TripleAxel,KnockOff,FakeOut,Protect|||F|||50|,,,,,Ghost]Typhlosion-Hisui||ChoiceScarf|Blaze|Eruption,HeatWave,ShadowBall,SleepTalk|||F|||50|,,,,,Fire
|showteam|p2|Gholdengo||LifeOrb|GoodasGold|MakeItRain,ShadowBall,NastyPlot,Protect||||||50|,,,,,Water]Incineroar||SafetyGoggles|Intimidate|KnockOff,PartingShot,Taunt,FakeOut|||F|||50|,,,,,Ghost]Amoonguss||SitrusBerry|Regenerator|PollenPuff,RagePowder,Spore,Protect|||M|||50|,,,,,Fairy]Basculegion||ChoiceBand|SwiftSwim|WaveCrash,LastRespects,AquaJet,FlipTurn|||M|||50|,,,,,Water]Pelipper||FocusSash|Drizzle|WeatherBall,Hurricane,Tailwind,Protect|||F|||50|,,,,,Ground]Archaludon||AssaultVest|Stamina|DragonPulse,ElectroShot,FlashCannon,BodyPress|||M|||50|,,,,,Bug
|inactive|Battle timer is ON: inactive players will automatically lose when time's up. (requested by Harry Koekenpan)
|inactive|CrystalGem02 has 60 seconds left.
|
|t:|1755541232
|teamsize|p1|4
|teamsize|p2|4
|start
|switch|p1a: Weezing|Weezing-Galar, L50, F|100/100
|switch|p1b: Typhlosion|Typhlosion-Hisui, L50, F|100/100
|switch|p2a: Incineroar|Incineroar, L50, F|100/100
|switch|p2b: The goat|Gholdengo, L50|100/100
|-ability|p1a: Weezing|Neutralizing Gas
|turn|1
|inactive|Harry Koekenpan has 30 seconds left.
|inactive|CrystalGem02 has 30 seconds left.
|
|t:|1755541267
|switch|p1b: Garchomp|Garchomp, L50, F|100/100
|-terastallize|p2b: The goat|Water
|-terastallize|p1a: Weezing|Water
|move|p2b: The goat|Make It Rain|p1a: Weezing|[spread] p1a,p1b
|-resisted|p1a: Weezing
|-damage|p1a: Weezing|60/100
|-damage|p1b: Garchomp|34/100
|-unboost|p2b: The goat|spa|1
|-damage|p2b: The goat|91/100|[from] item: Life Orb
|move|p2a: Incineroar|Knock Off|p1b: Garchomp
|-damage|p1b: Garchomp|0 fnt
|-enditem|p1b: Garchomp|Life Orb|[from] move: Knock Off|[of] p2a: Incineroar
|faint|p1b: Garchomp
|move|p1a: Weezing|Tera Blast|p2a: Incineroar|[anim] Tera Blast Water
|-supereffective|p2a: Incineroar
|-damage|p2a: Incineroar|32/100
|
|upkeep
|
|t:|1755541289
|switch|p1b: Kilowattrel|Kilowattrel, L50, M|100/100
|turn|2
|
|t:|1755541310
|-end|p1a: Weezing|ability: Neutralizing Gas
|-ability|p2a: Incineroar|Intimidate|boost
|-unboost|p1a: Weezing|atk|1
|-unboost|p1b: Kilowattrel|atk|1
|-ability|p1b: Kilowattrel|Competitive|boost
|-boost|p1b: Kilowattrel|spa|2
|switch|p1a: Typhlosion|Typhlosion-Hisui, L50, F|100/100
|move|p1b: Kilowattrel|Discharge|p2a: Incineroar|[spread] p1a,p2a,p2b
|-supereffective|p2b: The goat
|-damage|p1a: Typhlosion|24/100
|-damage|p2a: Incineroar|0 fnt
|-damage|p2b: The goat|0 fnt
|faint|p2a: Incineroar
|faint|p2b: The goat
|
|upkeep
|
|t:|1755541323
|switch|p2b: PippoPelippo|Pelipper, L50, F|100/100
|switch|p2a: Phantom|Basculegion, L50, M|100/100
|-weather|RainDance|[from] ability: Drizzle|[of] p2b: PippoPelippo
|turn|3
|inactive|CrystalGem02 has 30 seconds left.
|
|t:|1755541352
|switch|p1a: Weezing|Weezing-Galar, L50, F, tera:Water|60/100
|-ability|p1a: Weezing|Neutralizing Gas
|move|p2a: Phantom|Aqua Jet|p1a: Weezing
|-resisted|p1a: Weezing
|-damage|p1a: Weezing|39/100
|move|p1b: Kilowattrel|Discharge|p2a: Phantom|[spread] p1a,p2a,p2b
|-supereffective|p1a: Weezing
|-supereffective|p2a: Phantom
|-supereffective|p2b: PippoPelippo
|-damage|p1a: Weezing|0 fnt
|-damage|p2a: Phantom|0 fnt
|-enditem|p2b: PippoPelippo|Focus Sash
|-damage|p2b: PippoPelippo|1/100
|faint|p1a: Weezing
|-end|p1a: Weezing|ability: Neutralizing Gas
|faint|p2a: Phantom
|move|p2b: PippoPelippo|Tailwind|p2b: PippoPelippo
|-sidestart|p2: CrystalGem02|move: Tailwind
|
|-weather|RainDance|[upkeep]
|upkeep
|
|t:|1755541369
|switch|p1a: Typhlosion|Typhlosion-Hisui, L50, F|24/100
|turn|4
|-message|CrystalGem02 forfeited.
|
|win|Harry Koekenpan
|raw|Harry Koekenpan's rating: 1207 → 1234(+27 for winning)
|raw|CrystalGem02's rating: 1239 → 1212(-27 for losing)
|l|☆CrystalGem02
|player|p2|
