|j|☆RangerVictor16
|j|☆Fr3gsy
|html|RangerVictor16Fr3gsy    
|uhtml|bestof|Game 3 of a best-of-3
|t:|1756566803
|gametype|doubles
|player|p1|RangerVictor16|pokemonranger-gen4|1051
|player|p2|Fr3gsy|giovanni|1129
|gen|9
|tier|[Gen 9] VGC 2025 Reg H (Bo3)
|rated|
|rule|Species Clause: Limit one of each Pokémon
|rule|Item Clause: Limit 1 of each item
|clearpoke
|poke|p1|Indeedee, L50, M|
|poke|p1|Delphox, L50, M|
|poke|p1|Sneasler, L50, F|
|poke|p1|Murkrow, L50, M|
|poke|p1|Dragapult, L50, M|
|poke|p1|Maushold-Four, L50|
|poke|p2|Incineroar, L50, F|
|poke|p2|Indeedee-F, L50, F|
|poke|p2|Armarouge, L50, M|
|poke|p2|Dragapult, L50, F|
|poke|p2|Whimsicott, L50, F|
|poke|p2|Ursaluna-Bloodmoon, L50, M|
|teampreview|4
|showteam|p1|Indeedee||FocusSash|PsychicSurge|ExpandingForce,TeraBlast,Imprison,TrickRoom|||M|||50|,,,,,Fighting]Delphox||LifeOrb|Blaze|HeatWave,ExpandingForce,Overheat,Protect|||M|||50|,,,,,Fire]Sneasler||PsychicSeed|Unburden|DireClaw,CloseCombat,ThroatChop,Protect|||F|||50|,,,,,Dark]Murkrow||Eviolite|Prankster|Tailwind,Haze,SunnyDay,FoulPlay|||M|||50|,,,,,Ghost]Dragapult||ChoiceBand|ClearBody|DragonDarts,Outrage,Uturn,BreakingSwipe|||M|||50|,,,,,Dragon]Maushold-Four||WideLens|Technician|PopulationBomb,Taunt,FollowMe,Protect||||||50|,,,,,Ghost
|showteam|p2|Incineroar||SafetyGoggles|Intimidate|FakeOut,PartingShot,FlareBlitz,KnockOff|||F|||50|,,,,,Ghost]Indeedee-F||PsychicSeed|PsychicSurge|HelpingHand,FollowMe,DazzlingGleam,HealPulse|||F|||50|,,,,,Fairy]Armarouge||LifeOrb|FlashFire|HeatWave,ExpandingForce,Protect,TrickRoom|||M|||50|,,,,,Grass]Dragapult||ChoiceBand|ClearBody|DragonDarts,TeraBlast,Uturn,SuckerPunch|||F|||50|,,,,,Ghost]Whimsicott||FocusSash|Prankster|Moonblast,Encore,Tailwind,Taunt|||F|||50|,,,,,Ghost]Ursaluna-Bloodmoon||ChoiceSpecs|MindsEye|BloodMoon,HyperVoice,EarthPower,Moonblast|||M|||50|,,,,,Normal
|inactive|Battle timer is ON: inactive players will automatically lose when time's up. (requested by RangerVictor16)
|inactive|RangerVictor16 has 60 seconds left.
|inactive|RangerVictor16 has 30 seconds left.
|
|t:|1756566864
|teamsize|p1|4
|teamsize|p2|4
|start
|switch|p1a: Dragapult|Dragapult, L50, M|100/100
|switch|p1b: Murkrow|Murkrow, L50, M|100/100
|switch|p2a: Incineroar|Incineroar, L50, F, shiny|100/100
|switch|p2b: Armarouge|Armarouge, L50, M, shiny|100/100
|-ability|p2a: Incineroar|Intimidate|boost
|-fail|p1a: Dragapult|unboost|[from] ability: Clear Body|[of] p1a: Dragapult
|-unboost|p1b: Murkrow|atk|1
|turn|1
|inactive|RangerVictor16 has 30 seconds left.
|inactive|RangerVictor16 has 20 seconds left.
|inactive|RangerVictor16 has 15 seconds left.
|inactive|RangerVictor16 has 10 seconds left.
|inactive|RangerVictor16 has 5 seconds left.
|
|t:|1756566915
|-terastallize|p1a: Dragapult|Dragon
|move|p2b: Armarouge|Protect|p2b: Armarouge
|-singleturn|p2b: Armarouge|Protect
|move|p1b: Murkrow|Tailwind|p1b: Murkrow
|-sidestart|p1: RangerVictor16|move: Tailwind
|move|p1a: Dragapult|Outrage|p2a: Incineroar
|-damage|p2a: Incineroar|0 fnt
|faint|p2a: Incineroar
|
|upkeep
|
|t:|1756566928
|switch|p2a: Whimsicott|Whimsicott, L50, F, shiny|100/100
|turn|2
|
|t:|1756566946
|switch|p1b: Indeedee|Indeedee, L50, M|100/100
|-fieldstart|move: Psychic Terrain|[from] ability: Psychic Surge|[of] p1b: Indeedee
|move|p2a: Whimsicott|Tailwind|p2a: Whimsicott
|-sidestart|p2: Fr3gsy|move: Tailwind
|move|p1a: Dragapult|Outrage|p2b: Armarouge|[from] lockedmove
|-damage|p2b: Armarouge|0 fnt
|faint|p2b: Armarouge
|
|upkeep
|
|t:|1756566958
|switch|p2b: Dragapult|Dragapult, L50, F|100/100
|turn|3
|
|t:|1756566973
|move|p1a: Dragapult|Outrage|p2b: Dragapult|[from] lockedmove
|-supereffective|p2b: Dragapult
|-damage|p2b: Dragapult|0 fnt
|faint|p2b: Dragapult
|-start|p1a: Dragapult|confusion|[fatigue]
|move|p1b: Indeedee|Expanding Force|p2a: Whimsicott
|-enditem|p2a: Whimsicott|Focus Sash
|-damage|p2a: Whimsicott|1/100
|move|p2a: Whimsicott|Moonblast|p1a: Dragapult
|-supereffective|p1a: Dragapult
|-damage|p1a: Dragapult|0 fnt
|faint|p1a: Dragapult
|
|upkeep
|
|t:|1756566988
|switch|p1a: Sneasler|Sneasler, L50, F|100/100
|-enditem|p1a: Sneasler|Psychic Seed
|-boost|p1a: Sneasler|spd|1|[from] item: Psychic Seed
|turn|4
|
|t:|1756566997
|move|p1a: Sneasler|Dire Claw|p2a: Whimsicott
|-supereffective|p2a: Whimsicott
|-damage|p2a: Whimsicott|0 fnt
|faint|p2a: Whimsicott
|
|win|RangerVictor16
|raw|RangerVictor16's rating: 1051 → 1090(+39 for winning)
|raw|Fr3gsy's rating: 1129 → 1098(-31 for losing)
|l|☆Fr3gsy
|player|p2|
|l|☆RangerVictor16
|player|p1|
|j|☆RangerVictor16
|player|p1|RangerVictor16|pokemonranger-gen4|
|l|☆RangerVictor16
|player|p1|
|j|☆RangerVictor16
|player|p1|RangerVictor16|pokemonranger-gen4|
