|j|☆dfjkhbf
|j|☆gustavlund
|html|dfjkhbfgustavlund    
|uhtml|bestof|Game 2 of a best-of-3
|t:|1755478283
|gametype|doubles
|player|p1|dfjkhbf|dawn|1178
|player|p2|gustavlund|giovanni|1464
|gen|9
|tier|[Gen 9] VGC 2025 Reg H (Bo3)
|rated|
|rule|Species Clause: Limit one of each Pokémon
|rule|Item Clause: Limit 1 of each item
|clearpoke
|poke|p1|Weezing-Galar, L50, F|
|poke|p1|Toedscruel, L50, F|
|poke|p1|Typhlosion-Hisui, L50, F|
|poke|p1|Kommo-o, L50, F|
|poke|p1|Talonflame, L50, F|
|poke|p1|Dragapult, L50, F|
|poke|p2|Sneasler, L50, M|
|poke|p2|Baxcalibur, L50, F|
|poke|p2|Volcarona, L50, F|
|poke|p2|Rillaboom, L50, M|
|poke|p2|Incineroar, L50, F|
|poke|p2|Kingambit, L50, F|
|teampreview|4
|showteam|p1|Weezing-Galar||LifeOrb|NeutralizingGas|Protect,DazzlingGleam,SludgeBomb,StrangeSteam|||F|||50|,,,,,Water]Toedscruel||CovertCloak|MyceliumMight|Spore,RagePowder,Taunt,EarthPower|||F|||50|,,,,,Water]Typhlosion-Hisui||ChoiceScarf|Blaze|Eruption,HeatWave,Flamethrower,ShadowBall|||F|||50|,,,,,Fire]Kommo-o||Leftovers|Overcoat|Protect,BodyPress,FlashCannon,IronDefense|||F|||50|,,,,,Steel]Talonflame||SharpBeak|GaleWings|Protect,BraveBird,WillOWisp,Tailwind|||F|||50|,,,,,Ghost]Dragapult||FocusSash|ClearBody|Protect,DragonDarts,SuckerPunch,PhantomForce|||F|||50|,,,,,Dragon
|showteam|p2|Sneasler||FocusSash|Unburden|CloseCombat,DireClaw,Coaching,FakeOut|||M|||50|,,,,,Stellar]Baxcalibur||LoadedDice|ThermalExchange|ScaleShot,IcicleSpear,HighHorsepower,Protect|||F|||50|,,,,,Ghost]Volcarona||Leftovers|FlameBody|HeatWave,TeraBlast,QuiverDance,Protect|||F|||50|,,,,,Fairy]Rillaboom||MiracleSeed|GrassySurge|WoodHammer,GrassyGlide,HighHorsepower,FakeOut|||M|||50|,,,,,Water]Incineroar||AssaultVest|Intimidate|FlareBlitz,KnockOff,Uturn,FakeOut|||F|||50|,,,,,Grass]Kingambit||SafetyGoggles|Defiant|KowtowCleave,SuckerPunch,SwordsDance,Protect|||F|||50|,,,,,Ghost
|inactive|Battle timer is ON: inactive players will automatically lose when time's up. (requested by gustavlund)
|inactive|dfjkhbf also wants the timer to be on.
|inactive|dfjkhbf has 60 seconds left.
|
|t:|1755478322
|teamsize|p1|4
|teamsize|p2|4
|start
|switch|p1a: Kommo-o|Kommo-o, L50, F|100/100
|switch|p1b: Typhlosion|Typhlosion-Hisui, L50, F|100/100
|switch|p2a: Incineroar|Incineroar, L50, F|100/100
|switch|p2b: Sneasler|Sneasler, L50, M|100/100
|-ability|p2a: Incineroar|Intimidate|boost
|-unboost|p1a: Kommo-o|atk|1
|-unboost|p1b: Typhlosion|atk|1
|turn|1
|
|t:|1755478339
|move|p2a: Incineroar|Fake Out|p1a: Kommo-o
|-damage|p1a: Kommo-o|91/100
|move|p1b: Typhlosion|Heat Wave|p2b: Sneasler|[spread] p2a,p2b
|-resisted|p2a: Incineroar
|-damage|p2a: Incineroar|89/100
|-damage|p2b: Sneasler|50/100
|move|p2b: Sneasler|Dire Claw|p1a: Kommo-o
|-damage|p1a: Kommo-o|61/100
|cant|p1a: Kommo-o|flinch
|
|-heal|p1a: Kommo-o|68/100|[from] item: Leftovers
|upkeep
|turn|2
|inactive|gustavlund has 30 seconds left.
|inactive|gustavlund has 20 seconds left.
|inactive|gustavlund has 15 seconds left.
|
|t:|1755478381
|switch|p2b: Baxcalibur|Baxcalibur, L50, F|100/100
|move|p1b: Typhlosion|Heat Wave|p2b: Baxcalibur|[spread] p2a,p2b
|-resisted|p2a: Incineroar
|-damage|p2a: Incineroar|77/100
|-damage|p2b: Baxcalibur|60/100
|-ability|p2b: Baxcalibur|Thermal Exchange|boost
|-boost|p2b: Baxcalibur|atk|1
|move|p1a: Kommo-o|Iron Defense|p1a: Kommo-o
|-boost|p1a: Kommo-o|def|2
|move|p2a: Incineroar|Knock Off|p1b: Typhlosion
|-supereffective|p1b: Typhlosion
|-damage|p1b: Typhlosion|0 fnt
|-enditem|p1b: Typhlosion|Choice Scarf|[from] move: Knock Off|[of] p2a: Incineroar
|faint|p1b: Typhlosion
|
|-heal|p1a: Kommo-o|74/100|[from] item: Leftovers
|upkeep
|inactive|dfjkhbf has 30 seconds left.
|
|t:|1755478414
|switch|p1b: Dragapult|Dragapult, L50, F|100/100
|turn|3
|
|t:|1755478438
|switch|p2a: Sneasler|Sneasler, L50, M|50/100
|-terastallize|p1a: Kommo-o|Steel
|move|p2b: Baxcalibur|Protect|p2b: Baxcalibur
|-singleturn|p2b: Baxcalibur|Protect
|move|p1b: Dragapult|Dragon Darts|p2a: Sneasler
|-damage|p2a: Sneasler|4/100
|-anim|p1b: Dragapult|Dragon Darts|p2a: Sneasler
|-damage|p2a: Sneasler|0 fnt
|faint|p2a: Sneasler
|move|p1a: Kommo-o|Iron Defense|p1a: Kommo-o
|-boost|p1a: Kommo-o|def|2
|
|-heal|p1a: Kommo-o|80/100|[from] item: Leftovers
|upkeep
|
|t:|1755478454
|switch|p2a: Incineroar|Incineroar, L50, F|77/100
|-ability|p2a: Incineroar|Intimidate|boost
|-unboost|p1a: Kommo-o|atk|1
|-fail|p1b: Dragapult|unboost|[from] ability: Clear Body|[of] p1b: Dragapult
|turn|4
|
|t:|1755478472
|-terastallize|p2b: Baxcalibur|Ghost
|move|p1b: Dragapult|Protect|p1b: Dragapult
|-singleturn|p1b: Dragapult|Protect
|move|p1a: Kommo-o|Protect|p1a: Kommo-o
|-singleturn|p1a: Kommo-o|Protect
|move|p2a: Incineroar|Fake Out|p1a: Kommo-o
|-activate|p1a: Kommo-o|move: Protect
|move|p2b: Baxcalibur|Scale Shot|p1b: Dragapult
|-activate|p1b: Dragapult|move: Protect
|
|-heal|p1a: Kommo-o|86/100|[from] item: Leftovers
|upkeep
|turn|5
|-message|gustavlund forfeited.
|
|win|dfjkhbf
|raw|dfjkhbf's rating: 1178 → 1220(+42 for winning)
|raw|gustavlund's rating: 1464 → 1430(-34 for losing)
|l|☆gustavlund
|player|p2|
