|j|☆TMJS01
|j|☆naibot2814
|html|TMJS01naibot2814    
|uhtml|bestof|Game 1 of a best-of-3
|t:|1782498071
|gametype|doubles
|player|p1|TMJS01|unknown|1356
|player|p2|naibot2814|ghetsis|1407
|gen|9
|tier|[Gen 9 Champions] VGC 2026 Reg M-B (Bo3)
|rated|
|rule|Species Clause: Limit one of each Pokémon
|rule|Item Clause: Limit 1 of each item
|clearpoke
|poke|p1|Sinistcha, L50|
|poke|p1|Incineroar, L50, F|
|poke|p1|Garchomp, L50, M|
|poke|p1|Floette-Eternal, L50, F|
|poke|p1|Delphox, L50, M|
|poke|p1|Kingambit, L50, M|
|poke|p2|Metagross, L50, shiny|
|poke|p2|Sneasler, L50, M|
|poke|p2|Incineroar, L50, M|
|poke|p2|Hydreigon, L50, M|
|poke|p2|Aerodactyl, L50, M|
|poke|p2|Floette-Eternal, L50, F|
|teampreview|4
|showteam|p1|Sinistcha||KasibBerry|Hospitality|MatchaGotcha,RagePowder,TrickRoom,LifeDew|Relaxed|||||50|]Incineroar||ChopleBerry|Intimidate|ThroatChop,FlareBlitz,PartingShot,FakeOut|Impish||F|||50|]Garchomp||LifeOrb|RoughSkin|ScaleShot,StompingTantrum,Protect,RockTomb|Jolly||M|||50|]Floette-Eternal||Floettite|FlowerVeil|Protect,CalmMind,Moonblast,DazzlingGleam|Modest||F|||50|]Delphox||Delphoxite|Blaze|NastyPlot,HeatWave,Psyshock,Protect|Timid||M|||50|]Kingambit||FocusSash|Defiant|SuckerPunch,IronHead,KowtowCleave,LowKick|Brave||M|||50|
|showteam|p2|Metagross||Metagrossite|ClearBody|IronHead,PsychicFangs,BodyPress,Protect|Jolly|||||50|]Sneasler||WhiteHerb|Unburden|DireClaw,FakeOut,CloseCombat,Coaching|Jolly||M|||50|]Incineroar||PasshoBerry|Intimidate|FakeOut,FlareBlitz,DarkestLariat,PartingShot|Careful||M|||50|]Hydreigon||ChoiceScarf|Levitate|DracoMeteor,DarkPulse,Flamethrower,Snarl|Modest||M|||50|]Aerodactyl||FocusSash|Unnerve|RockSlide,DualWingbeat,Tailwind,WideGuard|Jolly||M|||50|]Floette-Eternal||Floettite|FlowerVeil|DrainingKiss,DazzlingGleam,CalmMind,Protect|Modest||F|||50|
|inactive|Battle timer is ON: inactive players will automatically lose when time's up. (requested by TMJS01)
|inactive|TMJS01 has 60 seconds left.
|inactive|naibot2814 has 60 seconds left.
|
|t:|1782498115
|teamsize|p1|4
|teamsize|p2|4
|start
|switch|p1a: Delphox|Delphox, L50, M|100/100
|switch|p1b: Garchomp|Garchomp, L50, M|100/100
|switch|p2a: Sneasler|Sneasler, L50, M|100/100
|switch|p2b: Hydreigon|Hydreigon, L50, M|100/100
|turn|1
|
|t:|1782498128
|move|p1b: Garchomp|Protect|p1b: Garchomp
|-singleturn|p1b: Garchomp|Protect
|move|p1a: Delphox|Protect|p1a: Delphox
|-singleturn|p1a: Delphox|Protect
|move|p2a: Sneasler|Fake Out|p1a: Delphox
|-activate|p1a: Delphox|move: Protect
|move|p2b: Hydreigon|Draco Meteor|p1b: Garchomp
|-activate|p1b: Garchomp|move: Protect
|
|upkeep
|turn|2
|
|t:|1782498146
|switch|p2a: Aerodactyl|Aerodactyl, L50, M|100/100
|-ability|p2a: Aerodactyl|Unnerve
|detailschange|p1a: Delphox|Delphox-Mega, L50, M
|-mega|p1a: Delphox|Delphox|Delphoxite
|move|p2b: Hydreigon|Draco Meteor|p1b: Garchomp
|-supereffective|p1b: Garchomp|1
|-damage|p1b: Garchomp|0 fnt
|-unboost|p2b: Hydreigon|spa|2
|faint|p1b: Garchomp
|move|p1a: Delphox|Psyshock|p2a: Aerodactyl
|-damage|p2a: Aerodactyl|24/100
|
|upkeep
|
|t:|1782498170
|switch|p1b: Kingambit|Kingambit, L50, M|100/100
|turn|3
|
|t:|1782498178
|switch|p2b: Sneasler|Sneasler, L50, M|100/100
|move|p1a: Delphox|Heat Wave|p2a: Aerodactyl|[spread] p2a,p2b
|-resisted|p2a: Aerodactyl|1
|-damage|p2a: Aerodactyl|0 fnt
|-damage|p2b: Sneasler|42/100
|-status|p2b: Sneasler|brn
|faint|p2a: Aerodactyl
|move|p1b: Kingambit|Iron Head|p2b: Sneasler
|-damage|p2b: Sneasler|0 fnt
|faint|p2b: Sneasler
|
|upkeep
|-message|naibot2814 forfeited.
|
|win|TMJS01
|l|☆naibot2814
|player|p2|
||TMJS01 is ready for game 2.
||naibot2814 is ready for game 2.
|uhtml|next|Next: Game 2 of 3
