|j|☆thorton506
|j|☆ban1106
|html|thorton506ban1106    
|uhtml|bestof|Game 2 of a best-of-3
|t:|1783554270
|gametype|doubles
|player|p1|thorton506|fantina|
|player|p2|ban1106|brawly|
|gen|9
|tier|[Gen 9 Champions] VGC 2026 Reg M-B (Bo3)
|rule|Species Clause: Limit one of each Pokémon
|rule|Item Clause: Limit 1 of each item
|clearpoke
|poke|p1|Swampert, L50, M, shiny|
|poke|p1|Pelipper, L50, M, shiny|
|poke|p1|Archaludon, L50, M, shiny|
|poke|p1|Sinistcha, L50, shiny|
|poke|p1|Grimmsnarl, L50, M, shiny|
|poke|p1|Floette-Eternal, L50, F|
|poke|p2|Charizard, L50, M|
|poke|p2|Mawile, L50, M|
|poke|p2|Basculegion, L50, M|
|poke|p2|Garchomp, L50, M|
|poke|p2|Whimsicott, L50, F|
|poke|p2|Farigiraf, L50, F|
|teampreview|4
|showteam|p1|Swampert||Swampertite|Torrent|WaveCrash,Earthquake,IcePunch,Protect|Adamant||M|||50|]Pelipper||SitrusBerry|Drizzle|WeatherBall,Tailwind,Hurricane,WideGuard|Modest||M|||50|]Archaludon||Leftovers|Stamina|DragonPulse,ElectroShot,FlashCannon,Protect|Modest||M|||50|]Sinistcha||CobaBerry|Hospitality|MatchaGotcha,LifeDew,Protect,RagePowder|Relaxed|||||50|]Grimmsnarl||LightClay|Prankster|FoulPlay,PartingShot,Reflect,LightScreen|Careful||M|||50|]Floette-Eternal||Floettite|FlowerVeil|Moonblast,DazzlingGleam,CalmMind,Protect|Modest||F|||50|
|showteam|p2|Charizard||CharizarditeY|Blaze|WeatherBall,HeatWave,SolarBeam,Protect|Timid||M|||50|]Mawile||Mawilite|HyperCutter|PlayRough,SuckerPunch,BrickBreak,Protect|Adamant||M|||50|]Basculegion||MysticWater|Adaptability|WaveCrash,LastRespects,AquaJet,Protect|Adamant||M|||50|]Garchomp||LifeOrb|RoughSkin|Earthquake,DragonClaw,RockSlide,Protect|Jolly||M|||50|]Whimsicott||FocusSash|Prankster|Moonblast,Encore,Tailwind,Protect|Timid||F|||50|]Farigiraf||SitrusBerry|ArmorTail|TwinBeam,Thunderbolt,TrickRoom,HelpingHand|Bold||F|||50|
|inactive|Battle timer is ON: inactive players will automatically lose when time's up. (requested by thorton506)
|
|t:|1783554302
|teamsize|p1|4
|teamsize|p2|4
|start
|switch|p1a: Swampert|Swampert, L50, M, shiny|100/100
|switch|p1b: Grimmsnarl|Grimmsnarl, L50, M, shiny|100/100
|switch|p2a: Mawile|Mawile, L50, M|100/100
|switch|p2b: Farigiraf|Farigiraf, L50, F|100/100
|turn|1
|inactive|ban1106 has 30 seconds left.
|inactive|thorton506 has 30 seconds left.
|inactive|ban1106 has 20 seconds left.
|inactive|ban1106 has 15 seconds left.
|inactive|ban1106 has 10 seconds left.
|inactive|ban1106 has 5 seconds left.
|
|t:|1783554354
|switch|p1b: Pelipper|Pelipper, L50, M, shiny|100/100
|-weather|RainDance|[from] ability: Drizzle|[of] p1b: Pelipper
|detailschange|p1a: Swampert|Swampert-Mega, L50, M, shiny
|-mega|p1a: Swampert|Swampert|Swampertite
|detailschange|p2a: Mawile|Mawile-Mega, L50, M
|-mega|p2a: Mawile|Mawile|Mawilite
|move|p1a: Swampert|Earthquake|p2b: Farigiraf|[spread] p2a,p2b
|-immune|p1b: Pelipper
|-supereffective|p2a: Mawile|1
|-damage|p2a: Mawile|10/100
|-damage|p2b: Farigiraf|62/100
|move|p2a: Mawile|Brick Break|p1b: Pelipper
|-resisted|p1b: Pelipper|1
|-damage|p1b: Pelipper|75/100
|move|p2b: Farigiraf|Trick Room|p2b: Farigiraf
|-fieldstart|move: Trick Room|[of] p2b: Farigiraf
|
|-weather|RainDance|[upkeep]
|upkeep
|turn|2
|inactive|thorton506 has 30 seconds left.
|inactive|ban1106 has 30 seconds left.
|inactive|thorton506 has 20 seconds left.
|inactive|thorton506 has 15 seconds left.
|inactive|thorton506 has 10 seconds left.
|
|t:|1783554406
|move|p2a: Mawile|Protect|p2a: Mawile
|-singleturn|p2a: Mawile|Protect
|move|p2b: Farigiraf|Twin Beam|p1a: Swampert
|-damage|p1a: Swampert|87/100
|-damage|p1a: Swampert|74/100
|-hitcount|p1a: Swampert|2
|move|p1b: Pelipper|Hurricane|p2b: Farigiraf
|-damage|p2b: Farigiraf|26/100
|-enditem|p2b: Farigiraf|Sitrus Berry|[eat]
|-heal|p2b: Farigiraf|51/100|[from] item: Sitrus Berry
|move|p1a: Swampert|Earthquake|p2a: Mawile|[spread] p2b
|-activate|p2a: Mawile|move: Protect
|-immune|p1b: Pelipper
|-damage|p2b: Farigiraf|15/100
|
|-weather|RainDance|[upkeep]
|upkeep
|turn|3
|inactive|ban1106 has 30 seconds left.
|
|t:|1783554438
|switch|p1a: Grimmsnarl|Grimmsnarl, L50, M, shiny|100/100
|move|p2b: Farigiraf|Thunderbolt|p1b: Pelipper
|-supereffective|p1b: Pelipper|2
|-crit|p1b: Pelipper
|-damage|p1b: Pelipper|0 fnt
|faint|p1b: Pelipper
|move|p2a: Mawile|Play Rough|p1a: Grimmsnarl
|-supereffective|p1a: Grimmsnarl|1
|-damage|p1a: Grimmsnarl|0 fnt
|faint|p1a: Grimmsnarl
|
|-weather|RainDance|[upkeep]
|upkeep
|
|t:|1783554448
|switch|p1a: Archaludon|Archaludon, L50, M, shiny|100/100
|switch|p1b: Swampert|Swampert-Mega, L50, M, shiny|74/100
|turn|4
|inactive|ban1106 has 30 seconds left.
|
|t:|1783554474
|move|p2b: Farigiraf|Twin Beam|p1b: Swampert
|-damage|p1b: Swampert|61/100
|-damage|p1b: Swampert|49/100
|-hitcount|p1b: Swampert|2
|move|p2a: Mawile|Play Rough|p1b: Swampert
|-damage|p1b: Swampert|0 fnt
|faint|p1b: Swampert
|move|p1a: Archaludon|Electro Shot||[still]
|-prepare|p1a: Archaludon|Electro Shot
|-boost|p1a: Archaludon|spa|1
|-anim|p1a: Archaludon|Electro Shot|p2a: Mawile
|-damage|p2a: Mawile|0 fnt
|faint|p2a: Mawile
|
|-weather|RainDance|[upkeep]
|upkeep
|
|t:|1783554493
|switch|p2a: Garchomp|Garchomp, L50, M|100/100
|turn|5
|
|t:|1783554516
|move|p2b: Farigiraf|Helping Hand|p2a: Garchomp
|-singleturn|p2a: Garchomp|Helping Hand|[of] p2b: Farigiraf
|move|p1a: Archaludon|Electro Shot||[still]
|-prepare|p1a: Archaludon|Electro Shot
|-boost|p1a: Archaludon|spa|1
|-anim|p1a: Archaludon|Electro Shot|p2b: Farigiraf
|-damage|p2b: Farigiraf|0 fnt
|faint|p2b: Farigiraf
|move|p2a: Garchomp|Earthquake|p1a: Archaludon
|-supereffective|p1a: Archaludon|1
|-damage|p1a: Archaludon|0 fnt
|faint|p1a: Archaludon
|-damage|p2a: Garchomp|90/100|[from] item: Life Orb
|
|win|ban1106
||thorton506 is ready for game 3.
|inactive|ban1106 has 30 seconds to confirm battle start!
|inactive|ban1106 has 20 seconds to confirm battle start!
||ban1106 is ready for game 3.
|uhtml|next|Next: Game 3 of 3
|l|☆ban1106
|player|p2|
|l|☆thorton506
|player|p1|
|j|☆thorton506
|player|p1|thorton506|fantina|
|l|☆thorton506
|player|p1|
|j|☆thorton506
|player|p1|thorton506|fantina|
|l|☆thorton506
|player|p1|
|j|☆ban1106
|player|p2|ban1106|brawly|
