|j|☆almagroalanzarote
|j|☆plsbringregi
|html|almagroalanzaroteplsbringregi    
|uhtml|bestof|Game 2 of a best-of-3
|t:|1784678515
|gametype|doubles
|player|p1|almagroalanzarote|nate|1206
|player|p2|plsbringregi|265|1320
|gen|9
|tier|[Gen 9 Champions] VGC 2026 Reg M-B (Bo3)
|rated|
|rule|Species Clause: Limit one of each Pokémon
|rule|Item Clause: Limit 1 of each item
|clearpoke
|poke|p1|Blastoise, L50, M|
|poke|p1|Delphox, L50, M|
|poke|p1|Sneasler, L50, F|
|poke|p1|Incineroar, L50, M|
|poke|p1|Kingambit, L50, M|
|poke|p1|Sinistcha, L50|
|poke|p2|Kleavor, L50, F|
|poke|p2|Gholdengo, L50|
|poke|p2|Venusaur, L50, M|
|poke|p2|Talonflame, L50, F|
|poke|p2|Sylveon, L50, M|
|poke|p2|Garchomp, L50, M|
|teampreview|4
|showteam|p1|Blastoise||Blastoisinite|RainDish|WaterSpout,DarkPulse,ShellSmash,Protect|Modest||M|||50|]Delphox||Delphoxite|Blaze|HeatWave,Psyshock,NastyPlot,Protect|Timid||M|||50|]Sneasler||FocusSash|PoisonTouch|FakeOut,CloseCombat,DireClaw,QuickGuard|Jolly||F|||50|]Incineroar||SitrusBerry|Intimidate|FakeOut,FlareBlitz,PartingShot,HelpingHand|Impish||M|||50|]Kingambit||BlackGlasses|Defiant|KowtowCleave,SuckerPunch,SwordsDance,Protect|Adamant||M|||50|]Sinistcha||OccaBerry|Hospitality|MatchaGotcha,RagePowder,TrickRoom,Protect|Bold|||||50|
|showteam|p2|Kleavor||FocusSash|Sharpness|StoneAxe,XScissor,CloseCombat,Protect|Jolly||F|||50|]Gholdengo||ChoiceScarf|GoodasGold|ShadowBall,MakeItRain,PowerGem,Trick|Modest|||||50|]Venusaur||Venusaurite|Overgrow|GigaDrain,SludgeBomb,EarthPower,Protect|Modest||M|||50|]Talonflame||LifeOrb|GaleWings|BraveBird,FlareBlitz,Tailwind,Protect|Jolly||F|||50|]Sylveon||FairyFeather|Pixilate|HyperVoice,HyperBeam,QuickAttack,Detect|Modest||M|||50|]Garchomp||SitrusBerry|RoughSkin|Earthquake,DragonClaw,RockSlide,Protect|Jolly||M|||50|
|inactive|Battle timer is ON: inactive players will automatically lose when time's up. (requested by almagroalanzarote)
|inactive|almagroalanzarote has 60 seconds left.
|
|t:|1784678558
|teamsize|p1|4
|teamsize|p2|4
|start
|switch|p1a: Delphox|Delphox, L50, M|100/100
|switch|p1b: Kingambit|Kingambit, L50, M|100/100
|switch|p2a: Gholdengo|Gholdengo, L50|100/100
|switch|p2b: Venusaur|Venusaur, L50, M|100/100
|turn|1
|
|t:|1784678581
|switch|p2a: Talonflame|Talonflame, L50, F|100/100
|switch|p2b: Garchomp|Garchomp, L50, M|100/100
|detailschange|p1a: Delphox|Delphox-Mega, L50, M
|-mega|p1a: Delphox|Delphox|Delphoxite
|move|p1b: Kingambit|Sucker Punch||[still]
|-fail|p1b: Kingambit
|move|p1a: Delphox|Nasty Plot|p1a: Delphox
|-boost|p1a: Delphox|spa|2
|
|upkeep
|turn|2
|
|t:|1784678597
|switch|p1b: Incineroar|Incineroar, L50, M|100/100
|-ability|p1b: Incineroar|Intimidate|boost
|-unboost|p2a: Talonflame|atk|1
|-unboost|p2b: Garchomp|atk|1
|move|p1a: Delphox|Protect|p1a: Delphox
|-singleturn|p1a: Delphox|Protect
|move|p2a: Talonflame|Protect|p2a: Talonflame
|-singleturn|p2a: Talonflame|Protect
|move|p2b: Garchomp|Rock Slide|p1a: Delphox|[spread] p1b
|-activate|p1a: Delphox|move: Protect
|-supereffective|p1b: Incineroar|1
|-damage|p1b: Incineroar|79/100
|
|upkeep
|turn|3
|
|t:|1784678617
|switch|p2a: Gholdengo|Gholdengo, L50|100/100
|move|p1b: Incineroar|Fake Out|p2a: Gholdengo
|-immune|p2a: Gholdengo
|move|p1a: Delphox|Psyshock|p2b: Garchomp
|-damage|p2b: Garchomp|2/100
|-enditem|p2b: Garchomp|Sitrus Berry|[eat]
|-heal|p2b: Garchomp|27/100|[from] item: Sitrus Berry
|move|p2b: Garchomp|Rock Slide|p1b: Incineroar|[spread] p1a,p1b
|-supereffective|p1a: Delphox|1
|-supereffective|p1b: Incineroar|1
|-damage|p1a: Delphox|64/100
|-damage|p1b: Incineroar|56/100
|
|upkeep
|turn|4
|inactive|almagroalanzarote has 30 seconds left.
|inactive|almagroalanzarote has 20 seconds left.
|inactive|plsbringregi has 30 seconds left.
|inactive|almagroalanzarote has 15 seconds left.
|
|t:|1784678662
|switch|p1b: Sinistcha|Sinistcha, L50|100/100
|-heal|p1a: Delphox|89/100|[from] ability: Hospitality|[of] p1b: Sinistcha
|move|p2a: Gholdengo|Shadow Ball|p1b: Sinistcha
|-supereffective|p1b: Sinistcha|1
|-damage|p1b: Sinistcha|1/100
|move|p1a: Delphox|Heat Wave|p2b: Garchomp|[spread] p2a,p2b
|-supereffective|p2a: Gholdengo|1
|-resisted|p2b: Garchomp|1
|-damage|p2a: Gholdengo|0 fnt
|-damage|p2b: Garchomp|0 fnt
|faint|p2a: Gholdengo
|faint|p2b: Garchomp
|
|upkeep
|-message|plsbringregi forfeited.
|
|win|almagroalanzarote
|raw|almagroalanzarote's rating: 1206 → 1239(+33 for winning)
|raw|plsbringregi's rating: 1320 → 1294(-26 for losing)
