|j|☆hexagonfoot
|j|☆archyx
|html|hexagonfootarchyx    
|uhtml|bestof|Game 1 of a best-of-3
|t:|1756757309
|gametype|doubles
|player|p1|hexagonfoot|caitlin|1243
|player|p2|archyx|ethan|1191
|gen|9
|tier|[Gen 9] VGC 2025 Reg H (Bo3)
|rated|
|rule|Species Clause: Limit one of each Pokémon
|rule|Item Clause: Limit 1 of each item
|clearpoke
|poke|p1|Kingambit, L50, M|
|poke|p1|Primarina, L50, M|
|poke|p1|Sneasler, L50, F|
|poke|p1|Magmar, L50, F|
|poke|p1|Rillaboom, L50, F|
|poke|p1|Dragapult, L50, M|
|poke|p2|Dragonite, L50, F|
|poke|p2|Ursaluna-Bloodmoon, L50, M|
|poke|p2|Gholdengo, L50|
|poke|p2|Maushold-Four, L50|
|poke|p2|Annihilape, L50, F|
|poke|p2|Rillaboom, L50, F|
|teampreview|4
|showteam|p1|Kingambit||BlackGlasses|Defiant|KowtowCleave,SuckerPunch,SwordsDance,Protect|||M|||50|,,,,,Ghost]Primarina||SitrusBerry|LiquidVoice|HyperVoice,Moonblast,Haze,Protect|||M|||50|,,,,,Water]Sneasler||FocusSash|PoisonTouch|CloseCombat,DireClaw,FakeOut,Protect|||F|||50|,,,,,Stellar]Magmar||Eviolite|VitalSpirit|Overheat,WillOWisp,FollowMe,Protect|||F|||50|,,,,,Ghost]Rillaboom||AssaultVest|GrassySurge|WoodHammer,GrassyGlide,HighHorsepower,FakeOut|||F|||50|,,,,,Fire]Dragapult||ChoiceBand|ClearBody|DragonDarts,PhantomForce,TeraBlast,Uturn|||M|||50|,,,,,Ghost
|showteam|p2|Dragonite||LoadedDice|Multiscale|ScaleShot,Tailwind,Haze,Protect|||F|||50|,,,,,Steel]Ursaluna-Bloodmoon||AssaultVest|MindsEye|BloodMoon,EarthPower,HyperVoice,VacuumWave|||M|||50|,,,,,Water]Gholdengo||LifeOrb|GoodasGold|MakeItRain,ShadowBall,NastyPlot,Protect||||||50|,,,,,Water]Maushold-Four||FocusSash|FriendGuard|SuperFang,FollowMe,BeatUp,Protect||||||50|,,,,,Ghost]Annihilape||SitrusBerry|Defiant|RageFist,DrainPunch,BulkUp,Protect|||F|||50|,,,,,Fire]Rillaboom||MiracleSeed|GrassySurge|WoodHammer,GrassyGlide,HighHorsepower,FakeOut|||F|||50|,,,,,Fire
|inactive|Battle timer is ON: inactive players will automatically lose when time's up. (requested by hexagonfoot)
|inactive|hexagonfoot has 60 seconds left.
|inactive|archyx has 60 seconds left.
|inactive|hexagonfoot has 30 seconds left.
|inactive|archyx has 30 seconds left.
|inactive|hexagonfoot has 20 seconds left.
|inactive|archyx has 20 seconds left.
|inactive|archyx has 15 seconds left.
|inactive|archyx has 10 seconds left.
|inactive|archyx has 5 seconds left.
|
|t:|1756757401
|teamsize|p1|4
|teamsize|p2|4
|start
|switch|p1a: Syon Lane|Magmar, L50, F|100/100
|switch|p1b: Slough|Sneasler, L50, F|100/100
|switch|p2a: Maushold|Maushold-Four, L50|100/100
|switch|p2b: Annihilape|Annihilape, L50, F|100/100
|turn|1
|inactive|archyx has 30 seconds left.
|
|t:|1756757435
|-terastallize|p2b: Annihilape|Fire
|move|p1b: Slough|Close Combat|p2a: Maushold
|-supereffective|p2a: Maushold
|-enditem|p2a: Maushold|Focus Sash
|-damage|p2a: Maushold|1/100
|-unboost|p1b: Slough|def|1
|-unboost|p1b: Slough|spd|1
|move|p2a: Maushold|Super Fang|p1b: Slough|[miss]
|-miss|p2a: Maushold|p1b: Slough
|move|p2b: Annihilape|Bulk Up|p2b: Annihilape
|-boost|p2b: Annihilape|atk|1
|-boost|p2b: Annihilape|def|1
|move|p1a: Syon Lane|Will-O-Wisp|p2b: Annihilape
|-immune|p2b: Annihilape
|
|upkeep
|turn|2
|inactive|hexagonfoot has 30 seconds left.
|inactive|archyx has 30 seconds left.
|inactive|archyx has 20 seconds left.
|inactive|archyx has 15 seconds left.
|inactive|archyx has 10 seconds left.
|
|t:|1756757481
|move|p2a: Maushold|Protect|p2a: Maushold
|-singleturn|p2a: Maushold|Protect
|move|p1a: Syon Lane|Protect|p1a: Syon Lane
|-singleturn|p1a: Syon Lane|Protect
|move|p1b: Slough|Dire Claw|p2a: Maushold
|-activate|p2a: Maushold|move: Protect
|move|p2b: Annihilape|Bulk Up|p2b: Annihilape
|-boost|p2b: Annihilape|atk|1
|-boost|p2b: Annihilape|def|1
|
|upkeep
|turn|3
|
|t:|1756757504
|move|p2a: Maushold|Follow Me|p2a: Maushold
|-singleturn|p2a: Maushold|move: Follow Me
|move|p1a: Syon Lane|Follow Me|p1a: Syon Lane
|-singleturn|p1a: Syon Lane|move: Follow Me
|move|p1b: Slough|Dire Claw|p2a: Maushold
|-damage|p2a: Maushold|0 fnt
|faint|p2a: Maushold
|move|p2b: Annihilape|Drain Punch|p1a: Syon Lane
|-damage|p1a: Syon Lane|48/100
|
|upkeep
|
|t:|1756757516
|switch|p2a: Dragonite|Dragonite, L50, F|100/100
|turn|4
|
|t:|1756757526
|move|p1b: Slough|Dire Claw|p2a: Dragonite
|-damage|p2a: Dragonite|77/100
|-status|p2a: Dragonite|par
|move|p2b: Annihilape|Drain Punch|p1a: Syon Lane
|-damage|p1a: Syon Lane|0 fnt
|faint|p1a: Syon Lane
|cant|p2a: Dragonite|par
|
|upkeep
|-message|hexagonfoot forfeited.
|
|win|archyx
||hexagonfoot is ready for game 2.
||archyx is ready for game 2.
|uhtml|next|Next: Game 2 of 3
