|j|☆alexshyness
|j|☆pruaxx
|html|alexshynesspruaxx    
|uhtml|bestof|Game 1 of a best-of-3
|t:|1783801724
|gametype|doubles
|player|p1|alexshyness|lass-gen4dp|1348
|player|p2|pruaxx|pokemaniac|1356
|gen|9
|tier|[Gen 9 Champions] VGC 2026 Reg M-B (Bo3)
|rated|
|rule|Species Clause: Limit one of each Pokémon
|rule|Item Clause: Limit 1 of each item
|clearpoke
|poke|p1|Incineroar, L50, M|
|poke|p1|Floette-Eternal, L50, F|
|poke|p1|Sinistcha, L50|
|poke|p1|Sneasler, L50, M|
|poke|p1|Blastoise, L50, M|
|poke|p1|Kingambit, L50, M|
|poke|p2|Floette-Eternal, L50, F|
|poke|p2|Sinistcha, L50|
|poke|p2|Incineroar, L50, F|
|poke|p2|Maushold, L50|
|poke|p2|Vivillon, L50, F|
|poke|p2|Delphox, L50, F|
|teampreview|4
|showteam|p1|Incineroar||SitrusBerry|Intimidate|PartingShot,FlareBlitz,HelpingHand,FakeOut|Careful||M|||50|]Floette-Eternal||Floettite|FlowerVeil|Protect,Moonblast,DazzlingGleam,CalmMind|Modest||F|||50|]Sinistcha||OccaBerry|Hospitality|Protect,MatchaGotcha,RagePowder,TrickRoom|Bold|||||50|]Sneasler||FocusSash|PoisonTouch|FakeOut,PoisonJab,CloseCombat,RockTomb|Jolly||M|||50|]Blastoise||Blastoisinite|RainDish|Protect,WaterSpout,DarkPulse,ShellSmash|Modest||M|||50|]Kingambit||LifeOrb|Defiant|Protect,KowtowCleave,SuckerPunch,SwordsDance|Adamant||M|||50|
|showteam|p2|Floette-Eternal||Floettite|FlowerVeil|DrainingKiss,DazzlingGleam,CalmMind,Protect|Modest||F|||50|]Sinistcha||KasibBerry|Hospitality|MatchaGotcha,TrickRoom,LifeDew,RagePowder|Relaxed|||||50|]Incineroar||PasshoBerry|Intimidate|FakeOut,FlareBlitz,DarkestLariat,PartingShot|Impish||F|||50|]Maushold||ChopleBerry|FriendGuard|FollowMe,SuperFang,ThunderWave,Encore|Jolly|||||50|]Vivillon||ChoiceScarf|CompoundEyes|Hurricane,RagePowder,SleepPowder,Tailwind|Timid||F|||50|]Delphox||Delphoxite|Blaze|HeatWave,Psyshock,NastyPlot,Protect|Modest||F|||50|
|inactive|Battle timer is ON: inactive players will automatically lose when time's up. (requested by pruaxx)
|inactive|pruaxx has 60 seconds left.
|
|t:|1783801769
|teamsize|p1|4
|teamsize|p2|4
|start
|switch|p1a: Sneasler|Sneasler, L50, M|100/100
|switch|p1b: Blastoise|Blastoise, L50, M|100/100
|switch|p2a: Delphox|Delphox, L50, F|100/100
|switch|p2b: Vivillon|Vivillon, L50, F|100/100
|turn|1
|
|t:|1783801785
|detailschange|p2a: Delphox|Delphox-Mega, L50, F
|-mega|p2a: Delphox|Delphox|Delphoxite
|detailschange|p1b: Blastoise|Blastoise-Mega, L50, M
|-mega|p1b: Blastoise|Blastoise|Blastoisinite
|move|p1a: Sneasler|Fake Out|p2b: Vivillon
|-damage|p2b: Vivillon|78/100
|-status|p2b: Vivillon|psn|[from] ability: Poison Touch|[of] p1a: Sneasler
|cant|p2b: Vivillon|flinch
|move|p2a: Delphox|Nasty Plot|p2a: Delphox
|-boost|p2a: Delphox|spa|2
|move|p1b: Blastoise|Shell Smash|p1b: Blastoise
|-unboost|p1b: Blastoise|def|1
|-unboost|p1b: Blastoise|spd|1
|-boost|p1b: Blastoise|atk|2
|-boost|p1b: Blastoise|spa|2
|-boost|p1b: Blastoise|spe|2
|
|-damage|p2b: Vivillon|65/100 psn|[from] psn
|upkeep
|turn|2
|
|t:|1783801810
|switch|p1a: Sinistcha|Sinistcha, L50|100/100
|move|p1b: Blastoise|Water Spout|p2b: Vivillon|[spread] p2a,p2b
|-supereffective|p2a: Delphox|1
|-damage|p2a: Delphox|0 fnt
|-damage|p2b: Vivillon|0 fnt
|faint|p2a: Delphox
|faint|p2b: Vivillon
|
|upkeep
|-message|pruaxx forfeited.
|
|win|alexshyness
|l|☆pruaxx
|player|p2|
||alexshyness is ready for game 2.
||pruaxx is ready for game 2.
|uhtml|next|Next: Game 2 of 3
