|j|☆Joseph Terastalin
|j|☆GionnyBravo
|html|Joseph TerastalinGionnyBravo    
|uhtml|bestof|Game 1 of a best-of-3
|t:|1757680949
|gametype|doubles
|player|p1|Joseph Terastalin|blaine|1155
|player|p2|GionnyBravo|rood|1248
|gen|9
|tier|[Gen 9] VGC 2025 Reg H (Bo3)
|rated|
|rule|Species Clause: Limit one of each Pokémon
|rule|Item Clause: Limit 1 of each item
|clearpoke
|poke|p1|Venusaur, L50, F|
|poke|p1|Torkoal, L50, M|
|poke|p1|Tyranitar, L50, M|
|poke|p1|Farigiraf, L50, F|
|poke|p1|Jumpluff, L50, M|
|poke|p1|Arcanine-Hisui, L50, M|
|poke|p2|Dragonite, L50, M|
|poke|p2|Gholdengo, L50|
|poke|p2|Rillaboom, L50, M|
|poke|p2|Ursaluna-Bloodmoon, L50, M|
|poke|p2|Maushold-Four, L50|
|poke|p2|Annihilape, L50, F|
|teampreview|4
|showteam|p1|Venusaur||LifeOrb|Chlorophyll|Protect,SludgeBomb,GigaDrain,WeatherBall|||F|||50|,,,,,Rock]Torkoal||EjectPack|Drought|Overheat,BodyPress,HelpingHand,Yawn|||M|||50|,,,,,Grass]Tyranitar||AssaultVest|SandStream|RockSlide,KnockOff,TeraBlast,HeavySlam|||M|||50|,,,,,Flying]Farigiraf||ThroatSpray|ArmorTail|Protect,HyperVoice,Psychic,TrickRoom|||F|||50|,,,,,Fairy]Jumpluff||CovertCloak|Chlorophyll|LeafStorm,Tailwind,SunnyDay,RagePowder|||M|||50|,,,,,Water]Arcanine-Hisui||ChoiceBand|Intimidate|FlareBlitz,RockSlide,ExtremeSpeed,TeraBlast|||M|||50|,,,,,Fairy
|showteam|p2|Dragonite||LoadedDice|Multiscale|Tailwind,Haze,Protect,ScaleShot|||M|||50|,,,,,Fairy]Gholdengo||LifeOrb|GoodasGold|MakeItRain,ShadowBall,NastyPlot,Protect||||||50|,,,,,Water]Rillaboom||MiracleSeed|GrassySurge|WoodHammer,GrassyGlide,FakeOut,HighHorsepower|||M|||50|,,,,,Fire]Ursaluna-Bloodmoon||AssaultVest|MindsEye|BloodMoon,EarthPower,HyperVoice,VacuumWave|||M|||50|,,,,,Water]Maushold-Four||FocusSash|FriendGuard|SuperFang,FollowMe,BeatUp,Protect||||||50|,,,,,Ghost]Annihilape||SitrusBerry|Defiant|RageFist,DrainPunch,BulkUp,Protect|||F|||50|,,,,,Fire
|inactive|Battle timer is ON: inactive players will automatically lose when time's up. (requested by GionnyBravo)
|
|t:|1757680998
|teamsize|p1|4
|teamsize|p2|4
|start
|switch|p1a: Jumpluff|Jumpluff, L50, M|100/100
|switch|p1b: Farigiraf|Farigiraf, L50, F|100/100
|switch|p2a: Ursaluna|Ursaluna-Bloodmoon, L50, M|100/100
|switch|p2b: Dragonite|Dragonite, L50, M|100/100
|turn|1
|
|t:|1757681019
|move|p1a: Jumpluff|Leaf Storm|p2a: Ursaluna
|-supereffective|p2a: Ursaluna
|-damage|p2a: Ursaluna|60/100
|-unboost|p1a: Jumpluff|spa|2
|move|p2b: Dragonite|Scale Shot|p1a: Jumpluff
|-damage|p1a: Jumpluff|81/100
|-crit|p1a: Jumpluff
|-damage|p1a: Jumpluff|50/100
|-damage|p1a: Jumpluff|28/100
|-damage|p1a: Jumpluff|9/100
|-damage|p1a: Jumpluff|0 fnt
|faint|p1a: Jumpluff
|-hitcount|p1: Jumpluff|5
|-unboost|p2b: Dragonite|def|1
|-boost|p2b: Dragonite|spe|1
|move|p2a: Ursaluna|Blood Moon|p1b: Farigiraf
|-damage|p1b: Farigiraf|23/100
|move|p1b: Farigiraf|Trick Room|p1b: Farigiraf
|-fieldstart|move: Trick Room|[of] p1b: Farigiraf
|
|upkeep
|
|t:|1757681040
|switch|p1a: Torkoal|Torkoal, L50, M|100/100
|-weather|SunnyDay|[from] ability: Drought|[of] p1a: Torkoal
|turn|2
|
|t:|1757681063
|-terastallize|p2a: Ursaluna|Water
|-terastallize|p1b: Farigiraf|Fairy
|move|p1a: Torkoal|Overheat|p2a: Ursaluna
|-resisted|p2a: Ursaluna
|-crit|p2a: Ursaluna
|-damage|p2a: Ursaluna|33/100
|-unboost|p1a: Torkoal|spa|2
|-enditem|p1a: Torkoal|Eject Pack
|
|t:|1757681066
|switch|p1a: Arcanine|Arcanine-Hisui, L50, M|100/100
|-ability|p1a: Arcanine|Intimidate|boost
|-unboost|p2a: Ursaluna|atk|1
|-unboost|p2b: Dragonite|atk|1
|move|p2a: Ursaluna|Hyper Voice|p1a: Arcanine|[spread] p1a,p1b
|-resisted|p1a: Arcanine
|-crit|p1b: Farigiraf
|-damage|p1a: Arcanine|78/100
|-damage|p1b: Farigiraf|0 fnt
|faint|p1b: Farigiraf
|move|p2b: Dragonite|Scale Shot|p1a: Arcanine
|-damage|p1a: Arcanine|67/100
|-crit|p1a: Arcanine
|-damage|p1a: Arcanine|41/100
|-damage|p1a: Arcanine|30/100
|-damage|p1a: Arcanine|19/100
|-hitcount|p1a: Arcanine|4
|-unboost|p2b: Dragonite|def|1
|-boost|p2b: Dragonite|spe|1
|
|-weather|SunnyDay|[upkeep]
|upkeep
|
|t:|1757681073
|switch|p1b: Torkoal|Torkoal, L50, M|100/100
|turn|3
|
|t:|1757681093
|move|p1b: Torkoal|Body Press|p2a: Ursaluna
|-damage|p2a: Ursaluna|12/100
|move|p2a: Ursaluna|Hyper Voice|p1a: Arcanine|[spread] p1a,p1b
|-resisted|p1a: Arcanine
|-damage|p1a: Arcanine|0 fnt
|-damage|p1b: Torkoal|61/100
|faint|p1a: Arcanine
|move|p2b: Dragonite|Scale Shot|p1b: Torkoal
|-damage|p1b: Torkoal|54/100
|-damage|p1b: Torkoal|47/100
|-damage|p1b: Torkoal|40/100
|-damage|p1b: Torkoal|32/100
|-damage|p1b: Torkoal|25/100
|-hitcount|p1b: Torkoal|5
|-unboost|p2b: Dragonite|def|1
|-boost|p2b: Dragonite|spe|1
|
|-weather|SunnyDay|[upkeep]
|upkeep
|turn|4
|-message|Joseph Terastalin forfeited.
|
|win|GionnyBravo
|l|☆Joseph Terastalin
|player|p1|
||GionnyBravo is ready for game 2.
|inactive|Joseph Terastalin has 30 seconds to confirm battle start!
||Joseph Terastalin is ready for game 2.
|uhtml|next|Next: Game 2 of 3
