|j|☆JonnyNerd
|j|☆DeewompostYT
|html|JonnyNerdDeewompostYT    
|uhtml|bestof|Game 3 of a best-of-3
|t:|1783140068
|gametype|doubles
|player|p1|JonnyNerd|waiter-gen4dp|
|player|p2|DeewompostYT|guitarist|
|gen|9
|tier|[Gen 9 Champions] VGC 2026 Reg M-B (Bo3)
|rule|Species Clause: Limit one of each Pokémon
|rule|Item Clause: Limit 1 of each item
|clearpoke
|poke|p1|Mamoswine, L50, M|
|poke|p1|Sinistcha-Masterpiece, L50|
|poke|p1|Rotom-Wash, L50|
|poke|p1|Froslass, L50, F|
|poke|p1|Blaziken, L50, F|
|poke|p1|Kingambit, L50, F|
|poke|p2|Scovillain, L50, F|
|poke|p2|Grimmsnarl, L50, M|
|poke|p2|Basculegion, L50, M|
|poke|p2|Kingambit, L50, F|
|poke|p2|Garchomp, L50, F|
|poke|p2|Floette-Eternal, L50, F|
|teampreview|4
|showteam|p1|Mamoswine||FocusSash|Oblivious|Protect,HighHorsepower,IceShard,Earthquake|Adamant||M|||50|]Sinistcha-Masterpiece||KasibBerry|Hospitality|TrickRoom,MatchaGotcha,RagePowder,Protect|Relaxed|||||50|]Rotom-Wash||ChoiceScarf|Levitate|Thunderbolt,HydroPump,WillOWisp,Electroweb|Timid|||||50|]Froslass||Froslassite|SnowCloak|Protect,AuroraVeil,Blizzard,ShadowBall|Modest||F|||50|]Blaziken||Blazikenite|SpeedBoost|Protect,CloseCombat,FlareBlitz,RockSlide|Adamant||F|||50|]Kingambit||BlackGlasses|Defiant|Protect,KowtowCleave,SuckerPunch,SwordsDance|Adamant||F|||50|
|showteam|p2|Scovillain||Scovillainite|Moody|RagePowder,Flamethrower,GigaDrain,Protect|Calm||F|||50|]Grimmsnarl||LightClay|Prankster|LightScreen,Reflect,SpiritBreak,PartingShot|Careful||M|||50|]Basculegion||MysticWater|Adaptability|WaveCrash,LastRespects,AquaJet,Protect|Adamant||M|||50|]Kingambit||BlackGlasses|Defiant|KowtowCleave,SuckerPunch,IronHead,Protect|Adamant||F|||50|]Garchomp||LifeOrb|RoughSkin|Earthquake,DragonClaw,RockSlide,Protect|Jolly||F|||50|]Floette-Eternal||Floettite|FlowerVeil|DazzlingGleam,CalmMind,Moonblast,Protect|Modest||F|||50|
|c|☆JonnyNerd|wow
|c|☆JonnyNerd|talk about anime battle ending
|c|☆JonnyNerd|i should have lost that
|
|t:|1783140138
|teamsize|p1|4
|teamsize|p2|4
|start
|switch|p1a: Kingambit|Kingambit, L50, F|100/100
|switch|p1b: Rotom|Rotom-Wash, L50|100/100
|switch|p2a: Scovillain|Scovillain, L50, F|100/100
|switch|p2b: Kingambit|Kingambit, L50, F|100/100
|turn|1
|
|t:|1783140158
|switch|p1b: Froslass|Froslass, L50, F|100/100
|move|p2a: Scovillain|Protect|p2a: Scovillain
|-singleturn|p2a: Scovillain|Protect
|move|p2b: Kingambit|Protect|p2b: Kingambit
|-singleturn|p2b: Kingambit|Protect
|move|p1a: Kingambit|Swords Dance|p1a: Kingambit
|-boost|p1a: Kingambit|atk|2
|
|-ability|p2a: Scovillain|Moody|boost
|-boost|p2a: Scovillain|spa|2
|-unboost|p2a: Scovillain|atk|1
|upkeep
|turn|2
|
|t:|1783140173
|detailschange|p1b: Froslass|Froslass-Mega, L50, F
|-mega|p1b: Froslass|Froslass|Froslassite
|-weather|Snowscape|[from] ability: Snow Warning|[of] p1b: Froslass
|detailschange|p2a: Scovillain|Scovillain-Mega, L50, F
|-mega|p2a: Scovillain|Scovillain|Scovillainite
|move|p1b: Froslass|Blizzard|p2b: Kingambit|[spread] p2a,p2b
|-resisted|p2b: Kingambit|1
|-damage|p2a: Scovillain|57/100
|-damage|p2b: Kingambit|78/100
|-status|p1b: Froslass|brn|[from] ability: Spicy Spray|[of] p2a: Scovillain
|move|p2a: Scovillain|Flamethrower|p1a: Kingambit
|-supereffective|p1a: Kingambit|1
|-damage|p1a: Kingambit|0 fnt
|faint|p1a: Kingambit
|move|p2b: Kingambit|Kowtow Cleave|p1b: Froslass
|-supereffective|p1b: Froslass|1
|-damage|p1b: Froslass|0 fnt
|faint|p1b: Froslass
|
|-weather|Snowscape|[upkeep]
|upkeep
|
|t:|1783140184
|switch|p1b: Blaziken|Blaziken, L50, F|100/100
|switch|p1a: Rotom|Rotom-Wash, L50|100/100
|turn|3
|
|t:|1783140200
|move|p2a: Scovillain|Rage Powder|p2a: Scovillain
|-singleturn|p2a: Scovillain|move: Rage Powder
|move|p1a: Rotom|Thunderbolt|p2a: Scovillain
|-resisted|p2a: Scovillain|1
|-damage|p2a: Scovillain|41/100
|-status|p1a: Rotom|brn|[from] ability: Spicy Spray|[of] p2a: Scovillain
|move|p1b: Blaziken|Flare Blitz|p2a: Scovillain
|-damage|p2a: Scovillain|0 fnt
|-immune|p1b: Blaziken
|faint|p2a: Scovillain
|-damage|p1b: Blaziken|85/100|[from] Recoil
|move|p2b: Kingambit|Kowtow Cleave|p1a: Rotom
|-damage|p1a: Rotom|24/100 brn
|
|-weather|Snowscape|[upkeep]
|-damage|p1a: Rotom|18/100 brn|[from] brn
|-ability|p1b: Blaziken|Speed Boost|boost
|-boost|p1b: Blaziken|spe|1
|upkeep
|c|☆JonnyNerd|welp i fucked up lol gg
|
|t:|1783140218
|switch|p2a: Garchomp|Garchomp, L50, F|100/100
|turn|4
|
|t:|1783140227
|move|p2b: Kingambit|Sucker Punch|p1b: Blaziken
|-resisted|p1b: Blaziken|1
|-damage|p1b: Blaziken|50/100g
|move|p1a: Rotom|Thunderbolt|p2b: Kingambit
|-damage|p2b: Kingambit|35/100
|-status|p2b: Kingambit|par
|move|p1b: Blaziken|Close Combat|p2b: Kingambit
|-supereffective|p2b: Kingambit|2
|-damage|p2b: Kingambit|0 fnt
|-unboost|p1b: Blaziken|def|1
|-unboost|p1b: Blaziken|spd|1
|faint|p2b: Kingambit
|move|p2a: Garchomp|Rock Slide|p1b: Blaziken|[spread] p1a
|-miss|p2a: Garchomp|p1b: Blaziken
|-damage|p1a: Rotom|0 fnt
|faint|p1a: Rotom
|-damage|p2a: Garchomp|90/100|[from] item: Life Orb
|
|-weather|Snowscape|[upkeep]
|-ability|p1b: Blaziken|Speed Boost|boost
|-boost|p1b: Blaziken|spe|1
|upkeep
|
|t:|1783140239
|switch|p2b: Basculegion|Basculegion, L50, M|100/100
|turn|5
|
|t:|1783140244
|move|p2b: Basculegion|Aqua Jet|p1b: Blaziken
|-supereffective|p1b: Blaziken|1
|-damage|p1b: Blaziken|0 fnt
|faint|p1b: Blaziken
|
|win|DeewompostYT
|c|☆JonnyNerd|gg
|c|☆DeewompostYT|gg
|l|☆JonnyNerd
|player|p1|
