|j|☆PR_sVava
|j|☆TerapagosdiNorcia
|html|PR_sVavaTerapagosdiNorcia    
|uhtml|bestof|Game 2 of a best-of-3
|t:|1755550621
|gametype|doubles
|player|p1|PR_sVava|pokemonbreeder-gen4|1372
|player|p2|TerapagosdiNorcia|2|1340
|gen|9
|tier|[Gen 9] VGC 2025 Reg H (Bo3)
|rated|
|rule|Species Clause: Limit one of each Pokémon
|rule|Item Clause: Limit 1 of each item
|clearpoke
|poke|p1|Dondozo, L50, F|
|poke|p1|Tatsugiri, L50, F|
|poke|p1|Indeedee, L50, M|
|poke|p1|Sneasler, L50, M|
|poke|p1|Ursaluna-Bloodmoon, L50, M|
|poke|p1|Talonflame, L50, F|
|poke|p2|Annihilape, L50, M|
|poke|p2|Sneasler, L50, M|
|poke|p2|Whimsicott, L50, M|
|poke|p2|Delphox, L50, F|
|poke|p2|Indeedee, L50, M|
|poke|p2|Maushold, L50|
|teampreview|4
|showteam|p1|Dondozo||SafetyGoggles|Unaware|WaveCrash,Earthquake,OrderUp,Protect|||F|||50|,,,,,Steel]Tatsugiri||ChoiceScarf|Commander|MuddyWater,DracoMeteor,DragonPulse,IcyWind|||F|||50|,,,,,Ghost]Indeedee||FocusSash|PsychicSurge|ExpandingForce,Imprison,TrickRoom,HelpingHand|||M|||50|,,,,,Fairy]Sneasler||PsychicSeed|Unburden|CloseCombat,DireClaw,ThroatChop,Protect|||M|||50|,,,,,Dark]Ursaluna-Bloodmoon||LifeOrb|MindsEye|BloodMoon,HyperVoice,EarthPower,Protect|||M|||50|,,,,,Normal]Talonflame||CovertCloak|GaleWings|DualWingbeat,FlareBlitz,Tailwind,WillOWisp|||F|||50|,,,,,Fairy
|showteam|p2|Annihilape||AssaultVest|Defiant|FinalGambit,CloseCombat,RageFist,DrainPunch|||M|||50|,,,,,Fire]Sneasler||PsychicSeed|Unburden|DireClaw,CloseCombat,ThroatChop,Protect|||M|||50|,,,,,Dark]Whimsicott||CovertCloak|Prankster|Tailwind,Moonblast,Encore,SunnyDay|||M|||50|,,,,,Water]Delphox||LifeOrb|Blaze|ExpandingForce,HeatWave,TeraBlast,Protect|||F|||50|,,,,,Fighting]Indeedee||FocusSash|PsychicSurge|ExpandingForce,TeraBlast,Imprison,TrickRoom|||M|||50|,,,,,Fighting]Maushold||WideLens|Technician|PopulationBomb,FollowMe,BeatUp,Protect||||||50|,,,,,Normal
|
|t:|1755550644
|teamsize|p1|4
|teamsize|p2|4
|start
|switch|p1a: Indeedee|Indeedee, L50, M|100/100
|switch|p1b: Sneasler|Sneasler, L50, M|100/100
|switch|p2a: Indeedee|Indeedee, L50, M|100/100
|switch|p2b: Sneasler|Sneasler, L50, M|100/100
|-fieldstart|move: Psychic Terrain|[from] ability: Psychic Surge|[of] p1a: Indeedee
|-enditem|p2b: Sneasler|Psychic Seed
|-boost|p2b: Sneasler|spd|1|[from] item: Psychic Seed
|-enditem|p1b: Sneasler|Psychic Seed
|-boost|p1b: Sneasler|spd|1|[from] item: Psychic Seed
|turn|1
|
|t:|1755550701
|-terastallize|p1a: Indeedee|Fairy
|move|p1b: Sneasler|Dire Claw|p2a: Indeedee
|-damage|p2a: Indeedee|14/100
|-status|p2a: Indeedee|psn
|move|p2b: Sneasler|Throat Chop|p1a: Indeedee
|-resisted|p1a: Indeedee
|-damage|p1a: Indeedee|69/100
|-start|p1a: Indeedee|Throat Chop|[silent]
|move|p1a: Indeedee|Expanding Force|p2a: Indeedee|[spread] p2a,p2b
|-resisted|p2a: Indeedee
|-supereffective|p2b: Sneasler
|-damage|p2a: Indeedee|0 fnt
|-damage|p2b: Sneasler|0 fnt
|faint|p2a: Indeedee
|faint|p2b: Sneasler
|
|upkeep
|-message|TerapagosdiNorcia forfeited.
|
|win|PR_sVava
|raw|PR_sVava's rating: 1372 → 1390(+18 for winning)
|raw|TerapagosdiNorcia's rating: 1340 → 1322(-18 for losing)
|l|☆TerapagosdiNorcia
|player|p2|
|c|☆PR_sVava|GODO
