|j|☆chikondi
|j|☆Gi1796
|html|chikondiGi1796    
|uhtml|bestof|Game 2 of a best-of-3
|t:|1756832330
|gametype|doubles
|player|p1|chikondi|galacticgruntf|1115
|player|p2|Gi1796|169|1202
|gen|9
|tier|[Gen 9] VGC 2025 Reg H (Bo3)
|rated|
|rule|Species Clause: Limit one of each Pokémon
|rule|Item Clause: Limit 1 of each item
|clearpoke
|poke|p1|Garchomp, L50, F|
|poke|p1|Jumpluff, L50, F|
|poke|p1|Torkoal, L50, M|
|poke|p1|Dragonite, L50, M|
|poke|p1|Kingambit, L50, M|
|poke|p1|Typhlosion-Hisui, L50, M|
|poke|p2|Sneasler, L50, M|
|poke|p2|Indeedee, L50, M|
|poke|p2|Annihilape, L50, M|
|poke|p2|Tyranitar, L50, M|
|poke|p2|Excadrill, L50, M|
|poke|p2|Corviknight, L50, M|
|teampreview|4
|showteam|p1|Garchomp||LifeOrb|RoughSkin|Earthquake,DragonClaw,StompingTantrum,Protect|||F|||50|,,,,,Fire]Jumpluff||CovertCloak|Chlorophyll|LeafStorm,SleepPowder,Encore,Tailwind|||F|||50|,,,,,Poison]Torkoal||EjectPack|Drought|Overheat,BurningJealousy,HelpingHand,Protect|||M|||50|,,,,,Flying]Dragonite||LoadedDice|Multiscale|ScaleShot,ExtremeSpeed,IceSpinner,Protect|||M|||50|,,,,,Fairy]Kingambit||AssaultVest|Defiant|IronHead,SuckerPunch,Assurance,LowKick|||M|||50|,,,,,Flying]Typhlosion-Hisui||ChoiceSpecs|Blaze|Eruption,ShadowBall,HeatWave,Overheat|||M|||50|,,,,,Fire
|showteam|p2|Sneasler||PsychicSeed|Unburden|CloseCombat,DireClaw,ThroatChop,Protect|||M|||50|,,,,,Dark]Indeedee||ChoiceScarf|PsychicSurge|ExpandingForce,TeraBlast,Trick,DazzlingGleam|||M|||50|,,,,,Psychic]Annihilape||SafetyGoggles|Defiant|CloseCombat,RageFist,Taunt,FinalGambit|||M|||50|,,,,,Water]Tyranitar||AssaultVest|SandStream|RockSlide,KnockOff,TeraBlast,LowKick|||M|||50|,,,,,Flying]Excadrill||FocusSash|SandRush|HighHorsepower,Earthquake,IronHead,Protect|||M|||50|,,,,,Stellar]Corviknight||Leftovers|MirrorArmor|BraveBird,BulkUp,Tailwind,Roost|||M|||50|,,,,,Dragon
|inactive|Battle timer is ON: inactive players will automatically lose when time's up. (requested by Gi1796)
|
|t:|1756832346
|teamsize|p1|4
|teamsize|p2|4
|start
|switch|p1a: Garchomp|Garchomp, L50, F|100/100
|switch|p1b: Kingambit|Kingambit, L50, M|100/100
|switch|p2a: Sneasler|Sneasler, L50, M|100/100
|switch|p2b: Indeedee|Indeedee, L50, M|100/100
|-fieldstart|move: Psychic Terrain|[from] ability: Psychic Surge|[of] p2b: Indeedee
|-enditem|p2a: Sneasler|Psychic Seed
|-boost|p2a: Sneasler|spd|1|[from] item: Psychic Seed
|turn|1
|inactive|chikondi has 30 seconds left.
|inactive|Gi1796 has 30 seconds left.
|inactive|chikondi has 20 seconds left.
|inactive|Gi1796 has 20 seconds left.
|
|t:|1756832383
|switch|p1b: Dragonite|Dragonite, L50, M|100/100
|move|p2a: Sneasler|Dire Claw|p1a: Garchomp
|-resisted|p1a: Garchomp
|-damage|p1a: Garchomp|77/100
|-damage|p2a: Sneasler|88/100|[from] ability: Rough Skin|[of] p1a: Garchomp
|move|p2b: Indeedee|Expanding Force|p1b: Dragonite|[spread] p1a,p1b
|-damage|p1a: Garchomp|13/100
|-damage|p1b: Dragonite|74/100
|move|p1a: Garchomp|Earthquake|p2a: Sneasler|[spread] p2a,p2b
|-immune|p1b: Dragonite
|-supereffective|p2a: Sneasler
|-damage|p2a: Sneasler|0 fnt
|-damage|p2b: Indeedee|0 fnt
|faint|p2a: Sneasler
|faint|p2b: Indeedee
|-damage|p1a: Garchomp|3/100|[from] item: Life Orb
|
|upkeep
|
|t:|1756832396
|switch|p2a: Tyranitar|Tyranitar, L50, M|100/100
|switch|p2b: Excadrill|Excadrill, L50, M|100/100
|-weather|Sandstorm|[from] ability: Sand Stream|[of] p2a: Tyranitar
|turn|2
|inactive|chikondi has 30 seconds left.
|inactive|Gi1796 has 30 seconds left.
|inactive|Gi1796 has 20 seconds left.
|inactive|chikondi has 20 seconds left.
|inactive|Gi1796 has 15 seconds left.
|inactive|chikondi has 15 seconds left.
|inactive|Gi1796 has 10 seconds left.
|inactive|chikondi has 10 seconds left.
|inactive|Gi1796 has 5 seconds left.
|
|t:|1756832449
|-terastallize|p2a: Tyranitar|Flying
|move|p2b: Excadrill|Protect|p2b: Excadrill
|-singleturn|p2b: Excadrill|Protect
|move|p1a: Garchomp|Earthquake|p2a: Tyranitar|[spread] 
|-activate|p2b: Excadrill|move: Protect
|-immune|p1b: Dragonite
|-immune|p2a: Tyranitar
|move|p1b: Dragonite|Ice Spinner|p2b: Excadrill
|-activate|p2b: Excadrill|move: Protect
|move|p2a: Tyranitar|Rock Slide|p1a: Garchomp|[spread] p1a,p1b
|-resisted|p1a: Garchomp
|-crit|p1a: Garchomp
|-supereffective|p1b: Dragonite
|-damage|p1a: Garchomp|0 fnt
|-damage|p1b: Dragonite|2/100
|faint|p1a: Garchomp
|
|-weather|Sandstorm|[upkeep]
|-damage|p1b: Dragonite|0 fnt|[from] Sandstorm
|-damage|p2a: Tyranitar|94/100|[from] Sandstorm
|faint|p1b: Dragonite
|upkeep
|
|t:|1756832456
|switch|p1a: Kingambit|Kingambit, L50, M|100/100
|switch|p1b: Typhlosion|Typhlosion-Hisui, L50, M|100/100
|turn|3
|inactive|chikondi has 30 seconds left.
|inactive|Gi1796 has 30 seconds left.
|
|t:|1756832487
|-terastallize|p1a: Kingambit|Flying
|move|p2b: Excadrill|Earthquake|p1a: Kingambit|[spread] p1b
|-immune|p2a: Tyranitar
|-immune|p1a: Kingambit
|-supereffective|p1b: Typhlosion
|-damage|p1b: Typhlosion|0 fnt
|faint|p1b: Typhlosion
|move|p2a: Tyranitar|Knock Off|p1a: Kingambit
|-damage|p1a: Kingambit|58/100
|-enditem|p1a: Kingambit|Assault Vest|[from] move: Knock Off|[of] p2a: Tyranitar
|move|p1a: Kingambit|Low Kick|p2b: Excadrill
|-supereffective|p2b: Excadrill
|-damage|p2b: Excadrill|32/100
|
|-weather|Sandstorm|[upkeep]
|-damage|p2a: Tyranitar|88/100|[from] Sandstorm
|-damage|p1a: Kingambit|52/100|[from] Sandstorm
|upkeep
|turn|4
|-message|chikondi forfeited.
|
|win|Gi1796
|raw|chikondi's rating: 1115 → 1096(-19 for losing)
|raw|Gi1796's rating: 1202 → 1221(+19 for winning)
|l|☆chikondi
|player|p1|
