|j|☆bearlover997
|j|☆jomivgc
|html|bearlover997jomivgc    
|uhtml|bestof|Game 1 of a best-of-3
|t:|1783563139
|gametype|doubles
|player|p1|bearlover997|sage|1082
|player|p2|jomivgc|falkner-gen2|1112
|gen|9
|tier|[Gen 9 Champions] VGC 2026 Reg M-B (Bo3)
|rated|
|rule|Species Clause: Limit one of each Pokémon
|rule|Item Clause: Limit 1 of each item
|clearpoke
|poke|p1|Dragalge, L50, F, shiny|
|poke|p1|Sinistcha, L50|
|poke|p1|Incineroar, L50, F|
|poke|p1|Grimmsnarl, L50, M|
|poke|p1|Lopunny, L50, F|
|poke|p1|Volcarona, L50, F|
|poke|p2|Umbreon, L50, M, shiny|
|poke|p2|Garchomp, L50, F|
|poke|p2|Pelipper, L50, F|
|poke|p2|Swampert, L50, F|
|poke|p2|Archaludon, L50, M|
|poke|p2|Incineroar, L50, F|
|teampreview|4
|showteam|p1|Dragalge||Dragalgite|PoisonPoint|DracoMeteor,SludgeBomb,FlipTurn,Toxic|Calm||F|||50|]Sinistcha||ColburBerry|Hospitality|MatchaGotcha,StrengthSap,RagePowder,Protect|Bold|||||50|]Incineroar||SitrusBerry|Intimidate|FakeOut,PartingShot,WillOWisp,FlareBlitz|Adamant||F|||50|]Grimmsnarl||LightClay|Prankster|LightScreen,Reflect,PartingShot,SpiritBreak|Careful||M|||50|]Lopunny||Lopunnite|Limber|CloseCombat,Encore,FakeOut,Uturn|Jolly||F|||50|]Volcarona||Leftovers|FlameBody|QuiverDance,FieryDance,BugBuzz,Protect|Modest||F|||50|
|showteam|p2|Umbreon||SitrusBerry|InnerFocus|Snarl,Swagger,FoulPlay,Moonlight|Calm||M|||50|]Garchomp||LifeOrb|RoughSkin|DragonClaw,RockSlide,Earthquake,Protect|Jolly||F|||50|]Pelipper||FocusSash|Drizzle|Hurricane,WeatherBall,Tailwind,WideGuard|Modest||F|||50|]Swampert||Swampertite|Torrent|Protect,WaveCrash,Earthquake,IcePunch|Adamant||F|||50|]Archaludon||Leftovers|Stamina|ElectroShot,FlashCannon,DracoMeteor,Protect|Modest||M|||50|]Incineroar||PasshoBerry|Intimidate|FakeOut,PartingShot,FlareBlitz,ThroatChop|Adamant||F|||50|
|inactive|Battle timer is ON: inactive players will automatically lose when time's up. (requested by jomivgc)
|inactive|bearlover997 also wants the timer to be on.
|inactive|jomivgc has 60 seconds left.
|
|t:|1783563197
|teamsize|p1|4
|teamsize|p2|4
|start
|switch|p1a: Dragalge|Dragalge, L50, F, shiny|100/100
|switch|p1b: Grimmsnarl|Grimmsnarl, L50, M|100/100
|switch|p2a: Swampert|Swampert, L50, F|100/100
|switch|p2b: Pelipper|Pelipper, L50, F|100/100
|-weather|RainDance|[from] ability: Drizzle|[of] p2b: Pelipper
|turn|1
|inactive|jomivgc has 30 seconds left.
|inactive|jomivgc has 20 seconds left.
|
|t:|1783563233
|switch|p1a: Sinistcha|Sinistcha, L50|100/100
|detailschange|p2a: Swampert|Swampert-Mega, L50, F
|-mega|p2a: Swampert|Swampert|Swampertite
|move|p1b: Grimmsnarl|Reflect|p1b: Grimmsnarl
|-sidestart|p1: bearlover997|Reflect
|move|p2a: Swampert|Earthquake|p1b: Grimmsnarl|[spread] p1a,p1b
|-immune|p2b: Pelipper
|-resisted|p1a: Sinistcha|1
|-crit|p1b: Grimmsnarl
|-damage|p1a: Sinistcha|88/100
|-damage|p1b: Grimmsnarl|7/100
|move|p2b: Pelipper|Hurricane|p1a: Sinistcha
|-supereffective|p1a: Sinistcha|1
|-damage|p1a: Sinistcha|0 fnt
|faint|p1a: Sinistcha
|
|-weather|RainDance|[upkeep]
|upkeep
|
|t:|1783563247
|switch|p1a: Dragalge|Dragalge, L50, F, shiny|100/100
|turn|2
|
|t:|1783563265
|detailschange|p1a: Dragalge|Dragalge-Mega, L50, F, shiny
|-mega|p1a: Dragalge|Dragalge|Dragalgite
|move|p1b: Grimmsnarl|Parting Shot|p2a: Swampert
|-unboost|p2a: Swampert|atk|1
|-unboost|p2a: Swampert|spa|1
|
|t:|1783563269
|switch|p1b: Incineroar|Incineroar, L50, F|100/100|[from] Parting Shot
|-ability|p1b: Incineroar|Intimidate|boost
|-unboost|p2a: Swampert|atk|1
|-unboost|p2b: Pelipper|atk|1
|move|p2a: Swampert|Earthquake|p1b: Incineroar|[spread] p1a,p1b
|-immune|p2b: Pelipper
|-supereffective|p1a: Dragalge|1
|-supereffective|p1b: Incineroar|1
|-crit|p1b: Incineroar
|-damage|p1a: Dragalge|67/100
|-damage|p1b: Incineroar|0 fnt
|faint|p1b: Incineroar
|move|p2b: Pelipper|Hurricane|p1a: Dragalge
|-damage|p1a: Dragalge|39/100
|move|p1a: Dragalge|Sludge Bomb|p2b: Pelipper
|-damage|p2b: Pelipper|33/100
|
|-weather|RainDance|[upkeep]
|upkeep
|
|t:|1783563271
|switch|p1b: Grimmsnarl|Grimmsnarl, L50, M|7/100
|turn|3
|
|t:|1783563295
|switch|p2a: Archaludon|Archaludon, L50, M|100/100
|move|p2b: Pelipper|Hurricane|p1b: Grimmsnarl
|-damage|p1b: Grimmsnarl|0 fnt
|faint|p1b: Grimmsnarl
|move|p1a: Dragalge|Sludge Bomb|p2b: Pelipper
|-crit|p2b: Pelipper
|-damage|p2b: Pelipper|0 fnt
|faint|p2b: Pelipper
|
|-weather|RainDance|[upkeep]
|upkeep
|
|t:|1783563306
|switch|p2b: Swampert|Swampert-Mega, L50, F|100/100
|turn|4
|
|t:|1783563313
|move|p2b: Swampert|Ice Punch|p1a: Dragalge
|-supereffective|p1a: Dragalge|1
|-damage|p1a: Dragalge|0 fnt
|faint|p1a: Dragalge
|
|win|jomivgc
||jomivgc is ready for game 2.
||bearlover997 is ready for game 2.
|uhtml|next|Next: Game 2 of 3
|l|☆bearlover997
|player|p1|
|l|☆jomivgc
|player|p2|
|j|☆jomivgc
|player|p2|jomivgc|falkner-gen2|
