|j|☆Semiclever
|j|☆balance bro
|html|Semicleverbalance bro    
|uhtml|bestof|Game 1 of a best-of-3
|t:|1756850434
|gametype|doubles
|player|p1|Semiclever|blaine|1071
|player|p2|balance bro|buck|1120
|gen|9
|tier|[Gen 9] VGC 2025 Reg H (Bo3)
|rated|
|rule|Species Clause: Limit one of each Pokémon
|rule|Item Clause: Limit 1 of each item
|clearpoke
|poke|p1|Baxcalibur, L50, M|
|poke|p1|Ninetales-Alola, L50, F|
|poke|p1|Rillaboom, L50, F|
|poke|p1|Gholdengo, L50|
|poke|p1|Tauros-Paldea-Aqua, L50, M|
|poke|p1|Incineroar, L50, F|
|poke|p2|Porygon2, L50|
|poke|p2|Hydreigon, L50, M|
|poke|p2|Incineroar, L50, M|
|poke|p2|Garchomp, L50, F|
|poke|p2|Amoonguss, L50, M|
|poke|p2|Gholdengo, L50|
|teampreview|4
|showteam|p1|Baxcalibur||ClearAmulet|ThermalExchange|Protect,GlaiveRush,IceShard,IcicleCrash|||M|||50|,,,,,Water]Ninetales-Alola||LightClay|SnowWarning|AuroraVeil,DazzlingGleam,Protect,Blizzard|||F|||50|,,,,,Dark]Rillaboom||AssaultVest|GrassySurge|FakeOut,Uturn,GrassyGlide,WoodHammer|||F|||50|,,,,,Fire]Gholdengo||Leftovers|GoodasGold|MakeItRain,ShadowBall,NastyPlot,Protect||||||50|,,,,,Steel]Tauros-Paldea-Aqua||MirrorHerb|Intimidate|AquaJet,RagingBull,Protect,CloseCombat|||M|||50|,,,,,Fighting]Incineroar||SafetyGoggles|Intimidate|PartingShot,KnockOff,FlareBlitz,Taunt|||F|||50|,,,,,Fire
|showteam|p2|Porygon2||Eviolite|Download|TeraBlast,IceBeam,TrickRoom,Recover||||||50|,,,,,Fighting]Hydreigon||SafetyGoggles|Levitate|Snarl,DracoMeteor,Tailwind,Protect|||M|||50|,,,,,Ghost]Incineroar||SitrusBerry|Intimidate|FlareBlitz,KnockOff,PartingShot,FakeOut|||M|||50|,,,,,Grass]Garchomp||LoadedDice|RoughSkin|ScaleShot,Earthquake,StompingTantrum,Protect|||F|||50|,,,,,Fire]Amoonguss||CovertCloak|Regenerator|PollenPuff,Spore,RagePowder,Protect|||M|||50|,,,,,Fire]Gholdengo||MetalCoat|GoodasGold|MakeItRain,ShadowBall,NastyPlot,Protect||||||50|,,,,,Flying
|inactive|Battle timer is ON: inactive players will automatically lose when time's up. (requested by Semiclever)
|inactive|Semiclever has 60 seconds left.
|inactive|balance bro has 60 seconds left.
|
|t:|1756850487
|teamsize|p1|4
|teamsize|p2|4
|start
|switch|p1a: Ninetales|Ninetales-Alola, L50, F|100/100
|switch|p1b: Gholdengo|Gholdengo, L50|100/100
|switch|p2a: Gholdengo|Gholdengo, L50, shiny|100/100
|switch|p2b: Hydreigon|Hydreigon, L50, M, shiny|100/100
|-weather|Snowscape|[from] ability: Snow Warning|[of] p1a: Ninetales
|turn|1
|inactive|Semiclever has 30 seconds left.
|inactive|balance bro has 30 seconds left.
|
|t:|1756850519
|-terastallize|p2b: Hydreigon|Ghost
|-terastallize|p1b: Gholdengo|Steel
|move|p1a: Ninetales|Dazzling Gleam|p2b: Hydreigon|[spread] p2a,p2b
|-resisted|p2a: Gholdengo
|-damage|p2a: Gholdengo|88/100
|-damage|p2b: Hydreigon|78/100
|move|p2b: Hydreigon|Tailwind|p2b: Hydreigon
|-sidestart|p2: balance bro|move: Tailwind
|move|p2a: Gholdengo|Nasty Plot|p2a: Gholdengo
|-boost|p2a: Gholdengo|spa|2
|move|p1b: Gholdengo|Nasty Plot|p1b: Gholdengo
|-boost|p1b: Gholdengo|spa|2
|
|-weather|Snowscape|[upkeep]
|upkeep
|turn|2
|
|t:|1756850539
|switch|p2b: Incineroar|Incineroar, L50, M, shiny|100/100
|-ability|p2b: Incineroar|Intimidate|boost
|-unboost|p1a: Ninetales|atk|1
|-unboost|p1b: Gholdengo|atk|1
|move|p2a: Gholdengo|Make It Rain|p1a: Ninetales|[spread] p1a,p1b
|-supereffective|p1a: Ninetales
|-resisted|p1b: Gholdengo
|-damage|p1a: Ninetales|0 fnt
|-damage|p1b: Gholdengo|34/100
|-unboost|p2a: Gholdengo|spa|1
|faint|p1a: Ninetales
|move|p1b: Gholdengo|Shadow Ball|p2b: Incineroar
|-resisted|p2b: Incineroar
|-damage|p2b: Incineroar|59/100
|-unboost|p2b: Incineroar|spd|1
|
|-weather|Snowscape|[upkeep]
|-heal|p1b: Gholdengo|40/100|[from] item: Leftovers
|upkeep
|
|t:|1756850552
|switch|p1a: Baxcalibur|Baxcalibur, L50, M|100/100
|turn|3
|
|t:|1756850560
|move|p2b: Incineroar|Flare Blitz|p1b: Gholdengo
|-supereffective|p1b: Gholdengo
|-damage|p1b: Gholdengo|0 fnt
|faint|p1b: Gholdengo
|-damage|p2b: Incineroar|48/100|[from] Recoil
|-enditem|p2b: Incineroar|Sitrus Berry|[eat]
|-heal|p2b: Incineroar|73/100|[from] item: Sitrus Berry
|move|p2a: Gholdengo|Make It Rain|p1a: Baxcalibur
|-supereffective|p1a: Baxcalibur
|-damage|p1a: Baxcalibur|0 fnt
|-unboost|p2a: Gholdengo|spa|1
|faint|p1a: Baxcalibur
|
|-weather|Snowscape|[upkeep]
|upkeep
|
|t:|1756850565
|switch|p1a: Rillaboom|Rillaboom, L50, F|100/100
|-fieldstart|move: Grassy Terrain|[from] ability: Grassy Surge|[of] p1a: Rillaboom
|turn|4
|-message|Semiclever forfeited.
|
|win|balance bro
