|j|☆shikoguard
|j|☆Kdbc73
|html|shikoguardKdbc73    
|uhtml|bestof|Game 1 of a best-of-3
|t:|1756835954
|gametype|doubles
|player|p1|shikoguard|169|
|player|p2|Kdbc73|preschoolerf|
|gen|9
|tier|[Gen 9] VGC 2025 Reg H (Bo3)
|rule|Species Clause: Limit one of each Pokémon
|rule|Item Clause: Limit 1 of each item
|clearpoke
|poke|p1|Incineroar, L50, M|
|poke|p1|Gholdengo, L50|
|poke|p1|Amoonguss, L50, F|
|poke|p1|Hydreigon, L50, M|
|poke|p1|Porygon2, L50|
|poke|p1|Ursaluna, L50, F|
|poke|p2|Sneasler, L50, M|
|poke|p2|Indeedee, L50, M|
|poke|p2|Ursaluna-Bloodmoon, L50, M|
|poke|p2|Electabuzz, L50, F|
|poke|p2|Incineroar, L50, F|
|poke|p2|Talonflame, L50, M|
|teampreview|4
|showteam|p1|Incineroar||SitrusBerry|Intimidate|KnockOff,FakeOut,FlareBlitz,PartingShot|||M|||50|,,,,,Ghost]Gholdengo||MetalCoat|GoodasGold|Protect,NastyPlot,MakeItRain,ShadowBall||||||50|,,,,,Water]Amoonguss||RockyHelmet|Regenerator|Spore,RagePowder,PollenPuff,Protect|||F|||50|,,,,,Fairy]Hydreigon||SafetyGoggles|Levitate|DracoMeteor,Snarl,Tailwind,Protect|||M|||50|,,,,,Ghost]Porygon2||Eviolite|Download|Recover,IceBeam,TeraBlast,TrickRoom||||||50|,,,,,Fighting]Ursaluna||FlameOrb|Guts|Earthquake,Facade,HeadlongRush,Protect|||F|||50|,,,,,Ghost
|showteam|p2|Sneasler||PsychicSeed|Unburden|CloseCombat,DireClaw,ThroatChop,Protect|||M|||50|,,,,,Dark]Indeedee||FocusSash|PsychicSurge|ExpandingForce,TrickRoom,HelpingHand,Protect|||M|||50|,,,,,Psychic]Ursaluna-Bloodmoon||LifeOrb|MindsEye|BloodMoon,HyperVoice,EarthPower,Protect|||M|||50|,,,,,Normal]Electabuzz||Eviolite|VitalSpirit|Electroweb,FollowMe,Taunt,Protect|||F|||50|,,,,,Dragon]Incineroar||SafetyGoggles|Intimidate|FlareBlitz,KnockOff,PartingShot,FakeOut|||F|||50|,,,,,Ghost]Talonflame||CovertCloak|GaleWings|FlareBlitz,DualWingbeat,WillOWisp,Tailwind|||M|||50|,,,,,Fairy
|c|☆shikoguard|Just ended runner
|c|☆shikoguard|Dinner
|
|t:|1756836029
|teamsize|p1|4
|teamsize|p2|4
|start
|switch|p1a: Hydreigon|Hydreigon, L50, M|100/100
|switch|p1b: Gholdengo|Gholdengo, L50|100/100
|switch|p2a: Ursaluna|Ursaluna-Bloodmoon, L50, M|100/100
|switch|p2b: Electabuzz|Electabuzz, L50, F|100/100
|turn|1
|c|☆Kdbc73|ah good! 😋 looking forward to battling with this new team you have!
|
|t:|1756836080
|-terastallize|p1b: Gholdengo|Water
|-terastallize|p2a: Ursaluna|Normal
|move|p2b: Electabuzz|Electroweb|p1a: Hydreigon|[spread] p1a,p1b
|-resisted|p1a: Hydreigon
|-supereffective|p1b: Gholdengo
|-damage|p1a: Hydreigon|93/100
|-damage|p1b: Gholdengo|72/100
|-unboost|p1a: Hydreigon|spe|1
|-unboost|p1b: Gholdengo|spe|1
|move|p1a: Hydreigon|Snarl|p2b: Electabuzz|[spread] p2a,p2b
|-damage|p2a: Ursaluna|71/100
|-damage|p2b: Electabuzz|84/100
|-unboost|p2a: Ursaluna|spa|1
|-unboost|p2b: Electabuzz|spa|1
|move|p2a: Ursaluna|Hyper Voice|p1b: Gholdengo|[spread] p1a,p1b
|-crit|p1a: Hydreigon
|-damage|p1a: Hydreigon|0 fnt
|-damage|p1b: Gholdengo|20/100
|faint|p1a: Hydreigon
|-damage|p2a: Ursaluna|62/100|[from] item: Life Orb
|move|p1b: Gholdengo|Nasty Plot|p1b: Gholdengo
|-boost|p1b: Gholdengo|spa|2
|
|upkeep
|c|☆shikoguard|Just copied tò learn balance+ i loke hydragon
|c|☆Kdbc73|it’s a great Pokémon!
|
|t:|1756836111
|switch|p1a: Porygon2|Porygon2, L50|100/100
|-ability|p1a: Porygon2|Download|boost
|-boost|p1a: Porygon2|spa|1
|turn|2
|
|t:|1756836138
|move|p1b: Gholdengo|Protect|p1b: Gholdengo
|-singleturn|p1b: Gholdengo|Protect
|move|p2b: Electabuzz|Taunt|p1a: Porygon2
|-start|p1a: Porygon2|move: Taunt
|move|p2a: Ursaluna|Hyper Voice|p1b: Gholdengo|[spread] p1a
|-activate|p1b: Gholdengo|move: Protect
|-damage|p1a: Porygon2|70/100
|-damage|p2a: Ursaluna|52/100|[from] item: Life Orb
|cant|p1a: Porygon2|move: Taunt|Trick Room
|
|upkeep
|turn|3
|
|t:|1756836160
|move|p2b: Electabuzz|Electroweb|p1a: Porygon2|[spread] p1a,p1b
|-supereffective|p1b: Gholdengo
|-damage|p1a: Porygon2|63/100
|-damage|p1b: Gholdengo|0 fnt
|-unboost|p1a: Porygon2|spe|1
|faint|p1b: Gholdengo
|move|p2a: Ursaluna|Blood Moon|p1a: Porygon2
|-damage|p1a: Porygon2|3/100
|-damage|p2a: Ursaluna|43/100|[from] item: Life Orb
|move|p1a: Porygon2|Ice Beam|p2b: Electabuzz
|-damage|p2b: Electabuzz|52/100
|
|upkeep
|-message|shikoguard forfeited.
|
|win|Kdbc73
||shikoguard is ready for game 2.
|inactive|Kdbc73 has 30 seconds to confirm battle start!
||Kdbc73 is ready for game 2.
|uhtml|next|Next: Game 2 of 3
