|j|☆axcoquette
|j|☆Slim Reaper 69
|html|axcoquetteSlim Reaper 69    
|uhtml|bestof|Game 3 of a best-of-3
|t:|1782432402
|gametype|doubles
|player|p1|axcoquette|maid|1140
|player|p2|Slim Reaper 69|hiker-gen4|1231
|gen|9
|tier|[Gen 9 Champions] VGC 2026 Reg M-B (Bo3)
|rated|
|rule|Species Clause: Limit one of each Pokémon
|rule|Item Clause: Limit 1 of each item
|clearpoke
|poke|p1|Farigiraf, L50, M|
|poke|p1|Mawile, L50, F|
|poke|p1|Sinistcha, L50|
|poke|p1|Torkoal, L50, M|
|poke|p1|Drampa, L50, M|
|poke|p1|Sneasler, L50, M|
|poke|p2|Dragonite, L50, F|
|poke|p2|Whimsicott, L50, M|
|poke|p2|Rotom-Wash, L50|
|poke|p2|Gholdengo, L50|
|poke|p2|Arcanine-Hisui, L50, M|
|poke|p2|Kingambit, L50, M|
|teampreview|4
|showteam|p1|Farigiraf||MentalHerb|ArmorTail|TrickRoom,LightScreen,TwinBeam,Protect|Sassy||M|||50|]Mawile||Mawilite|Intimidate|PlayRough,SuckerPunch,IronHead,Protect|Brave||F|||50|]Sinistcha||Leftovers|Hospitality|TrickRoom,MatchaGotcha,RagePowder,LifeDew|Relaxed|||||50|]Torkoal||Charcoal|Drought|Eruption,HeatWave,SolarBeam,Protect|Modest||M|||50|]Drampa||Drampanite|CloudNine|EarthPower,DragonPulse,EnergyBall,Protect|Quiet||M|||50|]Sneasler||WhiteHerb|Unburden|FakeOut,CloseCombat,DireClaw,Protect|Adamant||M|||50|
|showteam|p2|Dragonite||Dragoninite|InnerFocus|Thunderbolt,DracoMeteor,AirSlash,Protect|Modest||F|||50|]Whimsicott||FocusSash|Prankster|Tailwind,Moonblast,Protect,FakeTears|Timid||M|||50|]Rotom-Wash||SitrusBerry|Levitate|Electroweb,WillOWisp,HydroPump,VoltSwitch|Bold|||||50|]Gholdengo||LifeOrb|GoodasGold|ShadowBall,MakeItRain,Psyshock,Protect|Modest|||||50|]Arcanine-Hisui||ChoiceScarf|Intimidate|FlareBlitz,RockSlide,HeadSmash,CloseCombat|Adamant||M|||50|]Kingambit||BlackGlasses|Defiant|SuckerPunch,KowtowCleave,IronHead,Protect|Adamant||M|||50|
|inactive|Battle timer is ON: inactive players will automatically lose when time's up. (requested by axcoquette)
|inactive|Slim Reaper 69 has 60 seconds left.
|
|t:|1782432436
|teamsize|p1|4
|teamsize|p2|4
|start
|switch|p1a: Farigiraf|Farigiraf, L50, M|100/100
|switch|p1b: Sneasler|Sneasler, L50, M|100/100
|switch|p2a: Kingambit|Kingambit, L50, M|100/100
|switch|p2b: Gholdengo|Gholdengo, L50|100/100
|turn|1
|
|t:|1782432447
|move|p2a: Kingambit|Protect|p2a: Kingambit
|-singleturn|p2a: Kingambit|Protect
|move|p1b: Sneasler|Close Combat|p2a: Kingambit
|-activate|p2a: Kingambit|move: Protect
|move|p2b: Gholdengo|Psyshock|p1b: Sneasler
|-supereffective|p1b: Sneasler|2
|-damage|p1b: Sneasler|0 fnt
|faint|p1b: Sneasler
|-damage|p2b: Gholdengo|90/100|[from] item: Life Orb
|move|p1a: Farigiraf|Trick Room|p1a: Farigiraf
|-fieldstart|move: Trick Room|[of] p1a: Farigiraf
|
|upkeep
|
|t:|1782432451
|switch|p1b: Torkoal|Torkoal, L50, M|100/100
|-weather|SunnyDay|[from] ability: Drought|[of] p1b: Torkoal
|turn|2
|
|t:|1782432462
|switch|p2a: Rotom|Rotom-Wash, L50|100/100
|move|p1b: Torkoal|Heat Wave|p2a: Rotom|[spread] p2b
|-miss|p1b: Torkoal|p2a: Rotom
|-supereffective|p2b: Gholdengo|1
|-damage|p2b: Gholdengo|0 fnt
|faint|p2b: Gholdengo
|move|p1a: Farigiraf|Light Screen|p1a: Farigiraf
|-sidestart|p1: axcoquette|move: Light Screen
|
|-weather|SunnyDay|[upkeep]
|upkeep
|
|t:|1782432469
|switch|p2b: Dragonite|Dragonite, L50, F|100/100
|turn|3
|
|t:|1782432479
|detailschange|p2b: Dragonite|Dragonite-Mega, L50, F
|-mega|p2b: Dragonite|Dragonite|Dragoninite
|move|p1b: Torkoal|Solar Beam||[still]
|-prepare|p1b: Torkoal|Solar Beam
|-anim|p1b: Torkoal|Solar Beam|p2a: Rotom
|-supereffective|p2a: Rotom|1
|-damage|p2a: Rotom|22/100
|-enditem|p2a: Rotom|Sitrus Berry|[eat]
|-heal|p2a: Rotom|47/100|[from] item: Sitrus Berry
|move|p1a: Farigiraf|Twin Beam|p2b: Dragonite
|-damage|p2b: Dragonite|94/100
|-damage|p2b: Dragonite|82/100
|-hitcount|p2b: Dragonite|2
|move|p2a: Rotom|Hydro Pump|p1b: Torkoal
|-supereffective|p1b: Torkoal|1
|-damage|p1b: Torkoal|67/100
|move|p2b: Dragonite|Draco Meteor|p1b: Torkoal
|-damage|p1b: Torkoal|1/100
|-unboost|p2b: Dragonite|spa|2
|
|-weather|SunnyDay|[upkeep]
|upkeep
|turn|4
|
|t:|1782432504
|switch|p2b: Kingambit|Kingambit, L50, M|100/100
|move|p1b: Torkoal|Heat Wave|p2b: Kingambit|[spread] p2a,p2b
|-resisted|p2a: Rotom|1
|-supereffective|p2b: Kingambit|1
|-damage|p2a: Rotom|15/100
|-damage|p2b: Kingambit|0 fnt
|faint|p2b: Kingambit
|move|p1a: Farigiraf|Twin Beam|p2a: Rotom
|-damage|p2a: Rotom|0 fnt
|faint|p2a: Rotom
|-hitcount|p2: Rotom|1
|
|-weather|SunnyDay|[upkeep]
|upkeep
|-message|Slim Reaper 69 forfeited.
|raw|axcoquette's rating: 1140 → 1171(+31 for winning)
|raw|Slim Reaper 69's rating: 1231 → 1200(-31 for losing)
|
|win|axcoquette
