|j|☆gunkqing
|j|☆Yegorushhka
|html|gunkqingYegorushhka    
|uhtml|bestof|Game 2 of a best-of-3
|t:|1756301564
|gametype|doubles
|player|p1|gunkqing|striker|
|player|p2|Yegorushhka|lillie|
|gen|9
|tier|[Gen 9] VGC 2025 Reg H (Bo3)
|rule|Species Clause: Limit one of each Pokémon
|rule|Item Clause: Limit 1 of each item
|clearpoke
|poke|p1|Charizard, L50, F|
|poke|p1|Jumpluff, L50, M|
|poke|p1|Torkoal, L50, F|
|poke|p1|Ursaluna, L50, F|
|poke|p1|Incineroar, L50, F|
|poke|p1|Duskull, L50, M|
|poke|p2|Lurantis, L50, F|
|poke|p2|Ursaluna-Bloodmoon, L50, M|
|poke|p2|Electabuzz, L50, F|
|poke|p2|Rillaboom, L50, M|
|poke|p2|Decidueye-Hisui, L50, F|
|poke|p2|Hydreigon, L50, F|
|teampreview|4
|showteam|p1|Charizard||ChoiceSpecs|SolarPower|HeatWave,Overheat,WeatherBall,DragonPulse|||F|||50|,,,,,Ghost]Jumpluff||CovertCloak|Chlorophyll|SleepPowder,Tailwind,RagePowder,SunnyDay|||M|||50|,,,,,Water]Torkoal||EjectPack|Drought|Overheat,Eruption,ClearSmog,Protect|||F|||50|,,,,,Fire]Ursaluna||FlameOrb|Guts|Facade,HeadlongRush,Earthquake,Protect|||F|||50|,,,,,Ghost]Incineroar||AssaultVest|Intimidate|FakeOut,FlareBlitz,KnockOff,Uturn|||F|||50|,,,,,Ghost]Duskull||Eviolite|Levitate|NightShade,TrickRoom,Haze,PainSplit|||M|||50|,,,,,Steel
|showteam|p2|Lurantis||AssaultVest|Contrary|LeafStorm,TeraBlast,GigaDrain,GrassyGlide|||F|||50|,,,,,Fire]Ursaluna-Bloodmoon||ThroatSpray|MindsEye|BloodMoon,HyperVoice,EarthPower,Protect|||M|||50|,,,,,Normal]Electabuzz||Eviolite|Static|FollowMe,Electroweb,HelpingHand,Protect|||F|||50|,,,,,Grass]Rillaboom||MiracleSeed|GrassySurge|FakeOut,GrassyGlide,WoodHammer,Uturn|||M|||50|,,,,,Fire]Decidueye-Hisui||RazorClaw|Scrappy|TripleArrows,Haze,LeafBlade,Protect|||F|||50|,,,,,Fire]Hydreigon||ScopeLens|Levitate|HeatWave,DracoMeteor,FocusEnergy,Protect|||F|||50|,,,,,Fire
|inactive|Battle timer is ON: inactive players will automatically lose when time's up. (requested by gunkqing)
|inactive|Yegorushhka has 60 seconds left.
|
|t:|1756301603
|teamsize|p1|4
|teamsize|p2|4
|start
|switch|p1a: Incineroar|Incineroar, L50, F|100/100
|switch|p1b: Duskull|Duskull, L50, M|100/100
|switch|p2a: Electabuzz|Electabuzz, L50, F, shiny|100/100
|switch|p2b: Jaiden|Lurantis, L50, F, shiny|100/100
|-ability|p1a: Incineroar|Intimidate|boost
|-unboost|p2a: Electabuzz|atk|1
|-boost|p2b: Jaiden|atk|1
|turn|1
|
|t:|1756301623
|move|p1a: Incineroar|Fake Out|p2b: Jaiden
|-damage|p2b: Jaiden|86/100
|move|p2a: Electabuzz|Follow Me|p2a: Electabuzz
|-singleturn|p2a: Electabuzz|move: Follow Me
|cant|p2b: Jaiden|flinch
|move|p1b: Duskull|Trick Room|p1b: Duskull
|-fieldstart|move: Trick Room|[of] p1b: Duskull
|
|upkeep
|turn|2
|
|t:|1756301644
|-terastallize|p2b: Jaiden|Fire
|move|p2a: Electabuzz|Helping Hand|p2b: Jaiden
|-singleturn|p2b: Jaiden|Helping Hand|[of] p2a: Electabuzz
|move|p1b: Duskull|Night Shade|p2b: Jaiden
|-damage|p2b: Jaiden|56/100
|move|p2b: Jaiden|Leaf Storm|p1b: Duskull
|-damage|p1b: Duskull|39/100
|-boost|p2b: Jaiden|spa|2
|move|p1a: Incineroar|U-turn|p2b: Jaiden
|-resisted|p2b: Jaiden
|-damage|p2b: Jaiden|45/100
|
|t:|1756301653
|switch|p1a: Torkoal|Torkoal, L50, F|100/100|[from] U-turn
|-weather|SunnyDay|[from] ability: Drought|[of] p1a: Torkoal
|
|-weather|SunnyDay|[upkeep]
|upkeep
|turn|3
|inactive|gunkqing has 30 seconds left.
|inactive|Yegorushhka has 30 seconds left.
|inactive|Yegorushhka has 20 seconds left.
|inactive|Yegorushhka has 15 seconds left.
|inactive|Yegorushhka has 10 seconds left.
|
|t:|1756301699
|-terastallize|p1a: Torkoal|Fire
|move|p2a: Electabuzz|Follow Me|p2a: Electabuzz
|-singleturn|p2a: Electabuzz|move: Follow Me
|move|p1a: Torkoal|Eruption|p2a: Electabuzz|[spread] p2a,p2b
|-resisted|p2b: Jaiden
|-damage|p2a: Electabuzz|14/100
|-damage|p2b: Jaiden|8/100
|move|p1b: Duskull|Pain Split|p2a: Electabuzz
|-sethp|p2a: Electabuzz|23/100|[from] move: Pain Split|[silent]
|-sethp|p1b: Duskull|28/100|[from] move: Pain Split
|move|p2b: Jaiden|Leaf Storm|p1a: Torkoal|[miss]
|-miss|p2b: Jaiden|p1a: Torkoal
|
|-weather|SunnyDay|[upkeep]
|upkeep
|turn|4
|c|☆Yegorushhka|noooooooooo
|c|☆Yegorushhka|gg
|inactive|gunkqing has 30 seconds left.
|inactive|Yegorushhka has 30 seconds left.
|
|t:|1756301728
|switch|p1b: Ursaluna|Ursaluna, L50, F|100/100
|move|p2a: Electabuzz|Follow Me|p2a: Electabuzz
|-singleturn|p2a: Electabuzz|move: Follow Me
|move|p1a: Torkoal|Eruption|p2a: Electabuzz|[spread] p2a,p2b
|-resisted|p2b: Jaiden
|-damage|p2a: Electabuzz|0 fnt
|-damage|p2b: Jaiden|0 fnt
|faint|p2a: Electabuzz
|faint|p2b: Jaiden
|
|-weather|SunnyDay|[upkeep]
|-status|p1b: Ursaluna|brn|[from] item: Flame Orb
|upkeep
|
|t:|1756301735
|switch|p2b: Hydreigon|Hydreigon, L50, F|100/100
|switch|p2a: Ursaluna|Ursaluna-Bloodmoon, L50, M|100/100
|turn|5
|
|t:|1756301759
|switch|p1b: Incineroar|Incineroar, L50, F|100/100
|-ability|p1b: Incineroar|Intimidate|boost
|-unboost|p2a: Ursaluna|atk|1
|-unboost|p2b: Hydreigon|atk|1
|move|p2a: Ursaluna|Protect|p2a: Ursaluna
|-singleturn|p2a: Ursaluna|Protect
|move|p2b: Hydreigon|Protect|p2b: Hydreigon
|-singleturn|p2b: Hydreigon|Protect
|move|p1a: Torkoal|Eruption|p2a: Ursaluna|[spread] 
|-activate|p2a: Ursaluna|move: Protect
|-activate|p2b: Hydreigon|move: Protect
|
|-weather|SunnyDay|[upkeep]
|-fieldend|move: Trick Room
|upkeep
|turn|6
|inactive|gunkqing has 30 seconds left.
|
|t:|1756301787
|move|p1b: Incineroar|Fake Out|p2a: Ursaluna
|-damage|p2a: Ursaluna|90/100
|move|p2b: Hydreigon|Draco Meteor|p1a: Torkoal
|-damage|p1a: Torkoal|10/100
|-unboost|p2b: Hydreigon|spa|2
|cant|p2a: Ursaluna|flinch
|move|p1a: Torkoal|Overheat|p2a: Ursaluna
|-crit|p2a: Ursaluna
|-damage|p2a: Ursaluna|0 fnt
|-unboost|p1a: Torkoal|spa|2
|faint|p2a: Ursaluna
|-enditem|p1a: Torkoal|Eject Pack
|
|t:|1756301799
|switch|p1a: Ursaluna|Ursaluna, L50, F|100/100 brn
|
|-weather|none
|-damage|p1a: Ursaluna|94/100 brn|[from] brn
|upkeep
|turn|7
|l|☆Yegorushhka
|inactive|Yegorushhka disconnected and has 300 seconds to reconnect!
|player|p2|
|inactive|Yegorushhka has 270 seconds to reconnect!
|j|☆Yegorushhka
|inactive|Yegorushhka reconnected and has 55 seconds left.
|player|p2|Yegorushhka|lillie|
|
|t:|1756301866
|move|p2b: Hydreigon|Focus Energy|p2b: Hydreigon
|-start|p2b: Hydreigon|move: Focus Energy
|move|p1a: Ursaluna|Facade|p2b: Hydreigon
|-damage|p2b: Hydreigon|0 fnt
|faint|p2b: Hydreigon
|
|win|gunkqing
|l|☆Yegorushhka
|player|p2|
|c|☆gunkqing|ggs
