|j|☆EBnilla
|j|☆jazzareth
|html|EBnillajazzareth    
|uhtml|bestof|Game 2 of a best-of-3
|t:|1783439147
|gametype|doubles
|player|p1|EBnilla|backpacker|1146
|player|p2|jazzareth|2|1182
|gen|9
|tier|[Gen 9 Champions] VGC 2026 Reg M-B (Bo3)
|rated|
|rule|Species Clause: Limit one of each Pokémon
|rule|Item Clause: Limit 1 of each item
|clearpoke
|poke|p1|Floette-Eternal, L50, F|
|poke|p1|Grimmsnarl, L50, M|
|poke|p1|Espathra, L50, F|
|poke|p1|Sinistcha, L50|
|poke|p1|Annihilape, L50, M|
|poke|p1|Raichu, L50, F|
|poke|p2|Aerodactyl, L50, M|
|poke|p2|Garchomp, L50, M|
|poke|p2|Kingambit, L50, F|
|poke|p2|Charizard, L50, F|
|poke|p2|Sylveon, L50, F|
|poke|p2|Farigiraf, L50, M|
|teampreview|4
|showteam|p1|Floette-Eternal||Floettite|FlowerVeil|DazzlingGleam,DrainingKiss,CalmMind,Protect|Modest||F|||50|]Grimmsnarl||LightClay|Prankster|SpiritBreak,Reflect,LightScreen,PartingShot|Relaxed||M|||50|]Espathra||MentalHerb|SpeedBoost|LuminaCrash,BatonPass,CalmMind,Protect|Timid||F|||50|]Sinistcha||SitrusBerry|Hospitality|MatchaGotcha,RagePowder,GrassyTerrain,Protect|Sassy|||||50|]Annihilape||Leftovers|Defiant|RageFist,DrainPunch,BulkUp,Protect|Careful||M|||50|]Raichu||RaichuniteY|LightningRod|ZapCannon,FocusBlast,FakeOut,Protect|Timid||F|||50|
|showteam|p2|Aerodactyl||Aerodactylite|Unnerve|IceFang,RockSlide,Tailwind,DualWingbeat|Jolly||M|||50|]Garchomp||LifeOrb|RoughSkin|DragonClaw,StompingTantrum,Earthquake,Protect|Jolly||M|||50|]Kingambit||FocusSash|Defiant|SuckerPunch,KowtowCleave,IronHead,LowKick|Adamant||F|||50|]Charizard||CharizarditeY|Blaze|Protect,WeatherBall,HeatWave,SolarBeam|Modest||F|||50|]Sylveon||FairyFeather|Pixilate|Protect,HyperVoice,HyperBeam,QuickAttack|Modest||F|||50|]Farigiraf||SitrusBerry|ArmorTail|TrickRoom,Thunderbolt,Protect,TwinBeam|Bold||M|||50|
|inactive|Battle timer is ON: inactive players will automatically lose when time's up. (requested by EBnilla)
|
|t:|1783439180
|teamsize|p1|4
|teamsize|p2|4
|start
|switch|p1a: Grimmsnarl|Grimmsnarl, L50, M|100/100
|switch|p1b: Raichu|Raichu, L50, F|100/100
|switch|p2a: Sylveon|Sylveon, L50, F|100/100
|switch|p2b: Kingambit|Kingambit, L50, F|100/100
|turn|1
|inactive|EBnilla has 30 seconds left.
|
|t:|1783439209
|detailschange|p1b: Raichu|Raichu-Mega-Y, L50, F
|-mega|p1b: Raichu|Raichu|Raichunite Y
|move|p1b: Raichu|Fake Out|p2b: Kingambit
|-resisted|p2b: Kingambit|1
|-damage|p2b: Kingambit|96/100
|move|p1a: Grimmsnarl|Light Screen|p1a: Grimmsnarl
|-sidestart|p1: EBnilla|move: Light Screen
|cant|p2b: Kingambit|flinch
|move|p2a: Sylveon|Hyper Voice|p1a: Grimmsnarl|[spread] p1a,p1b
|-supereffective|p1a: Grimmsnarl|1
|-damage|p1a: Grimmsnarl|34/100
|-damage|p1b: Raichu|54/100
|
|upkeep
|turn|2
|inactive|jazzareth has 30 seconds left.
|inactive|jazzareth has 20 seconds left.
|
|t:|1783439248
|move|p1b: Raichu|Protect|p1b: Raichu
|-singleturn|p1b: Raichu|Protect
|move|p2b: Kingambit|Sucker Punch||[still]
|-fail|p2b: Kingambit
|move|p1a: Grimmsnarl|Reflect|p1a: Grimmsnarl
|-sidestart|p1: EBnilla|Reflect
|move|p2a: Sylveon|Hyper Voice|p1a: Grimmsnarl|[spread] p1a
|-activate|p1b: Raichu|move: Protect
|-supereffective|p1a: Grimmsnarl|1
|-damage|p1a: Grimmsnarl|0 fnt
|faint|p1a: Grimmsnarl
|
|upkeep
|
|t:|1783439255
|switch|p1a: Sinistcha|Sinistcha, L50|100/100
|-heal|p1b: Raichu|78/100|[from] ability: Hospitality|[of] p1a: Sinistcha
|turn|3
|
|t:|1783439272
|switch|p2b: Charizard|Charizard, L50, F|100/100
|move|p1a: Sinistcha|Rage Powder|p1a: Sinistcha
|-singleturn|p1a: Sinistcha|move: Rage Powder
|move|p1b: Raichu|Zap Cannon|p2a: Sylveon
|-damage|p2a: Sylveon|44/100
|-status|p2a: Sylveon|par
|move|p2a: Sylveon|Hyper Voice|p1a: Sinistcha|[spread] p1a,p1b
|-crit|p1b: Raichu
|-damage|p1a: Sinistcha|67/100
|-damage|p1b: Raichu|0 fnt
|faint|p1b: Raichu
|
|upkeep
|c|☆EBnilla|:/
|
|t:|1783439285
|switch|p1b: Annihilape|Annihilape, L50, M|100/100
|turn|4
|-message|EBnilla forfeited.
|
|win|jazzareth
|raw|EBnilla's rating: 1146 → 1124(-22 for losing)
|raw|jazzareth's rating: 1182 → 1204(+22 for winning)
