|j|☆champion lama
|j|☆jokkebrok
|html|champion lamajokkebrok    
|uhtml|bestof|Game 1 of a best-of-3
|t:|1756914244
|gametype|doubles
|player|p1|champion lama|norman|1032
|player|p2|jokkebrok|larry|1020
|gen|9
|tier|[Gen 9] VGC 2025 Reg H (Bo3)
|rated|
|rule|Species Clause: Limit one of each Pokémon
|rule|Item Clause: Limit 1 of each item
|clearpoke
|poke|p1|Incineroar, L50, M|
|poke|p1|Pelipper, L50, M|
|poke|p1|Barraskewda, L50, M|
|poke|p1|Amoonguss, L50, M|
|poke|p1|Maushold-Four, L50|
|poke|p1|Archaludon, L50, M|
|poke|p2|Typhlosion-Hisui, L50, M|
|poke|p2|Shiftry, L50, M|
|poke|p2|Murkrow, L50, M|
|poke|p2|Annihilape, L50, M|
|poke|p2|Dragonite, L50, M|
|poke|p2|Smeargle, L50, M|
|teampreview|4
|showteam|p1|Incineroar||SafetyGoggles|Intimidate|FakeOut,Snarl,KnockOff,PartingShot|||M|||50|,,,,,Ghost]Pelipper||FocusSash|Drizzle|Hurricane,WeatherBall,Tailwind,Protect|||M|||50|,,,,,Ghost]Barraskewda||ScopeLens|SwiftSwim|FocusEnergy,Waterfall,CloseCombat,Protect|||M|||50|,,,,,Water]Amoonguss||SitrusBerry|Regenerator|Spore,RagePowder,PollenPuff,Protect|||M|||50|,,,,,Water]Maushold-Four||WideLens|Technician|PopulationBomb,FollowMe,Taunt,Protect||||||50|,,,,,Grass]Archaludon||AssaultVest|Stamina|ElectroShot,DragonPulse,FlashCannon,BodyPress|||M|||50|,,,,,Grass
|showteam|p2|Typhlosion-Hisui||ChoiceSpecs|Blaze|Eruption,HeatWave,Overheat,ShadowBall|||M|||50|,,,,,Fire]Shiftry||AssaultVest|WindRider|FakeOut,SuckerPunch,KnockOff,LeafBlade|||M|||50|,,,,,Fire]Murkrow||Eviolite|Prankster|Tailwind,FoulPlay,SunnyDay,Quash|||M|||50|,,,,,Ghost]Annihilape||Leftovers|Defiant|RageFist,DrainPunch,BulkUp,Protect|||M|||50|,,,,,Steel]Dragonite||LoadedDice|InnerFocus|ExtremeSpeed,ScaleShot,IceSpinner,Protect|||M|||50|,,,,,Fairy]Smeargle||FocusSash|OwnTempo|FakeOut,Spore,FollowMe,SpikyShield|||M|||50|,,,,,Ghost
|inactive|Battle timer is ON: inactive players will automatically lose when time's up. (requested by champion lama)
|
|t:|1756914277
|teamsize|p1|4
|teamsize|p2|4
|start
|switch|p1a: Barraskewda|Barraskewda, L50, M|100/100
|switch|p1b: Amoonguss|Amoonguss, L50, M|100/100
|switch|p2a: Crane|Murkrow, L50, M|100/100
|switch|p2b: Molrat|Typhlosion-Hisui, L50, M|100/100
|turn|1
|inactive|champion lama has 30 seconds left.
|inactive|champion lama has 20 seconds left.
|
|t:|1756914317
|switch|p1b: Pelipper|Pelipper, L50, M|100/100
|-weather|RainDance|[from] ability: Drizzle|[of] p1b: Pelipper
|-terastallize|p2b: Molrat|Fire
|move|p2a: Crane|Sunny Day|p2a: Crane
|-weather|SunnyDay
|move|p1a: Barraskewda|Waterfall|p2b: Molrat
|-supereffective|p2b: Molrat
|-damage|p2b: Molrat|36/100
|move|p2b: Molrat|Eruption|p1b: Pelipper|[spread] p1a,p1b
|-resisted|p1a: Barraskewda
|-resisted|p1b: Pelipper
|-damage|p1a: Barraskewda|40/100
|-damage|p1b: Pelipper|48/100
|
|-weather|SunnyDay|[upkeep]
|upkeep
|turn|2
|
|t:|1756914338
|move|p1a: Barraskewda|Protect|p1a: Barraskewda
|-singleturn|p1a: Barraskewda|Protect
|move|p2a: Crane|Tailwind|p2a: Crane
|-sidestart|p2: jokkebrok|move: Tailwind
|move|p2b: Molrat|Eruption|p1b: Pelipper|[spread] p1b
|-activate|p1a: Barraskewda|move: Protect
|-resisted|p1b: Pelipper
|-damage|p1b: Pelipper|0 fnt
|faint|p1b: Pelipper
|
|-weather|SunnyDay|[upkeep]
|upkeep
|-message|champion lama forfeited.
|
|win|jokkebrok
|l|☆champion lama
|player|p1|
||jokkebrok is ready for game 2.
||champion lama is ready for game 2.
|uhtml|next|Next: Game 2 of 3
