|j|☆fustor
|j|☆mysteriousmeatman
|html|fustormysteriousmeatman    
|uhtml|bestof|Game 2 of a best-of-3
|t:|1756726148
|gametype|doubles
|player|p1|fustor|1|1135
|player|p2|mysteriousmeatman|infielder|1000
|gen|9
|tier|[Gen 9] VGC 2025 Reg H (Bo3)
|rated|
|rule|Species Clause: Limit one of each Pokémon
|rule|Item Clause: Limit 1 of each item
|clearpoke
|poke|p1|Charizard, L50, F|
|poke|p1|Torkoal, L50, F|
|poke|p1|Porygon2, L50|
|poke|p1|Incineroar, L50, F|
|poke|p1|Jumpluff, L50, F|
|poke|p1|Ursaluna, L50, M|
|poke|p2|Palafin, L50, F|
|poke|p2|Gothitelle, L50, F|
|poke|p2|Weezing-Galar, L50, M|
|poke|p2|Incineroar, L50, M|
|poke|p2|Azumarill, L50, M|
|poke|p2|Honchkrow, L50, F|
|teampreview|4
|showteam|p1|Charizard||ChoiceSpecs|SolarPower|HeatWave,Overheat,WeatherBall,AirSlash|||F|||50|,,,,,Ghost]Torkoal||EjectPack|Drought|Eruption,Overheat,HelpingHand,Protect|||F|||50|,,,,,Fire]Porygon2||Eviolite|Download|TeraBlast,IceBeam,Recover,TrickRoom||||||50|,,,,,Fighting]Incineroar||SitrusBerry|Intimidate|FlareBlitz,KnockOff,FakeOut,PartingShot|||F|||50|,,,,,Ghost]Jumpluff||CovertCloak|Chlorophyll|SleepPowder,SunnyDay,RagePowder,Tailwind|||F|||50|,,,,,Water]Ursaluna||FlameOrb|Guts|HeadlongRush,Facade,Earthquake,Protect|||M|||50|,,,,,Ghost
|showteam|p2|Palafin||PunchingGlove|ZerotoHero|FlipTurn,JetPunch,DrainPunch,Protect|||F|||50|,,,,,Water]Gothitelle||AbilityShield|ShadowTag|FakeOut,Psychic,TrickRoom,Protect|||F|||50|,,,,,Dark]Weezing-Galar||FocusSash|NeutralizingGas|DazzlingGleam,SludgeBomb,Haze,Protect|||M|||50|,,,,,Poison]Incineroar||SafetyGoggles|Intimidate|FakeOut,KnockOff,PartingShot,Protect|||M|||50|,,,,,Ghost]Azumarill||SitrusBerry|HugePower|PlayRough,Waterfall,BellyDrum,Protect|||M|||50|,,,,,Water]Honchkrow||ExpertBelt|SuperLuck|NightSlash,SuckerPunch,Uturn,PerishSong|||F|||50|,,,,,Dark
|inactive|Battle timer is ON: inactive players will automatically lose when time's up. (requested by mysteriousmeatman)
|
|t:|1756726163
|teamsize|p1|4
|teamsize|p2|4
|start
|switch|p1a: Charizard|Charizard, L50, F|100/100
|switch|p1b: Porygon2|Porygon2, L50|100/100
|switch|p2a: Honchkrow|Honchkrow, L50, F, shiny|100/100
|switch|p2b: Weezing|Weezing-Galar, L50, M, shiny|100/100
|-ability|p2b: Weezing|Neutralizing Gas
|turn|1
|inactive|mysteriousmeatman has 30 seconds left.
|inactive|mysteriousmeatman has 20 seconds left.
|
|t:|1756726199
|switch|p1b: Torkoal|Torkoal, L50, F|100/100
|move|p1a: Charizard|Heat Wave|p2a: Honchkrow|[spread] p2a,p2b
|-damage|p2a: Honchkrow|36/100
|-damage|p2b: Weezing|29/100
|move|p2a: Honchkrow|Perish Song|p2a: Honchkrow
|-start|p1a: Charizard|perish3|[silent]
|-start|p1b: Torkoal|perish3|[silent]
|-start|p2a: Honchkrow|perish3|[silent]
|-start|p2b: Weezing|perish3|[silent]
|-fieldactivate|move: Perish Song
|move|p2b: Weezing|Sludge Bomb|p1a: Charizard
|-damage|p1a: Charizard|65/100
|
|-start|p1a: Charizard|perish3
|-start|p2a: Honchkrow|perish3
|-start|p2b: Weezing|perish3
|-start|p1b: Torkoal|perish3
|upkeep
|turn|2
|inactive|mysteriousmeatman has 30 seconds left.
|inactive|mysteriousmeatman has 20 seconds left.
|inactive|mysteriousmeatman has 15 seconds left.
|inactive|mysteriousmeatman has 10 seconds left.
|
|t:|1756726246
|switch|p1a: Porygon2|Porygon2, L50|100/100
|switch|p2a: Gothitelle|Gothitelle, L50, F, shiny|100/100
|move|p2b: Weezing|Sludge Bomb|p1a: Porygon2
|-damage|p1a: Porygon2|81/100
|-status|p1a: Porygon2|psn
|move|p1b: Torkoal|Eruption|p2a: Gothitelle|[spread] p2a,p2b
|-damage|p2a: Gothitelle|70/100
|-damage|p2b: Weezing|0 fnt
|faint|p2b: Weezing
|-end|p2b: Weezing|ability: Neutralizing Gas
|-ability|p1a: Porygon2|Download|boost
|-boost|p1a: Porygon2|atk|1
|-weather|SunnyDay|[from] ability: Drought|[of] p1b: Torkoal
|
|-weather|SunnyDay|[upkeep]
|-damage|p1a: Porygon2|69/100 psn|[from] psn
|-start|p1b: Torkoal|perish2
|upkeep
|
|t:|1756726268
|switch|p2b: Honchkrow|Honchkrow, L50, F, shiny|36/100
|turn|3
|
|t:|1756726276
|move|p2a: Gothitelle|Fake Out|p1b: Torkoal
|-damage|p1b: Torkoal|95/100
|move|p2b: Honchkrow|Night Slash|p1a: Porygon2
|-crit|p1a: Porygon2
|-damage|p1a: Porygon2|33/100 psn
|move|p1a: Porygon2|Ice Beam|p2b: Honchkrow
|-supereffective|p2b: Honchkrow
|-damage|p2b: Honchkrow|0 fnt
|faint|p2b: Honchkrow
|cant|p1b: Torkoal|flinch
|
|-weather|SunnyDay|[upkeep]
|-damage|p1a: Porygon2|20/100 psn|[from] psn
|-start|p1b: Torkoal|perish1
|upkeep
|
|t:|1756726285
|switch|p2b: Incineroar|Incineroar, L50, M, shiny|100/100
|-ability|p2b: Incineroar|Intimidate|boost
|-unboost|p1a: Porygon2|atk|1
|-unboost|p1b: Torkoal|atk|1
|-enditem|p1b: Torkoal|Eject Pack
|-message|mysteriousmeatman forfeited.
|raw|fustor's rating: 1135 → 1151(+16 for winning)
|raw|mysteriousmeatman's rating: 1000 → 1000(+0 for losing)
|
|win|fustor
