|j|☆ToastedArt
|j|☆leothebardo
|html|ToastedArtleothebardo    
|uhtml|bestof|Game 2 of a best-of-3
|t:|1784499147
|gametype|doubles
|player|p1|ToastedArt|iris|1127
|player|p2|leothebardo|hilbert|1050
|gen|9
|tier|[Gen 9 Champions] VGC 2026 Reg M-B (Bo3)
|rated|
|rule|Species Clause: Limit one of each Pokémon
|rule|Item Clause: Limit 1 of each item
|clearpoke
|poke|p1|Falinks, L50, shiny|
|poke|p1|Incineroar, L50, M|
|poke|p1|Basculegion, L50, M|
|poke|p1|Sneasler, L50, M|
|poke|p1|Vanilluxe, L50, M, shiny|
|poke|p1|Dragonite, L50, M|
|poke|p2|Gengar, L50, M, shiny|
|poke|p2|Incineroar, L50, M, shiny|
|poke|p2|Tinkaton, L50, F|
|poke|p2|Altaria, L50, F|
|poke|p2|Kingambit, L50, M|
|poke|p2|Annihilape, L50, F|
|teampreview|4
|showteam|p1|Falinks||Falinksite|Defiant|NoRetreat,CloseCombat,RockSlide,Protect|Adamant|||||50|]Incineroar||PasshoBerry|Intimidate|FakeOut,FlareBlitz,ThroatChop,PartingShot|Impish||M|||50|]Basculegion||SitrusBerry|Adaptability|WaveCrash,LastRespects,AquaJet,Protect|Adamant||M|||50|]Sneasler||FocusSash|PoisonTouch|PoisonJab,CloseCombat,FakeOut,Coaching|Jolly||M|||50|]Vanilluxe||ChoiceScarf|SnowWarning|Blizzard,FreezeDry,IcyWind,SheerCold|Modest||M|||50|]Dragonite||LifeOrb|InnerFocus|DragonClaw,ExtremeSpeed,ThunderPunch,Tailwind|Adamant||M|||50|
|showteam|p2|Gengar||Gengarite|CursedBody|ShadowBall,Disable,PerishSong,Protect|Bold||M|||50|]Incineroar||PasshoBerry|Intimidate|FakeOut,FlareBlitz,PartingShot,Protect|Impish||M|||50|]Tinkaton||ShucaBerry|MoldBreaker|FakeOut,GigatonHammer,Encore,Protect|Impish||F|||50|]Altaria||Leftovers|CloudNine|FireSpin,PerishSong,WillOWisp,Protect|Bold||F|||50|]Kingambit||BlackGlasses|Defiant|KowtowCleave,SuckerPunch,SwordsDance,Protect|Adamant||M|||50|]Annihilape||ChoiceScarf|Defiant|CloseCombat,PhantomForce,IcePunch,Uturn|Jolly||F|||50|
|inactive|Battle timer is ON: inactive players will automatically lose when time's up. (requested by ToastedArt)
|inactive|ToastedArt has 60 seconds left.
|inactive|leothebardo has 60 seconds left.
|
|t:|1784499193
|teamsize|p1|4
|teamsize|p2|4
|start
|switch|p1a: Basculegion|Basculegion, L50, M|100/100
|switch|p1b: Dragonite|Dragonite, L50, M|100/100
|switch|p2a: Annihilape|Annihilape, L50, F|100/100
|switch|p2b: Gengar|Gengar, L50, M, shiny|100/100
|turn|1
|inactive|ToastedArt has 30 seconds left.
|inactive|leothebardo has 30 seconds left.
|
|t:|1784499225
|detailschange|p2b: Gengar|Gengar-Mega, L50, M, shiny
|-mega|p2b: Gengar|Gengar|Gengarite
|move|p2b: Gengar|Protect|p2b: Gengar
|-singleturn|p2b: Gengar|Protect
|move|p2a: Annihilape|Phantom Force||[still]
|-prepare|p2a: Annihilape|Phantom Force
|move|p1b: Dragonite|Tailwind|p1b: Dragonite
|-sidestart|p1: ToastedArt|move: Tailwind
|move|p1a: Basculegion|Wave Crash|p2b: Gengar
|-activate|p2b: Gengar|move: Protect
|
|upkeep
|turn|2
|inactive|ToastedArt has 30 seconds left.
|inactive|leothebardo has 30 seconds left.
|
|t:|1784499257
|switch|p2b: Tinkaton|Tinkaton, L50, F|100/100
|-ability|p2b: Tinkaton|Mold Breaker
|move|p1b: Dragonite|Dragon Claw|p2b: Tinkaton
|-immune|p2b: Tinkaton
|move|p2a: Annihilape|Phantom Force|p1a: Basculegion|[from] lockedmove
|-supereffective|p1a: Basculegion|1
|-damage|p1a: Basculegion|0 fnt
|faint|p1a: Basculegion
|
|upkeep
|
|t:|1784499282
|switch|p1a: Falinks|Falinks, L50, shiny|100/100
|turn|3
|-message|ToastedArt forfeited.
|
|win|leothebardo
