|j|☆Glavenus71601
|j|☆erickpoux
|html|Glavenus71601erickpoux    
|uhtml|bestof|Game 2 of a best-of-3
|t:|1756166601
|gametype|doubles
|player|p1|Glavenus71601|fisherman-gen4|1082
|player|p2|erickpoux|nate|1087
|gen|9
|tier|[Gen 9] VGC 2025 Reg H (Bo3)
|rated|
|rule|Species Clause: Limit one of each Pokémon
|rule|Item Clause: Limit 1 of each item
|clearpoke
|poke|p1|Pelipper, L50, F|
|poke|p1|Basculegion, L50, M|
|poke|p1|Archaludon, L50, F|
|poke|p1|Gholdengo, L50|
|poke|p1|Incineroar, L50, M|
|poke|p1|Rillaboom, L50, F|
|poke|p2|Volcarona, L50, M|
|poke|p2|Rillaboom, L50, M|
|poke|p2|Electabuzz, L50, F|
|poke|p2|Dragonite, L50, M|
|poke|p2|Ursaluna-Bloodmoon, L50, M|
|poke|p2|Whimsicott, L50, M|
|teampreview|4
|showteam|p1|Pelipper||FocusSash|Drizzle|WeatherBall,Hurricane,Tailwind,Protect|||F|||50|,,,,,Ghost]Basculegion||ChoiceBand|SwiftSwim|WaveCrash,FlipTurn,LastRespects,AquaJet|||M|||50|,,,,,Water]Archaludon||AssaultVest|Stamina|ElectroShot,BodyPress,DragonPulse,FlashCannon|||F|||50|,,,,,Grass]Gholdengo||MetalCoat|GoodasGold|NastyPlot,ShadowBall,MakeItRain,Protect||||||50|,,,,,Water]Incineroar||SafetyGoggles|Intimidate|KnockOff,FakeOut,PartingShot,FlareBlitz|||M|||50|,,,,,Bug]Rillaboom||LoadedDice|GrassySurge|GrassyGlide,FakeOut,BulletSeed,HighHorsepower|||F|||50|,,,,,Fire
|showteam|p2|Volcarona||CovertCloak|FlameBody|GigaDrain,HeatWave,QuiverDance,Protect|||M|||50|,,,,,Grass]Rillaboom||MiracleSeed|GrassySurge|WoodHammer,GrassyGlide,Uturn,FakeOut|||M|||50|,,,,,Grass]Electabuzz||Eviolite|VitalSpirit|FollowMe,Protect,Electroweb,Taunt|||F|||50|,,,,,Ghost]Dragonite||LoadedDice|Multiscale|ScaleShot,Tailwind,Haze,Protect|||M|||50|,,,,,Fairy]Ursaluna-Bloodmoon||LifeOrb|MindsEye|BloodMoon,EarthPower,HyperVoice,Protect|||M|||50|,,,,,Normal]Whimsicott||FocusSash|Prankster|Tailwind,Taunt,Moonblast,FakeTears|||M|||50|,,,,,Ghost
|
|t:|1756166622
|teamsize|p1|4
|teamsize|p2|4
|start
|switch|p1a: Fort Pitt|Archaludon, L50, F|100/100
|switch|p1b: Pelican Sam|Pelipper, L50, F|100/100
|switch|p2a: Electabuzz|Electabuzz, L50, F|100/100
|switch|p2b: Ursaluna|Ursaluna-Bloodmoon, L50, M|100/100
|-weather|RainDance|[from] ability: Drizzle|[of] p1b: Pelican Sam
|turn|1
|
|t:|1756166655
|-terastallize|p1a: Fort Pitt|Grass
|move|p1b: Pelican Sam|Protect|p1b: Pelican Sam
|-singleturn|p1b: Pelican Sam|Protect
|move|p2b: Ursaluna|Protect|p2b: Ursaluna
|-singleturn|p2b: Ursaluna|Protect
|move|p2a: Electabuzz|Taunt|p1b: Pelican Sam
|-activate|p1b: Pelican Sam|move: Protect
|move|p1a: Fort Pitt|Dragon Pulse|p2a: Electabuzz
|-damage|p2a: Electabuzz|73/100
|
|-weather|RainDance|[upkeep]
|upkeep
|turn|2
|
|t:|1756166676
|-terastallize|p2b: Ursaluna|Normal
|move|p2a: Electabuzz|Follow Me|p2a: Electabuzz
|-singleturn|p2a: Electabuzz|move: Follow Me
|move|p1b: Pelican Sam|Tailwind|p1b: Pelican Sam
|-sidestart|p1: Glavenus71601|move: Tailwind
|move|p1a: Fort Pitt|Body Press|p2a: Electabuzz
|-damage|p2a: Electabuzz|53/100
|move|p2b: Ursaluna|Blood Moon|p1a: Fort Pitt
|-damage|p1a: Fort Pitt|8/100
|-ability|p1a: Fort Pitt|Stamina|boost
|-boost|p1a: Fort Pitt|def|1
|-damage|p2b: Ursaluna|91/100|[from] item: Life Orb
|
|-weather|RainDance|[upkeep]
|upkeep
|turn|3
|-message|Glavenus71601 forfeited.
|
|win|erickpoux
|raw|Glavenus71601's rating: 1082 → 1060(-22 for losing)
|raw|erickpoux's rating: 1087 → 1114(+27 for winning)
|l|☆Glavenus71601
|player|p1|
