|j|☆DISSSSS
|j|☆randomguy1114s
|html|DISSSSSrandomguy1114s    
|uhtml|bestof|Game 1 of a best-of-3
|t:|1756244215
|gametype|doubles
|player|p1|DISSSSS|flannery|1159
|player|p2|randomguy1114s|lillie-masters|1113
|gen|9
|tier|[Gen 9] VGC 2025 Reg H (Bo3)
|rated|
|rule|Species Clause: Limit one of each Pokémon
|rule|Item Clause: Limit 1 of each item
|clearpoke
|poke|p1|Ursaluna, L50, M|
|poke|p1|Reuniclus, L50, M|
|poke|p1|Indeedee-F, L50, F|
|poke|p1|Torkoal, L50, M|
|poke|p1|Sneasler, L50, M|
|poke|p1|Lilligant-Hisui, L50, F|
|poke|p2|Volcarona, L50, F|
|poke|p2|Rillaboom, L50, F|
|poke|p2|Incineroar, L50, M|
|poke|p2|Sneasler, L50, F|
|poke|p2|Clefairy, L50, F|
|poke|p2|Torkoal, L50, F|
|teampreview|4
|showteam|p1|Ursaluna||FlameOrb|Guts|Facade,HeadlongRush,Earthquake,Protect|||M|||50|,,,,,Ghost]Reuniclus||LifeOrb|MagicGuard|ExpandingForce,TrickRoom,Protect,FocusBlast|||M|||50|,,,,,Fighting]Indeedee-F||SafetyGoggles|PsychicSurge|TrickRoom,Psychic,FollowMe,HelpingHand|||F|||50|,,,,,Water]Torkoal||Charcoal|Drought|Eruption,EarthPower,HeatWave,Protect|||M|||50|,,,,,Fire]Sneasler||PsychicSeed|Unburden|DireClaw,CloseCombat,ThroatChop,Protect|||M|||50|,,,,,Dark]Lilligant-Hisui||FocusSash|Chlorophyll|AfterYou,SleepPowder,CloseCombat,Protect|||F|||50|,,,,,Ghost
|showteam|p2|Volcarona||GrassySeed|FlameBody|QuiverDance,FieryDance,HeatWave,Protect|||F|||50|,,,,,Dragon]Rillaboom||AssaultVest|GrassySurge|FakeOut,GrassyGlide,WoodHammer,Uturn|||F|||50|,,,,,Fire]Incineroar||SafetyGoggles|Intimidate|FlareBlitz,KnockOff,FakeOut,PartingShot|||M|||50|,,,,,Ghost]Sneasler||FocusSash|Unburden|CloseCombat,DireClaw,ThroatChop,Protect|||F|||50|,,,,,Dark]Clefairy||Eviolite|FriendGuard|FollowMe,LifeDew,HelpingHand,Protect|||F|||50|,,,,,Water]Torkoal||EjectPack|Drought|Eruption,Overheat,HelpingHand,Protect|||F|||50|,,,,,Fire
|inactive|Battle timer is ON: inactive players will automatically lose when time's up. (requested by DISSSSS)
|inactive|DISSSSS has 60 seconds left.
|inactive|randomguy1114s has 60 seconds left.
|
|t:|1756244263
|teamsize|p1|4
|teamsize|p2|4
|start
|switch|p1a: Lilligant|Lilligant-Hisui, L50, F|100/100
|switch|p1b: Indeedee|Indeedee-F, L50, F|100/100
|switch|p2a: Incineroar|Incineroar, L50, M, shiny|100/100
|switch|p2b: Volcarona|Volcarona, L50, F, shiny|100/100
|-ability|p2a: Incineroar|Intimidate|boost
|-unboost|p1a: Lilligant|atk|1
|-unboost|p1b: Indeedee|atk|1
|-fieldstart|move: Psychic Terrain|[from] ability: Psychic Surge|[of] p1b: Indeedee
|turn|1
|
|t:|1756244287
|switch|p2b: monkeh|Rillaboom, L50, F, shiny|100/100
|-fieldstart|move: Grassy Terrain|[from] ability: Grassy Surge|[of] p2b: monkeh
|move|p2a: Incineroar|Fake Out|p1a: Lilligant
|-damage|p1a: Lilligant|81/100
|cant|p1a: Lilligant|flinch
|move|p1b: Indeedee|Trick Room|p1b: Indeedee
|-fieldstart|move: Trick Room|[of] p1b: Indeedee
|
|-heal|p1a: Lilligant|87/100|[from] Grassy Terrain
|upkeep
|turn|2
|
|t:|1756244308
|switch|p1b: Torkoal|Torkoal, L50, M|100/100
|-weather|SunnyDay|[from] ability: Drought|[of] p1b: Torkoal
|switch|p1a: Reuniclus|Reuniclus, L50, M|100/100
|move|p2a: Incineroar|Flare Blitz|p1a: Reuniclus
|-damage|p1a: Reuniclus|16/100
|-status|p1a: Reuniclus|brn
|-damage|p2a: Incineroar|70/100|[from] Recoil
|move|p2b: monkeh|Wood Hammer|p1b: Torkoal
|-resisted|p1b: Torkoal
|-damage|p1b: Torkoal|69/100
|-damage|p2b: monkeh|91/100|[from] Recoil
|
|-weather|SunnyDay|[upkeep]
|-heal|p1b: Torkoal|75/100|[from] Grassy Terrain
|-heal|p1a: Reuniclus|22/100 brn|[from] Grassy Terrain
|-heal|p2a: Incineroar|76/100|[from] Grassy Terrain
|-heal|p2b: monkeh|97/100|[from] Grassy Terrain
|upkeep
|turn|3
|inactive|DISSSSS has 30 seconds left.
|inactive|randomguy1114s has 30 seconds left.
|
|t:|1756244336
|-terastallize|p2b: monkeh|Fire
|move|p1b: Torkoal|Earth Power|p2b: monkeh
|-supereffective|p2b: monkeh
|-damage|p2b: monkeh|61/100
|move|p1a: Reuniclus|Focus Blast|p2a: Incineroar|[miss]
|-miss|p1a: Reuniclus|p2a: Incineroar
|move|p2a: Incineroar|Knock Off|p1b: Torkoal
|-damage|p1b: Torkoal|39/100
|-enditem|p1b: Torkoal|Charcoal|[from] move: Knock Off|[of] p2a: Incineroar
|move|p2b: monkeh|Wood Hammer|p1a: Reuniclus
|-damage|p1a: Reuniclus|0 fnt
|faint|p1a: Reuniclus
|-damage|p2b: monkeh|53/100|[from] Recoil
|
|-weather|SunnyDay|[upkeep]
|-heal|p1b: Torkoal|45/100|[from] Grassy Terrain
|-heal|p2a: Incineroar|82/100|[from] Grassy Terrain
|-heal|p2b: monkeh|59/100|[from] Grassy Terrain
|upkeep
|
|t:|1756244345
|switch|p1a: Indeedee|Indeedee-F, L50, F|100/100
|-fieldstart|move: Psychic Terrain|[from] ability: Psychic Surge|[of] p1a: Indeedee
|turn|4
|-message|DISSSSS forfeited.
|
|win|randomguy1114s
|l|☆DISSSSS
|player|p1|
|raw|DISSSSS's rating: 1159 → 1131(-28 for losing)
|raw|randomguy1114s's rating: 1113 → 1141(+28 for winning)
