|j|☆new mental
|j|☆pokeplaygg
|html|new mentalpokeplaygg    
|uhtml|bestof|Game 1 of a best-of-3
|t:|1783262269
|gametype|doubles
|player|p1|new mental|volkner|1241
|player|p2|pokeplaygg|169|1320
|gen|9
|tier|[Gen 9 Champions] VGC 2026 Reg M-B (Bo3)
|rated|
|rule|Species Clause: Limit one of each Pokémon
|rule|Item Clause: Limit 1 of each item
|clearpoke
|poke|p1|Aerodactyl, L50, M|
|poke|p1|Garchomp, L50, M|
|poke|p1|Kingambit, L50, F|
|poke|p1|Charizard, L50, F|
|poke|p1|Sylveon, L50, M|
|poke|p1|Farigiraf, L50, M|
|poke|p2|Farigiraf, L50, M|
|poke|p2|Aerodactyl, L50, F|
|poke|p2|Charizard, L50, M|
|poke|p2|Kingambit, L50, M|
|poke|p2|Garchomp, L50, F|
|poke|p2|Sylveon, L50, F|
|teampreview|4
|showteam|p1|Aerodactyl||Aerodactylite|Unnerve|IceFang,RockSlide,Tailwind,DualWingbeat|Jolly||M|||50|]Garchomp||LifeOrb|RoughSkin|DragonClaw,StompingTantrum,Earthquake,Protect|Jolly||M|||50|]Kingambit||FocusSash|Defiant|SuckerPunch,KowtowCleave,IronHead,LowKick|Adamant||F|||50|]Charizard||CharizarditeY|SolarPower|Protect,HeatWave,SolarBeam,WeatherBall|Timid||F|||50|]Sylveon||FairyFeather|Pixilate|Protect,HyperVoice,HyperBeam,QuickAttack|Modest||M|||50|]Farigiraf||SitrusBerry|ArmorTail|TrickRoom,Thunderbolt,Psychic,Roar|Bold||M|||50|
|showteam|p2|Farigiraf||SitrusBerry|ArmorTail|TwinBeam,TrickRoom,Roar,Thunderbolt|Bold||M|||50|]Aerodactyl||Aerodactylite|Unnerve|Protect,DualWingbeat,RockSlide,Tailwind|Jolly||F|||50|]Charizard||CharizarditeY|Blaze|Protect,HeatWave,WeatherBall,SolarBeam|Modest||M|||50|]Kingambit||FocusSash|Defiant|LowKick,SuckerPunch,KowtowCleave,IronHead|Adamant||M|||50|]Garchomp||LifeOrb|RoughSkin|Protect,Earthquake,DragonClaw,RockSlide|Adamant||F|||50|]Sylveon||FairyFeather|Pixilate|Protect,HyperBeam,QuickAttack,HyperVoice|Quiet||F|||50|
|inactive|Battle timer is ON: inactive players will automatically lose when time's up. (requested by new mental)
|inactive|pokeplaygg has 60 seconds left.
|
|t:|1783262313
|teamsize|p1|4
|teamsize|p2|4
|start
|switch|p1a: Aerodactyl|Aerodactyl, L50, M|100/100
|switch|p1b: Kingambit|Kingambit, L50, F|100/100
|switch|p2a: Aerodactyl|Aerodactyl, L50, F|100/100
|switch|p2b: Kingambit|Kingambit, L50, M|100/100
|-ability|p2a: Aerodactyl|Unnerve
|-ability|p1a: Aerodactyl|Unnerve
|turn|1
|inactive|pokeplaygg has 30 seconds left.
|inactive|pokeplaygg has 20 seconds left.
|
|t:|1783262353
|detailschange|p1a: Aerodactyl|Aerodactyl-Mega, L50, M
|-mega|p1a: Aerodactyl|Aerodactyl|Aerodactylite
|move|p1a: Aerodactyl|Rock Slide|p2a: Aerodactyl|[spread] p2b
|-miss|p1a: Aerodactyl|p2a: Aerodactyl
|-resisted|p2b: Kingambit|1
|-damage|p2b: Kingambit|88/100
|move|p2a: Aerodactyl|Tailwind|p2a: Aerodactyl
|-sidestart|p2: pokeplaygg|move: Tailwind
|move|p2b: Kingambit|Iron Head|p1a: Aerodactyl
|-supereffective|p1a: Aerodactyl|1
|-damage|p1a: Aerodactyl|0 fnt
|faint|p1a: Aerodactyl
|move|p1b: Kingambit|Low Kick|p2b: Kingambit
|-supereffective|p2b: Kingambit|2
|-damage|p2b: Kingambit|0 fnt
|faint|p2b: Kingambit
|
|upkeep
|inactive|new mental has 30 seconds left.
|
|t:|1783262379
|switch|p1a: Garchomp|Garchomp, L50, M|100/100
|switch|p2b: Charizard|Charizard, L50, M|100/100
|turn|2
|inactive|pokeplaygg has 30 seconds left.
|
|t:|1783262415
|detailschange|p2b: Charizard|Charizard-Mega-Y, L50, M
|-mega|p2b: Charizard|Charizard|Charizardite Y
|-weather|SunnyDay|[from] ability: Drought|[of] p2b: Charizard
|move|p1b: Kingambit|Sucker Punch|p2b: Charizard
|-damage|p2b: Charizard|49/100
|move|p2a: Aerodactyl|Rock Slide|p1a: Garchomp|[spread] p1a,p1b
|-resisted|p1a: Garchomp|1
|-resisted|p1b: Kingambit|1
|-damage|p1a: Garchomp|87/100
|-damage|p1b: Kingambit|88/100
|move|p2b: Charizard|Heat Wave|p1b: Kingambit|[spread] p1a,p1b
|-resisted|p1a: Garchomp|1
|-supereffective|p1b: Kingambit|1
|-crit|p1b: Kingambit
|-damage|p1a: Garchomp|47/100
|-damage|p1b: Kingambit|0 fnt
|faint|p1b: Kingambit
|move|p1a: Garchomp|Dragon Claw|p2b: Charizard
|-damage|p2b: Charizard|0 fnt
|faint|p2b: Charizard
|-damage|p1a: Garchomp|37/100|[from] item: Life Orb
|
|-weather|SunnyDay|[upkeep]
|upkeep
|inactive|pokeplaygg has 30 seconds left.
|
|t:|1783262442
|switch|p2b: Garchomp|Garchomp, L50, F|100/100
|switch|p1b: Sylveon|Sylveon, L50, M|100/100
|turn|3
|
|t:|1783262451
|move|p2a: Aerodactyl|Rock Slide|p1a: Garchomp|[spread] p1b
|-miss|p2a: Aerodactyl|p1a: Garchomp
|-crit|p1b: Sylveon
|-damage|p1b: Sylveon|58/100
|move|p2b: Garchomp|Earthquake|p1b: Sylveon|[spread] p1a,p1b
|-immune|p2a: Aerodactyl
|-damage|p1a: Garchomp|0 fnt
|-damage|p1b: Sylveon|0 fnt
|faint|p1a: Garchomp
|faint|p1b: Sylveon
|-damage|p2b: Garchomp|90/100|[from] item: Life Orb
|
|win|pokeplaygg
|inactive|new mental has 30 seconds to confirm battle start!
|inactive|pokeplaygg has 30 seconds to confirm battle start!
||pokeplaygg is ready for game 2.
||pokeplaygg is ready for game 2.
||new mental is ready for game 2.
|uhtml|next|Next: Game 2 of 3
|l|☆pokeplaygg
|player|p2|
