|j|☆Schmixed_007
|j|☆palle synchro
|html|Schmixed_007palle synchro    
|uhtml|bestof|Game 2 of a best-of-3
|t:|1784839860
|gametype|doubles
|player|p1|Schmixed_007|169|1237
|player|p2|palle synchro|volkner|1355
|gen|9
|tier|[Gen 9 Champions] VGC 2026 Reg M-B (Bo3)
|rated|
|rule|Species Clause: Limit one of each Pokémon
|rule|Item Clause: Limit 1 of each item
|clearpoke
|poke|p1|Raichu, L50, M|
|poke|p1|Ceruledge, L50, F|
|poke|p1|Kingambit, L50, F|
|poke|p1|Mamoswine, L50, F|
|poke|p1|Sinistcha-Masterpiece, L50|
|poke|p1|Sylveon, L50, M|
|poke|p2|Charizard, L50, F|
|poke|p2|Venusaur, L50, F|
|poke|p2|Dragonite, L50, F|
|poke|p2|Archaludon, L50, M|
|poke|p2|Pelipper, L50, F|
|poke|p2|Basculegion, L50, M|
|teampreview|4
|showteam|p1|Raichu||RaichuniteY|LightningRod|FakeOut,ZapCannon,FocusBlast,Protect|Timid||M|||50|]Ceruledge||ColburBerry|FlashFire|BulkUp,ShadowSneak,BitterBlade,Protect|Adamant||F|||50|]Kingambit||FocusSash|Defiant|IronHead,KowtowCleave,SuckerPunch,LowKick|Adamant||F|||50|]Mamoswine||LifeOrb|Oblivious|IceShard,IcicleCrash,HighHorsepower,Protect|Jolly||F|||50|]Sinistcha-Masterpiece||SitrusBerry|Hospitality|RagePowder,MatchaGotcha,TrickRoom,Protect|Sassy|||||50|]Sylveon||FairyFeather|Pixilate|HyperVoice,Yawn,QuickAttack,Protect|Modest||M|||50|
|showteam|p2|Charizard||CharizarditeY|Blaze|HeatWave,WeatherBall,SolarBeam,Protect|Modest||F|||50|]Venusaur||FocusSash|Chlorophyll|SludgeBomb,EarthPower,SleepPowder,Protect|Modest||F|||50|]Dragonite||Dragoninite|Multiscale|DragonPulse,Hurricane,Tailwind,Protect|Modest||F|||50|]Archaludon||Leftovers|Stamina|ElectroShot,DragonPulse,FlashCannon,Protect|Modest||M|||50|]Pelipper||SitrusBerry|Drizzle|WeatherBall,Hurricane,Tailwind,Protect|Modest||F|||50|]Basculegion||ChoiceScarf|Adaptability|WaveCrash,LastRespects,FlipTurn,AquaJet|Jolly||M|||50|
|inactive|Battle timer is ON: inactive players will automatically lose when time's up. (requested by palle synchro)
|
|t:|1784839889
|teamsize|p1|4
|teamsize|p2|4
|start
|switch|p1a: Raichu|Raichu, L50, M|100/100
|switch|p1b: Sylveon|Sylveon, L50, M|100/100
|switch|p2a: Venusaur|Venusaur, L50, F|100/100
|switch|p2b: Charizard|Charizard, L50, F|100/100
|turn|1
|inactive|palle synchro has 30 seconds left.
|inactive|palle synchro has 20 seconds left.
|inactive|palle synchro has 15 seconds left.
|inactive|palle synchro has 10 seconds left.
|
|t:|1784839935
|detailschange|p1a: Raichu|Raichu-Mega-Y, L50, M
|-mega|p1a: Raichu|Raichu|Raichunite Y
|detailschange|p2b: Charizard|Charizard-Mega-Y, L50, F
|-mega|p2b: Charizard|Charizard|Charizardite Y
|-weather|SunnyDay|[from] ability: Drought|[of] p2b: Charizard
|move|p1a: Raichu|Fake Out|p2a: Venusaur
|-damage|p2a: Venusaur|88/100
|cant|p2a: Venusaur|flinch
|move|p2b: Charizard|Heat Wave|p1b: Sylveon|[spread] p1a,p1b
|-crit|p1b: Sylveon
|-damage|p1a: Raichu|19/100
|-damage|p1b: Sylveon|29/100
|-status|p1a: Raichu|brn
|-status|p1b: Sylveon|brn
|move|p1b: Sylveon|Yawn|p2b: Charizard
|-start|p2b: Charizard|move: Yawn|[of] p1b: Sylveon
|
|-weather|SunnyDay|[upkeep]
|-damage|p1a: Raichu|13/100 brn|[from] brn
|-damage|p1b: Sylveon|23/100 brn|[from] brn
|upkeep
|turn|2
|inactive|Schmixed_007 has 30 seconds left.
|
|t:|1784839961
|switch|p2b: Archaludon|Archaludon, L50, M|100/100
|switch|p1b: Sinistcha|Sinistcha-Masterpiece, L50|100/100
|-heal|p1a: Raichu|38/100 brn|[from] ability: Hospitality|[of] p1b: Sinistcha
|move|p2a: Venusaur|Sludge Bomb|p1a: Raichu
|-damage|p1a: Raichu|0 fnt
|faint|p1a: Raichu
|
|-weather|SunnyDay|[upkeep]
|upkeep
|-message|Schmixed_007 forfeited.
|
|win|palle synchro
