|j|☆itbeasher
|j|‽Muggcat
|html|itbeasherMuggcat    
|uhtml|bestof|Game 2 of a best-of-3
|t:|1756923599
|gametype|doubles
|player|p1|itbeasher|101|1125
|player|p2|Muggcat|waiter-gen4dp|1053
|gen|9
|tier|[Gen 9] VGC 2025 Reg H (Bo3)
|rated|
|rule|Species Clause: Limit one of each Pokémon
|rule|Item Clause: Limit 1 of each item
|clearpoke
|poke|p1|Jumpluff, L50, F|
|poke|p1|Typhlosion-Hisui, L50, M|
|poke|p1|Annihilape, L50, M|
|poke|p1|Torkoal, L50, F|
|poke|p1|Rillaboom, L50, M|
|poke|p1|Porygon2, L50|
|poke|p2|Gholdengo, L50|
|poke|p2|Pawmot, L50, F|
|poke|p2|Dragonite, L50, M|
|poke|p2|Alcremie-Rainbow-Swirl, L50, F|
|poke|p2|Annihilape, L50, F|
|poke|p2|Tyranitar, L50, F|
|teampreview|4
|showteam|p1|Jumpluff||CovertCloak|Chlorophyll|SleepPowder,Tailwind,RagePowder,PollenPuff|||F|||50|,,,,,Dark]Typhlosion-Hisui||ChoiceSpecs|Frisk|Eruption,HeatWave,ShadowBall,TeraBlast|||M|||50|,,,,,Stellar]Annihilape||SitrusBerry|Defiant|CloseCombat,Protect,FinalGambit,RageFist|||M|||50|,,,,,Fire]Torkoal||EjectPack|Drought|Protect,HelpingHand,Overheat,BurningJealousy|||F|||50|,,,,,Grass]Rillaboom||MiracleSeed|GrassySurge|FakeOut,GrassyGlide,HighHorsepower,WoodHammer|||M|||50|,,,,,Dragon]Porygon2||Eviolite|Download|Thunderbolt,IceBeam,Recover,TrickRoom||||||50|,,,,,Ghost
|showteam|p2|Gholdengo||Leftovers|GoodasGold|MakeItRain,ShadowBall,NastyPlot,Protect||||||50|,,,,,Flying]Pawmot||FocusSash|VoltAbsorb|CloseCombat,DoubleShock,Protect,RevivalBlessing|||F|||50|,,,,,Electric]Dragonite||LumBerry|Multiscale|Tailwind,ExtremeSpeed,StompingTantrum,Haze|||M|||50|,,,,,Normal]Alcremie-Rainbow-Swirl||QuickClaw|SweetVeil|DazzlingGleam,Decorate,FakeTears,Protect|||F|||50|,,,,,Ghost]Annihilape||SafetyGoggles|Defiant|RageFist,DrainPunch,BulkUp,Protect|||F|||50|,,,,,Fire]Tyranitar||AssaultVest|SandStream|TeraBlast,DarkPulse,IceBeam,EarthPower|||F|||50|,,,,,Flying
|
|t:|1756923653
|teamsize|p1|4
|teamsize|p2|4
|start
|switch|p1a: Jumpluff|Jumpluff, L50, F, shiny|100/100
|switch|p1b: Typhlosion|Typhlosion-Hisui, L50, M, shiny|100/100
|switch|p2a: Tyranitar|Tyranitar, L50, F, shiny|100/100
|switch|p2b: Alcremie|Alcremie-Rainbow-Swirl, L50, F, shiny|100/100
|-item|p2a: Tyranitar|Assault Vest|[from] ability: Frisk|[of] p1b: Typhlosion
|-item|p2b: Alcremie|Quick Claw|[from] ability: Frisk|[of] p1b: Typhlosion
|-weather|Sandstorm|[from] ability: Sand Stream|[of] p2a: Tyranitar
|turn|1
|
|t:|1756923678
|move|p1a: Jumpluff|Sleep Powder|p2a: Tyranitar|[miss]
|-miss|p1a: Jumpluff|p2a: Tyranitar
|move|p1b: Typhlosion|Eruption|p2a: Tyranitar|[spread] p2a,p2b
|-resisted|p2a: Tyranitar
|-damage|p2a: Tyranitar|85/100
|-damage|p2b: Alcremie|16/100
|move|p2b: Alcremie|Decorate|p2a: Tyranitar
|-boost|p2a: Tyranitar|atk|2
|-boost|p2a: Tyranitar|spa|2
|move|p2a: Tyranitar|Earth Power|p1b: Typhlosion
|-supereffective|p1b: Typhlosion
|-damage|p1b: Typhlosion|0 fnt
|faint|p1b: Typhlosion
|
|-weather|Sandstorm|[upkeep]
|-damage|p1a: Jumpluff|94/100|[from] Sandstorm
|-damage|p2b: Alcremie|10/100|[from] Sandstorm
|upkeep
|
|t:|1756923682
|switch|p1b: Annihilape|Annihilape, L50, M, shiny|100/100
|turn|2
|
|t:|1756923707
|-terastallize|p2a: Tyranitar|Flying
|move|p1a: Jumpluff|Sleep Powder|p2a: Tyranitar|[miss]
|-miss|p1a: Jumpluff|p2a: Tyranitar
|move|p1b: Annihilape|Rage Fist|p2b: Alcremie
|-damage|p2b: Alcremie|0 fnt
|faint|p2b: Alcremie
|move|p2a: Tyranitar|Tera Blast|p1b: Annihilape|[anim] Tera Blast Flying
|-supereffective|p1b: Annihilape
|-damage|p1b: Annihilape|0 fnt
|faint|p1b: Annihilape
|
|-weather|Sandstorm|[upkeep]
|-damage|p1a: Jumpluff|88/100|[from] Sandstorm
|-damage|p2a: Tyranitar|79/100|[from] Sandstorm
|upkeep
|-message|itbeasher forfeited.
|
|win|Muggcat
||itbeasher is ready for game 3.
