|j|☆rouzthunder
|j|☆Nusssack
|html|rouzthunderNusssack    
|uhtml|bestof|Game 1 of a best-of-3
|t:|1783603697
|gametype|doubles
|player|p1|rouzthunder|ortega|1051
|player|p2|Nusssack|falkner|1035
|gen|9
|tier|[Gen 9 Champions] VGC 2026 Reg M-B (Bo3)
|rated|
|rule|Species Clause: Limit one of each Pokémon
|rule|Item Clause: Limit 1 of each item
|clearpoke
|poke|p1|Sylveon, L50, F|
|poke|p1|Lopunny, L50, M|
|poke|p1|Farigiraf, L50, F|
|poke|p1|Aerodactyl, L50, M|
|poke|p1|Gholdengo, L50|
|poke|p1|Ceruledge, L50, F|
|poke|p2|Milotic, L50, F, shiny|
|poke|p2|Rotom-Wash, L50|
|poke|p2|Drampa, L50, F, shiny|
|poke|p2|Metagross, L50, shiny|
|poke|p2|Blaziken, L50, F|
|poke|p2|Eelektross, L50, M|
|teampreview|4
|showteam|p1|Sylveon||FairyFeather|Pixilate|HyperVoice,HyperBeam,QuickAttack,Protect|Modest||F|||50|]Lopunny||Lopunnite|Limber|FakeOut,CloseCombat,Encore,IcePunch|Jolly||M|||50|]Farigiraf||SitrusBerry|ArmorTail|TrickRoom,Imprison,HelpingHand,Psychic|Bold||F|||50|]Aerodactyl||Aerodactylite|Unnerve|RockSlide,Tailwind,DualWingbeat,IceFang|Jolly||M|||50|]Gholdengo||LifeOrb|GoodasGold|NastyPlot,ShadowBall,MakeItRain,Protect|Modest|||||50|]Ceruledge||ColburBerry|FlashFire|BitterBlade,Protect,Poltergeist,BulkUp|Adamant||F|||50|
|showteam|p2|Milotic||Leftovers|Competitive|IcyWind,Hypnosis,Coil,Protect|Bold||F|||50|]Rotom-Wash||ChoiceScarf|Levitate|HydroPump,EerieImpulse,WillOWisp,Trick|Timid|||||50|]Drampa||SitrusBerry|CloudNine|IceBeam,EnergyBall,TriAttack,Protect|Bold||F|||50|]Metagross||MetalCoat|ClearBody|MeteorMash,StompingTantrum,PsychUp,Protect|Jolly|||||50|]Blaziken||Blazikenite|SpeedBoost|CloseCombat,TemperFlare,SwordsDance,Protect|Jolly||F|||50|]Eelektross||Eelektrossite|Levitate|ThunderPunch,DrainPunch,Coil,Protect|Adamant||M|||50|
|inactive|Battle timer is ON: inactive players will automatically lose when time's up. (requested by Nusssack)
|inactive|rouzthunder has 60 seconds left.
|inactive|Nusssack has 60 seconds left.
|inactive|rouzthunder has 30 seconds left.
|inactive|Nusssack has 30 seconds left.
|inactive|rouzthunder has 20 seconds left.
|inactive|Nusssack has 20 seconds left.
|inactive|rouzthunder has 15 seconds left.
|inactive|Nusssack has 15 seconds left.
|inactive|rouzthunder has 10 seconds left.
|inactive|Nusssack has 10 seconds left.
|inactive|Nusssack has 5 seconds left.
|
|t:|1783603783
|teamsize|p1|4
|teamsize|p2|4
|start
|switch|p1a: Lopunny|Lopunny, L50, M|100/100
|switch|p1b: Sylveon|Sylveon, L50, F|100/100
|switch|p2a: Sirene|Milotic, L50, F, shiny|100/100
|switch|p2b: Splashes|Rotom-Wash, L50|100/100
|turn|1
|
|t:|1783603800
|detailschange|p1a: Lopunny|Lopunny-Mega, L50, M
|-mega|p1a: Lopunny|Lopunny|Lopunnite
|move|p1a: Lopunny|Fake Out|p2b: Splashes
|-damage|p2b: Splashes|73/100
|cant|p2b: Splashes|flinch
|move|p2a: Sirene|Coil|p2a: Sirene
|-boost|p2a: Sirene|atk|1
|-boost|p2a: Sirene|def|1
|-boost|p2a: Sirene|accuracy|1
|move|p1b: Sylveon|Hyper Voice|p2b: Splashes|[spread] p2a,p2b
|-damage|p2a: Sirene|60/100
|-damage|p2b: Splashes|18/100
|
|-heal|p2a: Sirene|66/100|[from] item: Leftovers
|upkeep
|turn|2
|
|t:|1783603823
|move|p1b: Sylveon|Quick Attack|p2b: Splashes
|-damage|p2b: Splashes|2/100
|move|p2b: Splashes|Trick|p1b: Sylveon
|-activate|p2b: Splashes|move: Trick|[of] p1b: Sylveon
|-item|p1b: Sylveon|Choice Scarf|[from] move: Trick
|-item|p2b: Splashes|Fairy Feather|[from] move: Trick
|move|p1a: Lopunny|Encore|p2a: Sirene
|-start|p2a: Sirene|Encore
|move|p2a: Sirene|Coil|p2a: Sirene
|-boost|p2a: Sirene|atk|1
|-boost|p2a: Sirene|def|1
|-boost|p2a: Sirene|accuracy|1
|
|-heal|p2a: Sirene|72/100|[from] item: Leftovers
|upkeep
|turn|3
|inactive|rouzthunder has 30 seconds left.
|
|t:|1783603850
|switch|p1a: Gholdengo|Gholdengo, L50|100/100
|switch|p2b: Patina|Metagross, L50, shiny|100/100
|move|p1b: Sylveon|Hyper Voice|p2b: Patina|[spread] p2a,p2b
|-resisted|p2b: Patina|1
|-damage|p2a: Sirene|35/100
|-damage|p2b: Patina|73/100
|move|p2a: Sirene|Coil|p2a: Sirene
|-boost|p2a: Sirene|atk|1
|-boost|p2a: Sirene|def|1
|-boost|p2a: Sirene|accuracy|1
|
|-heal|p2a: Sirene|41/100|[from] item: Leftovers
|upkeep
|turn|4
|
|t:|1783603872
|move|p1b: Sylveon|Hyper Voice|p2b: Patina|[spread] p2a,p2b
|-resisted|p2b: Patina|1
|-damage|p2a: Sirene|3/100
|-damage|p2b: Patina|49/100
|move|p1a: Gholdengo|Shadow Ball|p2b: Patina
|-supereffective|p2b: Patina|1
|-damage|p2b: Patina|0 fnt
|faint|p2b: Patina
|-damage|p1a: Gholdengo|90/100|[from] item: Life Orb
|move|p2a: Sirene|Coil|p2a: Sirene
|-boost|p2a: Sirene|atk|1
|-boost|p2a: Sirene|def|1
|-boost|p2a: Sirene|accuracy|1
|
|-heal|p2a: Sirene|9/100|[from] item: Leftovers
|-end|p2a: Sirene|Encore
|upkeep
|
|t:|1783603895
|switch|p2b: Kix|Blaziken, L50, F|100/100
|turn|5
|
|t:|1783603905
|detailschange|p2b: Kix|Blaziken-Mega, L50, F
|-mega|p2b: Kix|Blaziken|Blazikenite
|move|p1a: Gholdengo|Protect|p1a: Gholdengo
|-singleturn|p1a: Gholdengo|Protect
|move|p2b: Kix|Temper Flare|p1a: Gholdengo
|-activate|p1a: Gholdengo|move: Protect
|move|p1b: Sylveon|Hyper Voice|p2a: Sirene|[spread] p2a,p2b
|-damage|p2a: Sirene|0 fnt
|-damage|p2b: Kix|42/100
|faint|p2a: Sirene
|
|-ability|p2b: Kix|Speed Boost|boost
|-boost|p2b: Kix|spe|1
|upkeep
|-message|Nusssack forfeited.
|
|win|rouzthunder
|l|☆Nusssack
|player|p2|
|inactive|rouzthunder has 30 seconds to confirm battle start!
|inactive|Nusssack has 30 seconds to confirm battle start!
||Nusssack is ready for game 2.
||rouzthunder is ready for game 2.
|uhtml|next|Next: Game 2 of 3
