|j|☆Quill86
|j|☆WumblesNSuch
|html|Quill86WumblesNSuch    
|uhtml|bestof|Game 1 of a best-of-3
|t:|1756950762
|gametype|doubles
|player|p1|Quill86|lucas|1249
|player|p2|WumblesNSuch|170|1175
|gen|9
|tier|[Gen 9] VGC 2025 Reg H (Bo3)
|rated|
|rule|Species Clause: Limit one of each Pokémon
|rule|Item Clause: Limit 1 of each item
|clearpoke
|poke|p1|Indeedee-F, L50, F|
|poke|p1|Gallade, L50, M|
|poke|p1|Torkoal, L50, F|
|poke|p1|Ursaluna, L50, M|
|poke|p1|Hatterene, L50, F|
|poke|p1|Smeargle, L50, M|
|poke|p2|Sneasler, L50, M|
|poke|p2|Whimsicott, L50, M|
|poke|p2|Gholdengo, L50|
|poke|p2|Hydreigon, L50, M|
|poke|p2|Garchomp, L50, M|
|poke|p2|Incineroar, L50, M|
|teampreview|4
|showteam|p1|Indeedee-F||PsychicSeed|PsychicSurge|FollowMe,TrickRoom,HelpingHand,DazzlingGleam|||F|||50|,,,,,Fairy]Gallade||ClearAmulet|Sharpness|SacredSword,WideGuard,TrickRoom,PsychoCut|||M|||50|,,,,,Grass]Torkoal||ChoiceSpecs|Drought|Eruption,WeatherBall,EarthPower,HeatWave|||F|||50|,,,,,Fire]Ursaluna||FlameOrb|Guts|Protect,HeadlongRush,Facade,Earthquake|||M|||50|,,,,,Ghost]Hatterene||LifeOrb|MagicBounce|DazzlingGleam,ExpandingForce,MysticalFire,TrickRoom|||F|||50|,,,,,Fire]Smeargle||FocusSash|Moody|FakeOut,Spore,Instruct,FollowMe|||M|||50|,,,,,Ghost
|showteam|p2|Sneasler||WhiteHerb|Unburden|CloseCombat,DireClaw,FakeOut,Protect|||M|||50|,,,,,Stellar]Whimsicott||FocusSash|Prankster|Moonblast,FakeTears,Tailwind,Protect|||M|||50|,,,,,Ghost]Gholdengo||ChoiceSpecs|GoodasGold|MakeItRain,ShadowBall,SteelBeam,Trick||||||50|,,,,,Steel]Hydreigon||LifeOrb|Levitate|DracoMeteor,DarkPulse,Snarl,Protect|||M|||50|,,,,,Ghost]Garchomp||ChoiceBand|RoughSkin|Earthquake,StompingTantrum,DragonClaw,RockSlide|||M|||50|,,,,,Fire]Incineroar||AssaultVest|Intimidate|FlareBlitz,KnockOff,Uturn,FakeOut|||M|||50|,,,,,Grass
|
|t:|1756950796
|teamsize|p1|4
|teamsize|p2|4
|start
|switch|p1a: Indeedee|Indeedee-F, L50, F|100/100
|switch|p1b: Gallade|Gallade, L50, M|100/100
|switch|p2a: Gholdengo|Gholdengo, L50|100/100
|switch|p2b: Hydreigon|Hydreigon, L50, M|100/100
|-fieldstart|move: Psychic Terrain|[from] ability: Psychic Surge|[of] p1a: Indeedee
|-enditem|p1a: Indeedee|Psychic Seed
|-boost|p1a: Indeedee|spd|1|[from] item: Psychic Seed
|turn|1
|inactive|Battle timer is ON: inactive players will automatically lose when time's up. (requested by Quill86)
|
|t:|1756950814
|move|p2b: Hydreigon|Dark Pulse|p1a: Indeedee
|-supereffective|p1a: Indeedee
|-damage|p1a: Indeedee|37/100
|-damage|p2b: Hydreigon|91/100|[from] item: Life Orb
|move|p2a: Gholdengo|Shadow Ball|p1b: Gallade
|-supereffective|p1b: Gallade
|-damage|p1b: Gallade|0 fnt
|faint|p1b: Gallade
|move|p1a: Indeedee|Dazzling Gleam|p2b: Hydreigon|[spread] p2a,p2b
|-resisted|p2a: Gholdengo
|-supereffective|p2b: Hydreigon
|-damage|p2a: Gholdengo|93/100
|-damage|p2b: Hydreigon|31/100
|
|upkeep
|
|t:|1756950828
|switch|p1b: Ursaluna|Ursaluna, L50, M|100/100
|turn|2
|
|t:|1756950850
|-terastallize|p1a: Indeedee|Fairy
|move|p2b: Hydreigon|Dark Pulse|p1a: Indeedee
|-resisted|p1a: Indeedee
|-damage|p1a: Indeedee|22/100
|-damage|p2b: Hydreigon|21/100|[from] item: Life Orb
|move|p2a: Gholdengo|Shadow Ball|p1a: Indeedee
|-damage|p1a: Indeedee|0 fnt
|faint|p1a: Indeedee
|move|p1b: Ursaluna|Headlong Rush|p2a: Gholdengo
|-supereffective|p2a: Gholdengo
|-damage|p2a: Gholdengo|0 fnt
|-unboost|p1b: Ursaluna|def|1
|-unboost|p1b: Ursaluna|spd|1
|faint|p2a: Gholdengo
|
|-status|p1b: Ursaluna|brn|[from] item: Flame Orb
|upkeep
|
|t:|1756950864
|switch|p2a: Incineroar|Incineroar, L50, M|100/100
|switch|p1a: Torkoal|Torkoal, L50, F|100/100
|-ability|p2a: Incineroar|Intimidate|boost
|-unboost|p1a: Torkoal|atk|1
|-unboost|p1b: Ursaluna|atk|1
|-weather|SunnyDay|[from] ability: Drought|[of] p1a: Torkoal
|turn|3
|
|t:|1756950887
|-terastallize|p2a: Incineroar|Grass
|move|p2b: Hydreigon|Draco Meteor|p1a: Torkoal
|-damage|p1a: Torkoal|0 fnt
|-unboost|p2b: Hydreigon|spa|2
|faint|p1a: Torkoal
|-damage|p2b: Hydreigon|12/100|[from] item: Life Orb
|move|p2a: Incineroar|Knock Off|p1b: Ursaluna
|-damage|p1b: Ursaluna|47/100 brn
|-enditem|p1b: Ursaluna|Flame Orb|[from] move: Knock Off|[of] p2a: Incineroar
|move|p1b: Ursaluna|Headlong Rush|p2a: Incineroar
|-resisted|p2a: Incineroar
|-damage|p2a: Incineroar|62/100
|-unboost|p1b: Ursaluna|def|1
|-unboost|p1b: Ursaluna|spd|1
|
|-weather|SunnyDay|[upkeep]
|-damage|p1b: Ursaluna|41/100 brn|[from] brn
|upkeep
|turn|4
|-message|Quill86 forfeited.
|
|win|WumblesNSuch
