|j|☆dogggybears
|j|☆Filippo1226
|html|dogggybearsFilippo1226    
|uhtml|bestof|Game 1 of a best-of-3
|t:|1757186179
|gametype|doubles
|player|p1|dogggybears|roxie|1233
|player|p2|Filippo1226|dragontamer|1262
|gen|9
|tier|[Gen 9] VGC 2025 Reg H (Bo3)
|rated|
|rule|Species Clause: Limit one of each Pokémon
|rule|Item Clause: Limit 1 of each item
|clearpoke
|poke|p1|Sneasler, L50, M|
|poke|p1|Indeedee, L50, M|
|poke|p1|Volcarona, L50, F|
|poke|p1|Ursaluna-Bloodmoon, L50, M|
|poke|p1|Annihilape, L50, M|
|poke|p1|Tyranitar, L50, M|
|poke|p2|Talonflame, L50, F|
|poke|p2|Kommo-o, L50, F|
|poke|p2|Mamoswine, L50, M|
|poke|p2|Gholdengo, L50|
|poke|p2|Gallade, L50, M|
|poke|p2|Electabuzz, L50, M|
|teampreview|4
|showteam|p1|Sneasler||PsychicSeed|Unburden|CloseCombat,DireClaw,ThroatChop,Protect|||M|||50|,,,,,Dark]Indeedee||ChoiceScarf|PsychicSurge|ExpandingForce,TeraBlast,Trick,Protect|||M|||50|,,,,,Psychic]Volcarona||SitrusBerry|FlameBody|Overheat,StruggleBug,RagePowder,Tailwind|||F|||50|,,,,,Grass]Ursaluna-Bloodmoon||LifeOrb|MindsEye|BloodMoon,HyperVoice,EarthPower,Protect|||M|||50|,,,,,Normal]Annihilape||SafetyGoggles|Defiant|CloseCombat,RageFist,Taunt,FinalGambit|||M|||50|,,,,,Fairy]Tyranitar||AssaultVest|SandStream|RockSlide,KnockOff,TeraBlast,LowKick|||M|||50|,,,,,Flying
|showteam|p2|Talonflame||CovertCloak|GaleWings|DualWingbeat,Taunt,Tailwind,QuickGuard|||F|||50|,,,,,Flying]Kommo-o||ChoiceSpecs|Overcoat|ClangingScales,Flamethrower,AuraSphere,DracoMeteor|||F|||50|,,,,,Dragon]Mamoswine||LoadedDice|Oblivious|IcicleSpear,Earthquake,HighHorsepower,Protect|||M|||50|,,,,,Ground]Gholdengo||LifeOrb|GoodasGold|MakeItRain,ShadowBall,NastyPlot,Protect||||||50|,,,,,Water]Gallade||SitrusBerry|Sharpness|SacredSword,Imprison,TrickRoom,PsychoCut|||M|||50|,,,,,Dark]Electabuzz||Eviolite|VitalSpirit|Electroweb,FollowMe,Thunderbolt,Protect|||M|||50|,,,,,Flying
|inactive|Battle timer is ON: inactive players will automatically lose when time's up. (requested by Filippo1226)
|
|t:|1757186223
|teamsize|p1|4
|teamsize|p2|4
|start
|switch|p1a: Volcarona|Volcarona, L50, F|100/100
|switch|p1b: Tyranitar|Tyranitar, L50, M|100/100
|switch|p2a: Talonflame|Talonflame, L50, F|100/100
|switch|p2b: Mamoswine|Mamoswine, L50, M|100/100
|-weather|Sandstorm|[from] ability: Sand Stream|[of] p1b: Tyranitar
|turn|1
|
|t:|1757186241
|-terastallize|p2a: Talonflame|Flying
|move|p2a: Talonflame|Dual Wingbeat|p1a: Volcarona
|-supereffective|p1a: Volcarona
|-damage|p1a: Volcarona|52/100
|-supereffective|p1a: Volcarona
|-damage|p1a: Volcarona|0 fnt
|-status|p2a: Talonflame|brn|[from] ability: Flame Body|[of] p1a: Volcarona
|faint|p1a: Volcarona
|-hitcount|p1: Volcarona|2
|move|p2b: Mamoswine|Earthquake|p1b: Tyranitar|[spread] p1b
|-immune|p2a: Talonflame
|-supereffective|p1b: Tyranitar
|-damage|p1b: Tyranitar|27/100
|move|p1b: Tyranitar|Rock Slide|p2a: Talonflame|[spread] p2a,p2b
|-supereffective|p2a: Talonflame
|-damage|p2a: Talonflame|0 fnt
|-damage|p2b: Mamoswine|64/100
|faint|p2a: Talonflame
|
|-weather|Sandstorm|[upkeep]
|upkeep
|
|t:|1757186263
|switch|p2a: Gholdengo|Gholdengo, L50|100/100
|switch|p1a: Annihilape|Annihilape, L50, M|100/100
|turn|2
|
|t:|1757186278
|move|p1a: Annihilape|Close Combat|p2b: Mamoswine
|-supereffective|p2b: Mamoswine
|-damage|p2b: Mamoswine|0 fnt
|-unboost|p1a: Annihilape|def|1
|-unboost|p1a: Annihilape|spd|1
|faint|p2b: Mamoswine
|move|p2a: Gholdengo|Make It Rain|p1b: Tyranitar|[spread] p1a,p1b
|-supereffective|p1b: Tyranitar
|-crit|p1b: Tyranitar
|-damage|p1a: Annihilape|20/100
|-damage|p1b: Tyranitar|0 fnt
|-unboost|p2a: Gholdengo|spa|1
|faint|p1b: Tyranitar
|-damage|p2a: Gholdengo|91/100|[from] item: Life Orb
|
|-weather|Sandstorm|[upkeep]
|upkeep
|
|t:|1757186283
|switch|p2b: Electabuzz|Electabuzz, L50, M|100/100
|switch|p1b: Ursaluna|Ursaluna-Bloodmoon, L50, M|100/100
|turn|3
|inactive|Filippo1226 has 30 seconds left.
|
|t:|1757186316
|move|p2b: Electabuzz|Protect|p2b: Electabuzz
|-singleturn|p2b: Electabuzz|Protect
|move|p1a: Annihilape|Taunt|p2b: Electabuzz
|-activate|p2b: Electabuzz|move: Protect
|move|p2a: Gholdengo|Nasty Plot|p2a: Gholdengo
|-boost|p2a: Gholdengo|spa|2
|move|p1b: Ursaluna|Earth Power|p2a: Gholdengo
|-supereffective|p2a: Gholdengo
|-damage|p2a: Gholdengo|0 fnt
|faint|p2a: Gholdengo
|-damage|p1b: Ursaluna|91/100|[from] item: Life Orb
|
|-weather|Sandstorm|[upkeep]
|-damage|p2b: Electabuzz|94/100|[from] Sandstorm
|upkeep
|turn|4
|
|t:|1757186324
|move|p2b: Electabuzz|Thunderbolt|p1a: Annihilape
|-damage|p1a: Annihilape|0 fnt
|faint|p1a: Annihilape
|move|p1b: Ursaluna|Earth Power|p2b: Electabuzz
|-supereffective|p2b: Electabuzz
|-crit|p2b: Electabuzz
|-damage|p2b: Electabuzz|0 fnt
|faint|p2b: Electabuzz
|-damage|p1b: Ursaluna|81/100|[from] item: Life Orb
|
|win|dogggybears
||dogggybears is ready for game 2.
|inactive|Filippo1226 has 29 seconds to confirm battle start!
||Filippo1226 is ready for game 2.
|uhtml|next|Next: Game 2 of 3
|l|☆Filippo1226
|player|p2|
