|j|☆magic 561
|j|☆PR_sVava
|html|magic 561PR_sVava    
|uhtml|bestof|Game 2 of a best-of-3
|t:|1755510256
|gametype|doubles
|player|p1|magic 561|169|1357
|player|p2|PR_sVava|pokemonbreeder-gen4|1390
|gen|9
|tier|[Gen 9] VGC 2025 Reg H (Bo3)
|rated|
|rule|Species Clause: Limit one of each Pokémon
|rule|Item Clause: Limit 1 of each item
|clearpoke
|poke|p1|Hydreigon, L50, M|
|poke|p1|Metagross, L50|
|poke|p1|Ninetales-Alola, L50, M|
|poke|p1|Basculegion, L50, M|
|poke|p1|Kilowattrel, L50, F|
|poke|p1|Incineroar, L50, F|
|poke|p2|Dondozo, L50, F|
|poke|p2|Tatsugiri, L50, F|
|poke|p2|Indeedee, L50, M|
|poke|p2|Sneasler, L50, M|
|poke|p2|Ursaluna-Bloodmoon, L50, M|
|poke|p2|Talonflame, L50, F|
|teampreview|4
|showteam|p1|Hydreigon||LifeOrb|Levitate|DarkPulse,DracoMeteor,EarthPower,Protect|||M|||50|,,,,,Poison]Metagross||AssaultVest|ClearBody|BulletPunch,HeavySlam,PsychicFangs,HammerArm||||||50|,,,,,Water]Ninetales-Alola||NeverMeltIce|SnowWarning|Moonblast,IcyWind,Blizzard,Protect|||M|||50|,,,,,Ice]Basculegion||ChoiceScarf|Adaptability|WaveCrash,LastRespects,AquaJet,FlipTurn|||M|||50|,,,,,Grass]Kilowattrel||FocusSash|Competitive|Thunderbolt,AirSlash,Tailwind,Protect|||F|||50|,,,,,Electric]Incineroar||SitrusBerry|Intimidate|KnockOff,FlareBlitz,PartingShot,FakeOut|||F|||50|,,,,,Ghost
|showteam|p2|Dondozo||SafetyGoggles|Unaware|WaveCrash,Earthquake,OrderUp,Protect|||F|||50|,,,,,Steel]Tatsugiri||ChoiceScarf|Commander|MuddyWater,DracoMeteor,DragonPulse,IcyWind|||F|||50|,,,,,Ghost]Indeedee||FocusSash|PsychicSurge|ExpandingForce,Imprison,TrickRoom,HelpingHand|||M|||50|,,,,,Fairy]Sneasler||PsychicSeed|Unburden|CloseCombat,DireClaw,ThroatChop,Protect|||M|||50|,,,,,Dark]Ursaluna-Bloodmoon||LifeOrb|MindsEye|BloodMoon,HyperVoice,EarthPower,Protect|||M|||50|,,,,,Normal]Talonflame||CovertCloak|GaleWings|DualWingbeat,FlareBlitz,Tailwind,WillOWisp|||F|||50|,,,,,Fairy
|inactive|Battle timer is ON: inactive players will automatically lose when time's up. (requested by magic 561)
|inactive|magic 561 has 60 seconds left.
|
|t:|1755510297
|teamsize|p1|4
|teamsize|p2|4
|start
|switch|p1a: Kilowattrel|Kilowattrel, L50, F|100/100
|switch|p1b: Metagross|Metagross, L50|100/100
|switch|p2a: Indeedee|Indeedee, L50, M|100/100
|switch|p2b: Sneasler|Sneasler, L50, M|100/100
|-fieldstart|move: Psychic Terrain|[from] ability: Psychic Surge|[of] p2a: Indeedee
|-enditem|p2b: Sneasler|Psychic Seed
|-boost|p2b: Sneasler|spd|1|[from] item: Psychic Seed
|turn|1
|
|t:|1755510314
|move|p2b: Sneasler|Dire Claw|p1a: Kilowattrel
|-damage|p1a: Kilowattrel|19/100
|-status|p1a: Kilowattrel|slp
|cant|p1a: Kilowattrel|slp
|move|p2a: Indeedee|Expanding Force|p1b: Metagross|[spread] p1a,p1b
|-resisted|p1b: Metagross
|-damage|p1a: Kilowattrel|0 fnt
|-damage|p1b: Metagross|91/100
|faint|p1a: Kilowattrel
|move|p1b: Metagross|Heavy Slam|p2b: Sneasler
|-damage|p2b: Sneasler|0 fnt
|faint|p2b: Sneasler
|
|upkeep
|
|t:|1755510324
|switch|p1a: Incineroar|Incineroar, L50, F|100/100
|switch|p2b: Talonflame|Talonflame, L50, F|100/100
|-ability|p1a: Incineroar|Intimidate|boost
|-unboost|p2a: Indeedee|atk|1
|-unboost|p2b: Talonflame|atk|1
|turn|2
|inactive|magic 561 has 30 seconds left.
|
|t:|1755510350
|switch|p2a: Ursaluna|Ursaluna-Bloodmoon, L50, M|100/100
|move|p2b: Talonflame|Will-O-Wisp|p1b: Metagross
|-status|p1b: Metagross|brn
|move|p1b: Metagross|Psychic Fangs|p2b: Talonflame
|-damage|p2b: Talonflame|54/100
|move|p1a: Incineroar|Knock Off|p2a: Ursaluna
|-damage|p2a: Ursaluna|66/100
|-enditem|p2a: Ursaluna|Life Orb|[from] move: Knock Off|[of] p1a: Incineroar
|
|-damage|p1b: Metagross|86/100 brn|[from] brn
|upkeep
|turn|3
|
|t:|1755510371
|-terastallize|p2a: Ursaluna|Normal
|move|p2b: Talonflame|Tailwind|p2b: Talonflame
|-sidestart|p2: PR_sVava|move: Tailwind
|move|p2a: Ursaluna|Blood Moon|p1a: Incineroar
|-damage|p1a: Incineroar|15/100
|-enditem|p1a: Incineroar|Sitrus Berry|[eat]
|-heal|p1a: Incineroar|40/100|[from] item: Sitrus Berry
|move|p1b: Metagross|Psychic Fangs|p2b: Talonflame
|-damage|p2b: Talonflame|8/100
|move|p1a: Incineroar|Parting Shot|p2a: Ursaluna
|-unboost|p2a: Ursaluna|atk|1
|-unboost|p2a: Ursaluna|spa|1
|
|t:|1755510383
|switch|p1a: Basculegion|Basculegion, L50, M|100/100|[from] Parting Shot
|
|-damage|p1b: Metagross|80/100 brn|[from] brn
|upkeep
|turn|4
|inactive|magic 561 has 30 seconds left.
|
|t:|1755510410
|move|p1b: Metagross|Bullet Punch|p2b: Talonflame
|-hint|Psychic Terrain doesn't affect Pokémon immune to Ground.
|-resisted|p2b: Talonflame
|-damage|p2b: Talonflame|0 fnt
|faint|p2b: Talonflame
|move|p2a: Ursaluna|Hyper Voice|p1b: Metagross|[spread] p1a,p1b
|-resisted|p1b: Metagross
|-damage|p1a: Basculegion|59/100
|-damage|p1b: Metagross|68/100 brn
|move|p1a: Basculegion|Wave Crash|p2a: Ursaluna
|-damage|p2a: Ursaluna|0 fnt
|faint|p2a: Ursaluna
|-damage|p1a: Basculegion|38/100|[from] Recoil
|
|-damage|p1b: Metagross|63/100 brn|[from] brn
|upkeep
|-message|PR_sVava forfeited.
|
|win|magic 561
|raw|magic 561's rating: 1357 → 1379(+22 for winning)
|raw|PR_sVava's rating: 1390 → 1368(-22 for losing)
|l|☆PR_sVava
|player|p2|
