|j|☆Mek Donald
|j|☆inadomi
|html|Mek Donaldinadomi    
|uhtml|bestof|Game 2 of a best-of-3
|t:|1757668952
|gametype|doubles
|player|p1|Mek Donald|pilot|1111
|player|p2|inadomi|lady-gen4|1068
|gen|9
|tier|[Gen 9] VGC 2025 Reg H (Bo3)
|rated|
|rule|Species Clause: Limit one of each Pokémon
|rule|Item Clause: Limit 1 of each item
|clearpoke
|poke|p1|Espathra, L50, M|
|poke|p1|Indeedee, L50, M|
|poke|p1|Sneasler, L50, F|
|poke|p1|Hydreigon, L50, M|
|poke|p1|Garchomp, L50, M|
|poke|p1|Talonflame, L50, M|
|poke|p2|Indeedee, L50, M|
|poke|p2|Drifblim, L50, M|
|poke|p2|Volcarona, L50, F|
|poke|p2|Kommo-o, L50, M|
|poke|p2|Toxtricity, L50, M|
|poke|p2|Hydreigon, L50, M|
|teampreview|4
|showteam|p1|Espathra||FocusSash|SpeedBoost|ExpandingForce,LuminaCrash,DazzlingGleam,Protect|||M|||50|,,,,,Fairy]Indeedee||ChoiceScarf|PsychicSurge|DazzlingGleam,ExpandingForce,HyperVoice,Psychic|||M|||50|,,,,,Psychic]Sneasler||PsychicSeed|Unburden|DireClaw,CloseCombat,ThroatChop,Protect|||F|||50|,,,,,Dark]Hydreigon||SafetyGoggles|Levitate|DracoMeteor,Snarl,DarkPulse,Protect|||M|||50|,,,,,Ghost]Garchomp||LifeOrb|RoughSkin|StompingTantrum,Earthquake,DragonClaw,Protect|||M|||50|,,,,,Ground]Talonflame||CovertCloak|GaleWings|FlareBlitz,Tailwind,Taunt,WillOWisp|||M|||50|,,,,,Fairy
|showteam|p2|Indeedee||FocusSash|PsychicSurge|ExpandingForce,TeraBlast,Imprison,TrickRoom|||M|||50|,,,,,Ground]Drifblim||PsychicSeed|Unburden|Acrobatics,WillOWisp,StrengthSap,Tailwind|||M|||50|,,,,,Flying]Volcarona||LifeOrb|FlameBody|BugBuzz,HeatWave,TeraBlast,GigaDrain|||F|||50|,,,,,Fairy]Kommo-o||Leftovers|Soundproof|BodyPress,Flamethrower,IronDefense,Protect|||M|||50|,,,,,Fire]Toxtricity||ChoiceSpecs|PunkRock|Overdrive,SludgeBomb,Boomburst,VoltSwitch|||M|||50|,,,,,Normal]Hydreigon||AssaultVest|Levitate|DarkPulse,DracoMeteor,FlashCannon,Snarl|||M|||50|,,,,,Ghost
|inactive|Battle timer is ON: inactive players will automatically lose when time's up. (requested by inadomi)
|
|t:|1757668970
|teamsize|p1|4
|teamsize|p2|4
|start
|switch|p1a: Indeedee|Indeedee, L50, M|100/100
|switch|p1b: Sneasler|Sneasler, L50, F|100/100
|switch|p2a: Indeedee|Indeedee, L50, M|100/100
|switch|p2b: Drifblim|Drifblim, L50, M|100/100
|-fieldstart|move: Psychic Terrain|[from] ability: Psychic Surge|[of] p1a: Indeedee
|-enditem|p1b: Sneasler|Psychic Seed
|-boost|p1b: Sneasler|spd|1|[from] item: Psychic Seed
|-enditem|p2b: Drifblim|Psychic Seed
|-boost|p2b: Drifblim|spd|1|[from] item: Psychic Seed
|turn|1
|
|t:|1757668995
|-terastallize|p1b: Sneasler|Dark
|-terastallize|p2a: Indeedee|Ground
|move|p1b: Sneasler|Throat Chop|p2b: Drifblim
|-supereffective|p2b: Drifblim
|-damage|p2b: Drifblim|4/100
|-start|p2b: Drifblim|Throat Chop|[silent]
|move|p2b: Drifblim|Tailwind|p2b: Drifblim
|-sidestart|p2: inadomi|move: Tailwind
|move|p1a: Indeedee|Expanding Force|p2b: Drifblim|[spread] p2a,p2b
|-damage|p2a: Indeedee|18/100
|-damage|p2b: Drifblim|0 fnt
|faint|p2b: Drifblim
|move|p2a: Indeedee|Trick Room|p2a: Indeedee
|-fieldstart|move: Trick Room|[of] p2a: Indeedee
|
|upkeep
|-message|inadomi forfeited.
|
|win|Mek Donald
||inadomi is ready for game 3.
||Mek Donald is ready for game 3.
|uhtml|next|Next: Game 3 of 3
|l|☆Mek Donald
|player|p1|
|l|☆inadomi
|player|p2|
