|j|☆sopa de moscas
|j|☆JvinsVGC
|html|sopa de moscasJvinsVGC    
|uhtml|bestof|Game 1 of a best-of-3
|t:|1783163903
|gametype|doubles
|player|p1|sopa de moscas|miku-ghost|1317
|player|p2|JvinsVGC|265|1356
|gen|9
|tier|[Gen 9 Champions] VGC 2026 Reg M-B (Bo3)
|rated|
|rule|Species Clause: Limit one of each Pokémon
|rule|Item Clause: Limit 1 of each item
|clearpoke
|poke|p1|Incineroar, L50, F|
|poke|p1|Farigiraf, L50, F|
|poke|p1|Torkoal, L50, F|
|poke|p1|Floette-Eternal, L50, F|
|poke|p1|Maushold-Four, L50|
|poke|p1|Golurk, L50|
|poke|p2|Staraptor, L50, F|
|poke|p2|Grimmsnarl, L50, M|
|poke|p2|Arcanine-Hisui, L50, M|
|poke|p2|Garchomp, L50, M|
|poke|p2|Gholdengo, L50|
|poke|p2|Maushold-Four, L50|
|teampreview|4
|showteam|p1|Incineroar||ChopleBerry|Intimidate|ThroatChop,FakeOut,FlareBlitz,PartingShot|Careful||F|||50|]Farigiraf||SitrusBerry|ArmorTail|Thunderbolt,Psychic,TrickRoom,Protect|Sassy||F|||50|]Torkoal||Charcoal|Drought|Eruption,HeatWave,WeatherBall,Protect|Quiet||F|||50|]Floette-Eternal||Floettite|FlowerVeil|Moonblast,DazzlingGleam,LightofRuin,Protect|Modest||F|||50|]Maushold-Four||WideLens|Technician|PopulationBomb,FollowMe,HelpingHand,Protect|Jolly|||||50|]Golurk||LifeOrb|NoGuard|HeadlongRush,Poltergeist,Protect,StoneEdge|Brave|||||50|
|showteam|p2|Staraptor||Staraptite|Intimidate|CloseCombat,BraveBird,Tailwind,Roost|Adamant||F|||50|]Grimmsnarl||LightClay|Prankster|LightScreen,Reflect,SpiritBreak,PartingShot|Careful||M|||50|]Arcanine-Hisui||HardStone|RockHead|FlareBlitz,RockSlide,HeadSmash,Protect|Adamant||M|||50|]Garchomp||SoftSand|RoughSkin|Earthquake,DragonClaw,SwordsDance,Protect|Adamant||M|||50|]Gholdengo||SitrusBerry|GoodasGold|MakeItRain,ShadowBall,NastyPlot,Protect|Modest|||||50|]Maushold-Four||FocusSash|FriendGuard|FollowMe,SuperFang,Charm,Protect|Timid|||||50|
|inactive|Battle timer is ON: inactive players will automatically lose when time's up. (requested by sopa de moscas)
|
|t:|1783163930
|teamsize|p1|4
|teamsize|p2|4
|start
|switch|p1a: Incineroar|Incineroar, L50, F|100/100
|switch|p1b: Farigiraf|Farigiraf, L50, F|100/100
|switch|p2a: Arcanine|Arcanine-Hisui, L50, M|100/100
|switch|p2b: Grimmsnarl|Grimmsnarl, L50, M|100/100
|-ability|p1a: Incineroar|Intimidate|boost
|-unboost|p2a: Arcanine|atk|1
|-unboost|p2b: Grimmsnarl|atk|1
|turn|1
|inactive|sopa de moscas has 30 seconds left.
|
|t:|1783163964
|switch|p2a: Garchomp|Garchomp, L50, M|100/100
|move|p2b: Grimmsnarl|Reflect|p2b: Grimmsnarl
|-sidestart|p2: JvinsVGC|Reflect
|move|p1a: Incineroar|Parting Shot|p2a: Garchomp
|-unboost|p2a: Garchomp|atk|1
|-unboost|p2a: Garchomp|spa|1
|
|t:|1783163972
|switch|p1a: Floette|Floette-Eternal, L50, F|100/100|[from] Parting Shot
|move|p1b: Farigiraf|Trick Room|p1b: Farigiraf
|-fieldstart|move: Trick Room|[of] p1b: Farigiraf
|
|upkeep
|turn|2
|
|t:|1783163982
|switch|p1b: Golurk|Golurk, L50|100/100
|switch|p2a: Arcanine|Arcanine-Hisui, L50, M|100/100
|detailschange|p1a: Floette|Floette-Mega, L50, F
|-mega|p1a: Floette|Floette|Floettite
|-ability|p1a: Floette|Fairy Aura
|move|p2b: Grimmsnarl|Light Screen|p2b: Grimmsnarl
|-sidestart|p2: JvinsVGC|move: Light Screen
|move|p1a: Floette|Dazzling Gleam|p2a: Arcanine|[spread] p2a,p2b
|-resisted|p2a: Arcanine|1
|-supereffective|p2b: Grimmsnarl|1
|-damage|p2a: Arcanine|81/100
|-damage|p2b: Grimmsnarl|46/100
|
|upkeep
|turn|3
|
|t:|1783164003
|switch|p2b: Maushold|Maushold-Four, L50|100/100
|move|p1b: Golurk|Headlong Rush|p2a: Arcanine
|-supereffective|p2a: Arcanine|2
|-damage|p2a: Arcanine|0 fnt
|-unboost|p1b: Golurk|def|1
|-unboost|p1b: Golurk|spd|1
|faint|p2a: Arcanine
|-damage|p1b: Golurk|90/100|[from] item: Life Orb
|move|p1a: Floette|Moonblast|p2b: Maushold
|-damage|p2b: Maushold|28/100
|
|upkeep
|
|t:|1783164014
|switch|p2a: Garchomp|Garchomp, L50, M|100/100
|turn|4
|-message|JvinsVGC forfeited.
|
|win|sopa de moscas
|l|☆JvinsVGC
|player|p2|
||sopa de moscas is ready for game 2.
||JvinsVGC is ready for game 2.
|uhtml|next|Next: Game 2 of 3
