|j|☆Daniw9
|j|☆Pauliii23
|html|Daniw9Pauliii23    
|uhtml|bestof|Game 2 of a best-of-3
|t:|1757000848
|gametype|doubles
|player|p1|Daniw9|102|1202
|player|p2|Pauliii23|smasher|1254
|gen|9
|tier|[Gen 9] VGC 2025 Reg H (Bo3)
|rated|
|rule|Species Clause: Limit one of each Pokémon
|rule|Item Clause: Limit 1 of each item
|clearpoke
|poke|p1|Garchomp, L50, M|
|poke|p1|Tyranitar, L50, F|
|poke|p1|Indeedee-F, L50, F|
|poke|p1|Gardevoir, L50, M|
|poke|p1|Sneasler, L50, F|
|poke|p1|Talonflame, L50, F|
|poke|p2|Archaludon, L50, F|
|poke|p2|Pelipper, L50, M|
|poke|p2|Basculegion, L50, M|
|poke|p2|Dragapult, L50, F|
|poke|p2|Ursaluna-Bloodmoon, L50, M|
|poke|p2|Whimsicott, L50, F|
|teampreview|4
|showteam|p1|Garchomp||ClearAmulet|SandVeil|Earthquake,StompingTantrum,Protect,DragonClaw|||M|||50|,,,,,Steel]Tyranitar||AssaultVest|SandStream|RockSlide,TeraBlast,KnockOff,LowKick|||F|||50|,,,,,Flying]Indeedee-F||SafetyGoggles|PsychicSurge|DazzlingGleam,TrickRoom,FollowMe,HelpingHand|||F|||50|,,,,,Water]Gardevoir||ChoiceScarf|Telepathy|IcyWind,Moonblast,ExpandingForce,MysticalFire|||M|||50|,,,,,Fire]Sneasler||PsychicSeed|Unburden|CloseCombat,DireClaw,Protect,ThroatChop|||F|||50|,,,,,Dark]Talonflame||CovertCloak|GaleWings|Tailwind,DualWingbeat,FlareBlitz,Taunt|||F|||50|,,,,,Flying
|showteam|p2|Archaludon||AssaultVest|Stamina|ElectroShot,FlashCannon,BodyPress,DracoMeteor|||F|||50|,,,,,Grass]Pelipper||FocusSash|Drizzle|Hurricane,WeatherBall,WideGuard,Tailwind|||M|||50|,,,,,Ghost]Basculegion||MysticWater|SwiftSwim|LastRespects,Protect,WaveCrash,AquaJet|||M|||50|,,,,,Water]Dragapult||ChoiceBand|ClearBody|DragonDarts,Outrage,PhantomForce,Uturn|||F|||50|,,,,,Dragon]Ursaluna-Bloodmoon||LifeOrb|MindsEye|HyperVoice,BloodMoon,EarthPower,Protect|||M|||50|,,,,,Grass]Whimsicott||CovertCloak|Prankster|Tailwind,Moonblast,Encore,BeatUp|||F|||50|,,,,,Water
|
|t:|1757000857
|teamsize|p1|4
|teamsize|p2|4
|start
|switch|p1a: Indeedee|Indeedee-F, L50, F|100/100
|switch|p1b: Sneasler|Sneasler, L50, F|100/100
|switch|p2a: PelipperLP|Pelipper, L50, M|100/100
|switch|p2b: Muddy|Basculegion, L50, M|100/100
|-weather|RainDance|[from] ability: Drizzle|[of] p2a: PelipperLP
|-fieldstart|move: Psychic Terrain|[from] ability: Psychic Surge|[of] p1a: Indeedee
|-enditem|p1b: Sneasler|Psychic Seed
|-boost|p1b: Sneasler|spd|1|[from] item: Psychic Seed
|turn|1
|
|t:|1757000869
|-terastallize|p1b: Sneasler|Dark
|-terastallize|p2b: Muddy|Water
|move|p1a: Indeedee|Helping Hand|p1b: Sneasler
|-singleturn|p1b: Sneasler|Helping Hand|[of] p1a: Indeedee
|move|p1b: Sneasler|Throat Chop|p2b: Muddy
|-damage|p2b: Muddy|9/100
|-start|p2b: Muddy|Throat Chop|[silent]
|move|p2b: Muddy|Wave Crash|p1b: Sneasler
|-damage|p1b: Sneasler|0 fnt
|faint|p1b: Sneasler
|-damage|p2b: Muddy|0 fnt|[from] Recoil
|faint|p2b: Muddy
|move|p2a: PelipperLP|Tailwind|p2a: PelipperLP
|-sidestart|p2: Pauliii23|move: Tailwind
|
|-weather|RainDance|[upkeep]
|upkeep
|
|t:|1757000879
|switch|p1b: Tyranitar|Tyranitar, L50, F|100/100
|switch|p2b: Privatsache|Archaludon, L50, F|100/100
|-weather|Sandstorm|[from] ability: Sand Stream|[of] p1b: Tyranitar
|turn|2
|
|t:|1757000892
|switch|p2a: Mittelalter|Dragapult, L50, F|100/100
|move|p1a: Indeedee|Follow Me|p1a: Indeedee
|-singleturn|p1a: Indeedee|move: Follow Me
|move|p2b: Privatsache|Flash Cannon|p1a: Indeedee
|-damage|p1a: Indeedee|63/100
|move|p1b: Tyranitar|Low Kick|p2b: Privatsache
|-supereffective|p2b: Privatsache
|-damage|p2b: Privatsache|60/100
|-ability|p2b: Privatsache|Stamina|boost
|-boost|p2b: Privatsache|def|1
|
|-weather|Sandstorm|[upkeep]
|-damage|p2a: Mittelalter|94/100|[from] Sandstorm
|upkeep
|turn|3
|
|t:|1757000931
|switch|p1b: Gardevoir|Gardevoir, L50, M|100/100
|move|p2a: Mittelalter|Dragon Darts|p1a: Indeedee
|-damage|p1a: Indeedee|25/100
|-anim|p2a: Mittelalter|Dragon Darts|p1a: Indeedee
|-damage|p1a: Indeedee|0 fnt
|faint|p1a: Indeedee
|move|p2b: Privatsache|Flash Cannon|p1b: Gardevoir
|-supereffective|p1b: Gardevoir
|-crit|p1b: Gardevoir
|-damage|p1b: Gardevoir|0 fnt
|faint|p1b: Gardevoir
|
|-weather|Sandstorm|[upkeep]
|-damage|p2a: Mittelalter|88/100|[from] Sandstorm
|upkeep
|
|t:|1757000941
|switch|p1b: Tyranitar|Tyranitar, L50, F|100/100
|turn|4
|
|t:|1757000948
|move|p2a: Mittelalter|Dragon Darts|p1b: Tyranitar
|-crit|p1b: Tyranitar
|-damage|p1b: Tyranitar|52/100
|-anim|p2a: Mittelalter|Dragon Darts|p1b: Tyranitar
|-damage|p1b: Tyranitar|21/100
|move|p2b: Privatsache|Flash Cannon|p1b: Tyranitar
|-supereffective|p1b: Tyranitar
|-damage|p1b: Tyranitar|0 fnt
|faint|p1b: Tyranitar
|
|win|Pauliii23
||Pauliii23 is ready for game 3.
|inactive|Daniw9 has 30 seconds to confirm battle start!
||Daniw9 is ready for game 3.
|uhtml|next|Next: Game 3 of 3
|l|☆Pauliii23
|player|p2|
