|j|☆rdw39
|j|☆ZNX Ferro
|html|rdw39ZNX Ferro    
|uhtml|bestof|Game 1 of a best-of-3
|t:|1756805216
|gametype|doubles
|player|p1|rdw39|169|1044
|player|p2|ZNX Ferro|101|1029
|gen|9
|tier|[Gen 9] VGC 2025 Reg H (Bo3)
|rated|
|rule|Species Clause: Limit one of each Pokémon
|rule|Item Clause: Limit 1 of each item
|clearpoke
|poke|p1|Sneasler, L50, F|
|poke|p1|Indeedee, L50, M|
|poke|p1|Ursaluna-Bloodmoon, L50, M|
|poke|p1|Electabuzz, L50, F|
|poke|p1|Incineroar, L50, M|
|poke|p1|Talonflame, L50, M|
|poke|p2|Snorlax, L50, F|
|poke|p2|Kommo-o, L50, F|
|poke|p2|Clefairy, L50, F|
|poke|p2|Sinistcha, L50|
|poke|p2|Incineroar, L50, F|
|poke|p2|Milotic, L50, M|
|teampreview|4
|showteam|p1|Sneasler||PsychicSeed|Unburden|CloseCombat,DireClaw,ThroatChop,Protect|||F|||50|,,,,,Dark]Indeedee||FocusSash|PsychicSurge|ExpandingForce,TrickRoom,HelpingHand,Protect|||M|||50|,,,,,Psychic]Ursaluna-Bloodmoon||LifeOrb|MindsEye|BloodMoon,HyperVoice,EarthPower,Protect|||M|||50|,,,,,Normal]Electabuzz||Eviolite|VitalSpirit|Electroweb,FollowMe,Taunt,Protect|||F|||50|,,,,,Dragon]Incineroar||SafetyGoggles|Intimidate|FlareBlitz,KnockOff,PartingShot,FakeOut|||M|||50|,,,,,Ghost]Talonflame||CovertCloak|GaleWings|FlareBlitz,DualWingbeat,WillOWisp,Tailwind|||M|||50|,,,,,Fairy
|showteam|p2|Snorlax||SitrusBerry|ThickFat|Protect,DoubleEdge,HighHorsepower,BellyDrum|||F|||50|,,,,,Poison]Kommo-o||ThroatSpray|Bulletproof|Protect,ClangingScales,AuraSphere,ClangorousSoul|||F|||50|,,,,,Steel]Clefairy||Eviolite|FriendGuard|Protect,FollowMe,Endeavor,LifeDew|||F|||50|,,,,,Grass]Sinistcha||FocusSash|Hospitality|RagePowder,TrickRoom,MatchaGotcha,LifeDew||||||50|,,,,,Fire]Incineroar||SafetyGoggles|Intimidate|KnockOff,FlareBlitz,PartingShot,FakeOut|||F|||50|,,,,,Ghost]Milotic||Leftovers|Competitive|Protect,Scald,DrainingKiss,LifeDew|||M|||50|,,,,,Fairy
|
|t:|1756805244
|teamsize|p1|4
|teamsize|p2|4
|start
|switch|p1a: Talonflame|Talonflame, L50, M|100/100
|switch|p1b: Ursaluna|Ursaluna-Bloodmoon, L50, M|100/100
|switch|p2a: Incineroar|Incineroar, L50, F|100/100
|switch|p2b: Kommo-o|Kommo-o, L50, F|100/100
|-ability|p2a: Incineroar|Intimidate|boost
|-unboost|p1a: Talonflame|atk|1
|-unboost|p1b: Ursaluna|atk|1
|turn|1
|inactive|Battle timer is ON: inactive players will automatically lose when time's up. (requested by rdw39)
|inactive|rdw39 has 60 seconds left.
|
|t:|1756805281
|switch|p1a: Indeedee|Indeedee, L50, M|100/100
|-fieldstart|move: Psychic Terrain|[from] ability: Psychic Surge|[of] p1a: Indeedee
|move|p2a: Incineroar|Fake Out|p1b: Ursaluna
|-activate|p1b: Ursaluna|move: Psychic Terrain
|move|p2b: Kommo-o|Clangorous Soul|p2b: Kommo-o
|-boost|p2b: Kommo-o|atk|1
|-boost|p2b: Kommo-o|def|1
|-boost|p2b: Kommo-o|spa|1
|-boost|p2b: Kommo-o|spd|1
|-boost|p2b: Kommo-o|spe|1
|-damage|p2b: Kommo-o|68/100
|-enditem|p2b: Kommo-o|Throat Spray
|-boost|p2b: Kommo-o|spa|1|[from] item: Throat Spray
|move|p1b: Ursaluna|Earth Power|p2b: Kommo-o
|-damage|p2b: Kommo-o|15/100
|-damage|p1b: Ursaluna|91/100|[from] item: Life Orb
|
|upkeep
|turn|2
|inactive|ZNX Ferro has 30 seconds left.
|inactive|ZNX Ferro has 20 seconds left.
|inactive|ZNX Ferro has 15 seconds left.
|inactive|ZNX Ferro has 10 seconds left.
|inactive|ZNX Ferro has 5 seconds left.
|
|t:|1756805331
|switch|p2a: Sinistcha|Sinistcha, L50|100/100
|-heal|p2b: Kommo-o|40/100|[from] ability: Hospitality|[of] p2a: Sinistcha
|move|p1b: Ursaluna|Protect|p1b: Ursaluna
|-singleturn|p1b: Ursaluna|Protect
|move|p2b: Kommo-o|Clanging Scales|p1b: Ursaluna|[spread] p1a
|-activate|p1b: Ursaluna|move: Protect
|-enditem|p1a: Indeedee|Focus Sash
|-damage|p1a: Indeedee|1/100
|-unboost|p2b: Kommo-o|def|1
|move|p1a: Indeedee|Expanding Force|p2b: Kommo-o|[spread] p2a,p2b
|-supereffective|p2b: Kommo-o
|-damage|p2a: Sinistcha|51/100
|-damage|p2b: Kommo-o|0 fnt
|faint|p2b: Kommo-o
|
|upkeep
|
|t:|1756805347
|switch|p2b: Milotic|Milotic, L50, M|100/100
|turn|3
|
|t:|1756805367
|-terastallize|p1b: Ursaluna|Normal
|move|p1a: Indeedee|Expanding Force|p2a: Sinistcha|[spread] p2a,p2b
|-damage|p2a: Sinistcha|2/100
|-damage|p2b: Milotic|63/100
|move|p2b: Milotic|Scald|p1b: Ursaluna
|-damage|p1b: Ursaluna|47/100
|move|p1b: Ursaluna|Hyper Voice|p2a: Sinistcha|[spread] p2a,p2b
|-crit|p2b: Milotic
|-damage|p2a: Sinistcha|0 fnt
|-damage|p2b: Milotic|0 fnt
|faint|p2a: Sinistcha
|faint|p2b: Milotic
|-damage|p1b: Ursaluna|37/100|[from] item: Life Orb
|
|upkeep
|
|t:|1756805381
|switch|p2b: Incineroar|Incineroar, L50, F|100/100
|-ability|p2b: Incineroar|Intimidate|boost
|-unboost|p1a: Indeedee|atk|1
|-unboost|p1b: Ursaluna|atk|1
|turn|4
|
|t:|1756805394
|-terastallize|p2b: Incineroar|Ghost
|move|p1a: Indeedee|Helping Hand|p1b: Ursaluna
|-singleturn|p1b: Ursaluna|Helping Hand|[of] p1a: Indeedee
|move|p1b: Ursaluna|Earth Power|p2b: Incineroar
|-crit|p2b: Incineroar
|-damage|p2b: Incineroar|0 fnt
|faint|p2b: Incineroar
|-damage|p1b: Ursaluna|27/100|[from] item: Life Orb
|
|win|rdw39
||rdw39 is ready for game 2.
||ZNX Ferro is ready for game 2.
|uhtml|next|Next: Game 2 of 3
