|j|☆TeyVgc
|j|☆dandetheheartless
|html|TeyVgcdandetheheartless    
|uhtml|bestof|Game 1 of a best-of-3
|t:|1783316356
|gametype|doubles
|player|p1|TeyVgc|rood|1291
|player|p2|dandetheheartless|winona|1503
|gen|9
|tier|[Gen 9 Champions] VGC 2026 Reg M-B (Bo3)
|rated|
|rule|Species Clause: Limit one of each Pokémon
|rule|Item Clause: Limit 1 of each item
|clearpoke
|poke|p1|Sneasler, L50, M|
|poke|p1|Floette-Eternal, L50, F|
|poke|p1|Sinistcha, L50|
|poke|p1|Incineroar, L50, M|
|poke|p1|Kingambit, L50, F|
|poke|p1|Garchomp, L50, M|
|poke|p2|Raichu, L50, F|
|poke|p2|Gholdengo, L50|
|poke|p2|Basculegion, L50, M|
|poke|p2|Whimsicott, L50, F|
|poke|p2|Incineroar, L50, F|
|poke|p2|Ninetales-Alola, L50, M|
|teampreview|4
|showteam|p1|Sneasler||WhiteHerb|Unburden|CloseCombat,GunkShot,Coaching,FakeOut|Jolly||M|||50|]Floette-Eternal||Floettite|FlowerVeil|CalmMind,Protect,Moonblast,DazzlingGleam|Modest||F|||50|]Sinistcha||ColburBerry|Hospitality|MatchaGotcha,Protect,RagePowder,TrickRoom|Bold|||||50|]Incineroar||SitrusBerry|Intimidate|FakeOut,FlareBlitz,ThroatChop,PartingShot|Impish||M|||50|]Kingambit||ChopleBerry|Defiant|KowtowCleave,SuckerPunch,IronHead,Protect|Adamant||F|||50|]Garchomp||Garchompite|RoughSkin|DragonClaw,Earthquake,SwordsDance,Protect|Adamant||M|||50|
|showteam|p2|Raichu||RaichuniteY|LightningRod|ZapCannon,FocusBlast,FakeOut,Protect|Timid||F|||50|]Gholdengo||LifeOrb|GoodasGold|ShadowBall,MakeItRain,NastyPlot,Protect|Modest|||||50|]Basculegion||MysticWater|Adaptability|WaveCrash,AquaJet,LastRespects,Protect|Adamant||M|||50|]Whimsicott||FocusSash|Prankster|Tailwind,Moonblast,Encore,Protect|Timid||F|||50|]Incineroar||SitrusBerry|Intimidate|FakeOut,PartingShot,ThroatChop,FlareBlitz|Impish||F|||50|]Ninetales-Alola||NeverMeltIce|SnowWarning|Blizzard,FreezeDry,AuroraVeil,Protect|Timid||M|||50|
|inactive|Battle timer is ON: inactive players will automatically lose when time's up. (requested by dandetheheartless)
|l|☆dandetheheartless
|inactive|dandetheheartless disconnected and has a minute to reconnect!
|player|p2|
|j|☆dandetheheartless
|inactive|dandetheheartless reconnected and has 75 seconds left.
|player|p2|dandetheheartless|winona|
|inactive|TeyVgc has 60 seconds left.
|inactive|dandetheheartless has 60 seconds left.
|
|t:|1783316407
|teamsize|p1|4
|teamsize|p2|4
|start
|switch|p1a: Sneasler|Sneasler, L50, M|100/100
|switch|p1b: Kingambit|Kingambit, L50, F|100/100
|switch|p2a: Rai Y|Raichu, L50, F|100/100
|switch|p2b: Gholdengo|Gholdengo, L50|100/100
|turn|1
|inactive|TeyVgc has 30 seconds left.
|inactive|dandetheheartless has 30 seconds left.
|
|t:|1783316443
|detailschange|p2a: Rai Y|Raichu-Mega-Y, L50, F
|-mega|p2a: Rai Y|Raichu|Raichunite Y
|move|p1a: Sneasler|Fake Out|p2a: Rai Y
|-damage|p2a: Rai Y|72/100
|cant|p2a: Rai Y|flinch
|move|p2b: Gholdengo|Make It Rain|p1b: Kingambit|[spread] p1a,p1b
|-resisted|p1b: Kingambit|1
|-crit|p1b: Kingambit
|-damage|p1a: Sneasler|24/100
|-damage|p1b: Kingambit|59/100
|-unboost|p2b: Gholdengo|spa|2
|-damage|p2b: Gholdengo|90/100|[from] item: Life Orb
|move|p1b: Kingambit|Kowtow Cleave|p2b: Gholdengo
|-supereffective|p2b: Gholdengo|1
|-damage|p2b: Gholdengo|0 fnt
|faint|p2b: Gholdengo
|
|upkeep
|
|t:|1783316453
|switch|p2b: Whimsicott|Whimsicott, L50, F|100/100
|turn|2
|inactive|TeyVgc has 30 seconds left.
|
|t:|1783316478
|move|p1b: Kingambit|Sucker Punch|p2a: Rai Y
|-damage|p2a: Rai Y|6/100
|move|p2a: Rai Y|Focus Blast|p1b: Kingambit
|-supereffective|p1b: Kingambit|2
|-enditem|p1b: Kingambit|Chople Berry|[eat]
|-enditem|p1b: Kingambit|Chople Berry|[weaken]
|-damage|p1b: Kingambit|0 fnt
|faint|p1b: Kingambit
|move|p1a: Sneasler|Gunk Shot|p2b: Whimsicott|[miss]
|-miss|p1a: Sneasler|p2b: Whimsicott
|move|p2b: Whimsicott|Moonblast|p1a: Sneasler
|-damage|p1a: Sneasler|0 fnt
|faint|p1a: Sneasler
|
|upkeep
|
|t:|1783316489
|switch|p1a: Floette|Floette-Eternal, L50, F|100/100
|switch|p1b: Incineroar|Incineroar, L50, M|100/100
|-ability|p1b: Incineroar|Intimidate|boost
|-unboost|p2a: Rai Y|atk|1
|-unboost|p2b: Whimsicott|atk|1
|turn|3
|inactive|dandetheheartless has 30 seconds left.
|
|t:|1783316518
|detailschange|p1a: Floette|Floette-Mega, L50, F
|-mega|p1a: Floette|Floette|Floettite
|-ability|p1a: Floette|Fairy Aura
|move|p2b: Whimsicott|Protect|p2b: Whimsicott
|-singleturn|p2b: Whimsicott|Protect
|move|p2a: Rai Y|Protect|p2a: Rai Y
|-singleturn|p2a: Rai Y|Protect
|move|p1a: Floette|Dazzling Gleam|p2b: Whimsicott|[spread] 
|-activate|p2a: Rai Y|move: Protect
|-activate|p2b: Whimsicott|move: Protect
|move|p1b: Incineroar|Flare Blitz|p2b: Whimsicott
|-activate|p2b: Whimsicott|move: Protect
|
|upkeep
|turn|4
|
|t:|1783316540
|move|p2a: Rai Y|Zap Cannon|p1a: Floette
|-damage|p1a: Floette|56/100
|-status|p1a: Floette|par
|move|p2b: Whimsicott|Moonblast|p1a: Floette
|-damage|p1a: Floette|25/100 par
|move|p1b: Incineroar|Flare Blitz|p2b: Whimsicott
|-supereffective|p2b: Whimsicott|1
|-enditem|p2b: Whimsicott|Focus Sash
|-damage|p2b: Whimsicott|1/100
|-damage|p1b: Incineroar|77/100|[from] Recoil
|move|p1a: Floette|Dazzling Gleam|p2b: Whimsicott|[spread] p2a,p2b
|-damage|p2a: Rai Y|0 fnt
|-damage|p2b: Whimsicott|0 fnt
|faint|p2a: Rai Y
|faint|p2b: Whimsicott
|
|upkeep
|
|t:|1783316544
|switch|p2b: Flair Expert|Incineroar, L50, F|100/100
|-ability|p2b: Flair Expert|Intimidate|boost
|-unboost|p1a: Floette|atk|1
|-unboost|p1b: Incineroar|atk|1
|turn|5
|inactive|TeyVgc has 30 seconds left.
|
|t:|1783316571
|move|p1a: Floette|Protect|p1a: Floette
|-singleturn|p1a: Floette|Protect
|move|p1b: Incineroar|Parting Shot|p2b: Flair Expert
|-unboost|p2b: Flair Expert|atk|1
|-unboost|p2b: Flair Expert|spa|1
|move|p2b: Flair Expert|Flare Blitz|p1a: Floette
|-activate|p1a: Floette|move: Protect
|
|upkeep
|turn|6
|
|t:|1783316584
|move|p1b: Incineroar|Throat Chop|p2b: Flair Expert
|-resisted|p2b: Flair Expert|1
|-damage|p2b: Flair Expert|92/100
|-start|p2b: Flair Expert|Throat Chop|[silent]
|move|p2b: Flair Expert|Flare Blitz|p1a: Floette
|-damage|p1a: Floette|0 fnt
|faint|p1a: Floette
|-damage|p2b: Flair Expert|84/100|[from] Recoil
|
|upkeep
|turn|7
|
|t:|1783316599
|move|p1b: Incineroar|Throat Chop|p2b: Flair Expert
|-resisted|p2b: Flair Expert|1
|-damage|p2b: Flair Expert|77/100
|move|p2b: Flair Expert|Flare Blitz|p1b: Incineroar
|-resisted|p1b: Incineroar|1
|-damage|p1b: Incineroar|66/100
|-damage|p2b: Flair Expert|73/100|[from] Recoil
|
|-end|p2b: Flair Expert|Throat Chop|[silent]
|upkeep
|turn|8
|
|t:|1783316609
|move|p1b: Incineroar|Parting Shot|p2b: Flair Expert
|-unboost|p2b: Flair Expert|atk|1
|-unboost|p2b: Flair Expert|spa|1
|move|p2b: Flair Expert|Throat Chop|p1b: Incineroar
|-resisted|p1b: Incineroar|1
|-damage|p1b: Incineroar|60/100
|-start|p1b: Incineroar|Throat Chop|[silent]
|
|upkeep
|turn|9
|
|t:|1783316619
|move|p1b: Incineroar|Throat Chop|p2b: Flair Expert
|-resisted|p2b: Flair Expert|1
|-damage|p2b: Flair Expert|66/100
|-start|p2b: Flair Expert|Throat Chop|[silent]
|cant|p2b: Flair Expert|move: Throat Chop
|
|-end|p1b: Incineroar|Throat Chop|[silent]
|upkeep
|turn|10
|
|t:|1783316633
|move|p1b: Incineroar|Throat Chop|p2b: Flair Expert
|-resisted|p2b: Flair Expert|1
|-damage|p2b: Flair Expert|59/100
|move|p2b: Flair Expert|Throat Chop|p1b: Incineroar
|-resisted|p1b: Incineroar|1
|-damage|p1b: Incineroar|55/100
|-start|p1b: Incineroar|Throat Chop|[silent]
|
|-end|p2b: Flair Expert|Throat Chop|[silent]
|upkeep
|turn|11
|
|t:|1783316640
|move|p1b: Incineroar|Throat Chop|p2b: Flair Expert
|-resisted|p2b: Flair Expert|1
|-damage|p2b: Flair Expert|52/100
|-start|p2b: Flair Expert|Throat Chop|[silent]
|move|p2b: Flair Expert|Flare Blitz|p1b: Incineroar
|-resisted|p1b: Incineroar|1
|-damage|p1b: Incineroar|46/100
|-enditem|p1b: Incineroar|Sitrus Berry|[eat]
|-heal|p1b: Incineroar|71/100|[from] item: Sitrus Berry
|-damage|p2b: Flair Expert|49/100|[from] Recoil
|-enditem|p2b: Flair Expert|Sitrus Berry|[eat]
|-heal|p2b: Flair Expert|74/100|[from] item: Sitrus Berry
|
|-end|p1b: Incineroar|Throat Chop|[silent]
|upkeep
|turn|12
|
|t:|1783316650
|move|p1b: Incineroar|Throat Chop|p2b: Flair Expert
|-resisted|p2b: Flair Expert|1
|-damage|p2b: Flair Expert|67/100
|move|p2b: Flair Expert|Flare Blitz|p1b: Incineroar
|-resisted|p1b: Incineroar|1
|-damage|p1b: Incineroar|62/100
|-damage|p2b: Flair Expert|64/100|[from] Recoil
|
|-end|p2b: Flair Expert|Throat Chop|[silent]
|upkeep
|turn|13
|
|t:|1783316660
|move|p1b: Incineroar|Throat Chop|p2b: Flair Expert
|-resisted|p2b: Flair Expert|1
|-damage|p2b: Flair Expert|56/100
|-start|p2b: Flair Expert|Throat Chop|[silent]
|move|p2b: Flair Expert|Flare Blitz|p1b: Incineroar
|-resisted|p1b: Incineroar|1
|-damage|p1b: Incineroar|54/100
|-damage|p2b: Flair Expert|53/100|[from] Recoil
|
|upkeep
|turn|14
|
|t:|1783316669
|move|p1b: Incineroar|Parting Shot|p2b: Flair Expert
|-unboost|p2b: Flair Expert|atk|1
|-unboost|p2b: Flair Expert|spa|1
|move|p2b: Flair Expert|Flare Blitz|p1b: Incineroar
|-resisted|p1b: Incineroar|1
|-crit|p1b: Incineroar
|-damage|p1b: Incineroar|27/100
|-damage|p2b: Flair Expert|45/100|[from] Recoil
|
|-end|p2b: Flair Expert|Throat Chop|[silent]
|upkeep
|turn|15
|
|t:|1783316682
|move|p1b: Incineroar|Throat Chop|p2b: Flair Expert
|-resisted|p2b: Flair Expert|1
|-damage|p2b: Flair Expert|38/100
|-start|p2b: Flair Expert|Throat Chop|[silent]
|move|p2b: Flair Expert|Flare Blitz|p1b: Incineroar
|-resisted|p1b: Incineroar|1
|-damage|p1b: Incineroar|20/100y
|-damage|p2b: Flair Expert|36/100|[from] Recoil
|
|upkeep
|turn|16
|
|t:|1783316689
|move|p1b: Incineroar|Flare Blitz|p2b: Flair Expert
|-resisted|p2b: Flair Expert|1
|-damage|p2b: Flair Expert|24/100
|-damage|p1b: Incineroar|16/100|[from] Recoil
|move|p2b: Flair Expert|Flare Blitz|p1b: Incineroar
|-resisted|p1b: Incineroar|1
|-damage|p1b: Incineroar|9/100
|-damage|p2b: Flair Expert|22/100|[from] Recoil
|
|-end|p2b: Flair Expert|Throat Chop|[silent]
|upkeep
|turn|17
|
|t:|1783316700
|move|p1b: Incineroar|Throat Chop|p2b: Flair Expert
|-resisted|p2b: Flair Expert|1
|-damage|p2b: Flair Expert|14/100
|-start|p2b: Flair Expert|Throat Chop|[silent]
|move|p2b: Flair Expert|Throat Chop|p1b: Incineroar
|-resisted|p1b: Incineroar|1
|-damage|p1b: Incineroar|4/100
|-start|p1b: Incineroar|Throat Chop|[silent]
|
|upkeep
|turn|18
|
|t:|1783316709
|move|p1b: Incineroar|Flare Blitz|p2b: Flair Expert
|-resisted|p2b: Flair Expert|1
|-damage|p2b: Flair Expert|4/100
|-damage|p1b: Incineroar|1/100|[from] Recoil
|move|p2b: Flair Expert|Flare Blitz|p1b: Incineroar
|-resisted|p1b: Incineroar|1
|-damage|p1b: Incineroar|0 fnt
|faint|p1b: Incineroar
|-damage|p2b: Flair Expert|4/100|[from] Recoil
|
|win|dandetheheartless
