|j|☆lettitripppp
|j|☆daveedeh
|html|lettitrippppdaveedeh    
|uhtml|bestof|Game 3 of a best-of-3
|t:|1783897715
|gametype|doubles
|player|p1|lettitripppp|lucas|1346
|player|p2|daveedeh|steven|1231
|gen|9
|tier|[Gen 9 Champions] VGC 2026 Reg M-B (Bo3)
|rated|
|rule|Species Clause: Limit one of each Pokémon
|rule|Item Clause: Limit 1 of each item
|clearpoke
|poke|p1|Charizard, L50, F|
|poke|p1|Floette-Eternal, L50, F|
|poke|p1|Basculegion, L50, M|
|poke|p1|Whimsicott, L50, M, shiny|
|poke|p1|Garchomp, L50, F, shiny|
|poke|p1|Kingambit, L50, M, shiny|
|poke|p2|Tyranitar, L50, F|
|poke|p2|Excadrill, L50, F|
|poke|p2|Sinistcha, L50|
|poke|p2|Milotic, L50, F|
|poke|p2|Gholdengo, L50|
|poke|p2|Staraptor, L50, M|
|teampreview|4
|showteam|p1|Charizard||CharizarditeY|Blaze|WeatherBall,SolarBeam,HeatWave,Protect|Modest||F|||50|]Floette-Eternal||Floettite|FlowerVeil|DazzlingGleam,LightofRuin,Moonblast,Protect|Modest||F|||50|]Basculegion||MysticWater|Adaptability|LastRespects,WaveCrash,AquaJet,Protect|Adamant||M|||50|]Whimsicott||FocusSash|Prankster|Moonblast,Tailwind,Encore,Protect|Timid||M|||50|]Garchomp||LifeOrb|RoughSkin|DragonClaw,Earthquake,RockSlide,Protect|Jolly||F|||50|]Kingambit||ChopleBerry|Defiant|KowtowCleave,SuckerPunch,IronHead,LowKick|Adamant||M|||50|
|showteam|p2|Tyranitar||Tyranitarite|SandStream|RockSlide,KnockOff,LowKick,Protect|Adamant||F|||50|]Excadrill||FocusSash|SandRush|IronHead,HighHorsepower,RockSlide,Protect|Adamant||F|||50|]Sinistcha||SitrusBerry|Hospitality|MatchaGotcha,RagePowder,TrickRoom,Protect|Bold|||||50|]Milotic||Leftovers|Competitive|Scald,IceBeam,IcyWind,Protect|Modest||F|||50|]Gholdengo||LifeOrb|GoodasGold|MakeItRain,ShadowBall,NastyPlot,Protect|Modest|||||50|]Staraptor||Staraptite|Intimidate|CloseCombat,BraveBird,Tailwind,Protect|Jolly||M|||50|
|inactive|Battle timer is ON: inactive players will automatically lose when time's up. (requested by lettitripppp)
|inactive|daveedeh also wants the timer to be on.
|inactive|daveedeh has 60 seconds left.
|
|t:|1783897757
|teamsize|p1|4
|teamsize|p2|4
|start
|switch|p1a: CRUSH SHARK|Garchomp, L50, F, shiny|100/100
|switch|p1b: LETS GO GO|Whimsicott, L50, M, shiny|100/100
|switch|p2a: Sinistcha|Sinistcha, L50|100/100
|switch|p2b: Gholdengo|Gholdengo, L50|100/100
|turn|1
|
|t:|1783897778
|move|p1b: LETS GO GO|Moonblast|p2b: Gholdengo
|-resisted|p2b: Gholdengo|1
|-damage|p2b: Gholdengo|84/100
|move|p1a: CRUSH SHARK|Earthquake|p2a: Sinistcha|[spread] p1b,p2a,p2b
|-resisted|p1b: LETS GO GO|1
|-resisted|p2a: Sinistcha|1
|-supereffective|p2b: Gholdengo|1
|-damage|p1b: LETS GO GO|67/100
|-damage|p2a: Sinistcha|78/100
|-damage|p2b: Gholdengo|0 fnt
|faint|p2b: Gholdengo
|-damage|p1a: CRUSH SHARK|90/100|[from] item: Life Orb
|move|p2a: Sinistcha|Matcha Gotcha|p1a: CRUSH SHARK|[spread] p1a,p1b
|-resisted|p1b: LETS GO GO|1
|-damage|p1a: CRUSH SHARK|61/100
|-heal|p2a: Sinistcha|93/100|[from] drain|[of] p1a: CRUSH SHARK
|-damage|p1b: LETS GO GO|48/100
|-heal|p2a: Sinistcha|100/100|[from] drain|[of] p1b: LETS GO GO
|
|upkeep
|
|t:|1783897798
|switch|p2b: Tyranitar|Tyranitar, L50, F|100/100
|-weather|Sandstorm|[from] ability: Sand Stream|[of] p2b: Tyranitar
|turn|2
|inactive|daveedeh has 30 seconds left.
|inactive|daveedeh has 20 seconds left.
|inactive|daveedeh has 15 seconds left.
|
|t:|1783897838
|switch|p2b: Excadrill|Excadrill, L50, F|100/100
|move|p1a: CRUSH SHARK|Protect|p1a: CRUSH SHARK
|-singleturn|p1a: CRUSH SHARK|Protect
|move|p1b: LETS GO GO|Encore|p2a: Sinistcha
|-start|p2a: Sinistcha|Encore
|move|p2a: Sinistcha|Matcha Gotcha|p1b: LETS GO GO|[spread] p1b
|-activate|p1a: CRUSH SHARK|move: Protect
|-resisted|p1b: LETS GO GO|1
|-damage|p1b: LETS GO GO|29/100
|
|-weather|Sandstorm|[upkeep]
|-damage|p1b: LETS GO GO|23/100|[from] Sandstorm
|-damage|p2a: Sinistcha|93/100|[from] Sandstorm
|upkeep
|turn|3
|
|t:|1783897860
|move|p1b: LETS GO GO|Tailwind|p1b: LETS GO GO
|-sidestart|p1: lettitripppp|move: Tailwind
|move|p1a: CRUSH SHARK|Earthquake|p2b: Excadrill|[spread] p1b,p2a,p2b
|-resisted|p1b: LETS GO GO|1
|-resisted|p2a: Sinistcha|1
|-supereffective|p2b: Excadrill|1
|-damage|p1b: LETS GO GO|0 fnt
|-damage|p2a: Sinistcha|75/100
|-enditem|p2b: Excadrill|Focus Sash
|-damage|p2b: Excadrill|1/100
|faint|p1b: LETS GO GO
|-damage|p1a: CRUSH SHARK|51/100|[from] item: Life Orb
|move|p2b: Excadrill|Rock Slide|p1a: CRUSH SHARK
|-resisted|p1a: CRUSH SHARK|1
|-damage|p1a: CRUSH SHARK|36/100
|move|p2a: Sinistcha|Matcha Gotcha|p1a: CRUSH SHARK
|-damage|p1a: CRUSH SHARK|1/100
|-heal|p2a: Sinistcha|93/100|[from] drain|[of] p1a: CRUSH SHARK
|-status|p1a: CRUSH SHARK|brn
|
|-weather|Sandstorm|[upkeep]
|-damage|p2a: Sinistcha|87/100|[from] Sandstorm
|-damage|p1a: CRUSH SHARK|0 fnt|[from] brn
|faint|p1a: CRUSH SHARK
|upkeep
|
|t:|1783897867
|switch|p1b: RUINOUS LIGHT|Floette-Eternal, L50, F|100/100
|switch|p1a: GHOSTWAVE|Basculegion, L50, M|100/100
|turn|4
|inactive|daveedeh has 30 seconds left.
|c|☆lettitripppp|ggs
|
|t:|1783897901
|detailschange|p1b: RUINOUS LIGHT|Floette-Mega, L50, F
|-mega|p1b: RUINOUS LIGHT|Floette|Floettite
|-ability|p1b: RUINOUS LIGHT|Fairy Aura
|move|p1b: RUINOUS LIGHT|Dazzling Gleam|p2b: Excadrill|[spread] p2a,p2b
|-resisted|p2b: Excadrill|1
|-damage|p2a: Sinistcha|38/100
|-damage|p2b: Excadrill|0 fnt
|-enditem|p2a: Sinistcha|Sitrus Berry|[eat]
|-heal|p2a: Sinistcha|62/100|[from] item: Sitrus Berry
|faint|p2b: Excadrill
|move|p1a: GHOSTWAVE|Last Respects|p2a: Sinistcha
|-supereffective|p2a: Sinistcha|1
|-damage|p2a: Sinistcha|0 fnt
|faint|p2a: Sinistcha
|
|-weather|Sandstorm|[upkeep]
|-damage|p1b: RUINOUS LIGHT|94/100|[from] Sandstorm
|-damage|p1a: GHOSTWAVE|94/100|[from] Sandstorm
|upkeep
|-message|daveedeh forfeited.
|
|win|lettitripppp
|raw|lettitripppp's rating: 1346 → 1360(+14 for winning)
|raw|daveedeh's rating: 1231 → 1214(-17 for losing)
|l|☆daveedeh
|player|p2|
