|j|☆parmesanlugubre206
|j|☆TheHorrorHare
|html|parmesanlugubre206TheHorrorHare    
|uhtml|bestof|Game 1 of a best-of-3
|t:|1783562886
|gametype|doubles
|player|p1|parmesanlugubre206|ethan|1227
|player|p2|TheHorrorHare|#wcor2025canada|1352
|gen|9
|tier|[Gen 9 Champions] VGC 2026 Reg M-B (Bo3)
|rated|
|rule|Species Clause: Limit one of each Pokémon
|rule|Item Clause: Limit 1 of each item
|clearpoke
|poke|p1|Charizard, L50, F, shiny|
|poke|p1|Whimsicott, L50, M|
|poke|p1|Floette-Eternal, L50, F|
|poke|p1|Incineroar, L50, M|
|poke|p1|Araquanid, L50, M|
|poke|p1|Sneasler, L50, F|
|poke|p2|Floette-Eternal, L50, F|
|poke|p2|Charizard, L50, F|
|poke|p2|Garchomp, L50, M|
|poke|p2|Whimsicott, L50, M|
|poke|p2|Basculegion, L50, M|
|poke|p2|Kingambit, L50, M|
|teampreview|4
|showteam|p1|Charizard||CharizarditeY|Blaze|WeatherBall,HeatWave,SolarBeam,Protect|Modest||F|||50|]Whimsicott||FairyFeather|Prankster|Moonblast,Tailwind,SunnyDay,Protect|Modest||M|||50|]Floette-Eternal||Floettite|FlowerVeil|Moonblast,LightofRuin,DazzlingGleam,Protect|Timid||F|||50|]Incineroar||SitrusBerry|Intimidate|FlareBlitz,PartingShot,Taunt,FakeOut|Adamant||M|||50|]Araquanid||Leftovers|WaterBubble|Liquidation,WideGuard,Infestation,Protect|Brave||M|||50|]Sneasler||FocusSash|Unburden|CloseCombat,DireClaw,FakeOut,Protect|Adamant||F|||50|
|showteam|p2|Floette-Eternal||Floettite|FlowerVeil|Moonblast,DazzlingGleam,LightofRuin,Protect|Modest||F|||50|]Charizard||CharizarditeY|Blaze|WeatherBall,HeatWave,SolarBeam,Protect|Modest||F|||50|]Garchomp||SitrusBerry|RoughSkin|DragonClaw,Earthquake,RockSlide,Protect|Adamant||M|||50|]Whimsicott||FocusSash|Prankster|Moonblast,Encore,Tailwind,Protect|Timid||M|||50|]Basculegion||MysticWater|Adaptability|WaveCrash,LastRespects,AquaJet,Protect|Adamant||M|||50|]Kingambit||BlackGlasses|Defiant|KowtowCleave,LowKick,SuckerPunch,Protect|Adamant||M|||50|
|inactive|Battle timer is ON: inactive players will automatically lose when time's up. (requested by TheHorrorHare)
|inactive|parmesanlugubre206 also wants the timer to be on.
|inactive|TheHorrorHare has 60 seconds left.
|inactive|TheHorrorHare has 30 seconds left.
|
|t:|1783562952
|teamsize|p1|4
|teamsize|p2|4
|start
|switch|p1a: Floette|Floette-Eternal, L50, F|100/100
|switch|p1b: Whimsicott|Whimsicott, L50, M|100/100
|switch|p2a: Charizard|Charizard, L50, F|100/100
|switch|p2b: Garchomp|Garchomp, L50, M|100/100
|turn|1
|
|t:|1783562969
|detailschange|p1a: Floette|Floette-Mega, L50, F
|-mega|p1a: Floette|Floette|Floettite
|-ability|p1a: Floette|Fairy Aura
|detailschange|p2a: Charizard|Charizard-Mega-Y, L50, F
|-mega|p2a: Charizard|Charizard|Charizardite Y
|-weather|SunnyDay|[from] ability: Drought|[of] p2a: Charizard
|move|p2b: Garchomp|Protect|p2b: Garchomp
|-singleturn|p2b: Garchomp|Protect
|move|p1b: Whimsicott|Tailwind|p1b: Whimsicott
|-sidestart|p1: parmesanlugubre206|move: Tailwind
|move|p1a: Floette|Moonblast|p2a: Charizard
|-resisted|p2a: Charizard|1
|-damage|p2a: Charizard|64/100
|move|p2a: Charizard|Heat Wave|p1b: Whimsicott|[spread] p1a,p1b
|-supereffective|p1b: Whimsicott|1
|-crit|p1b: Whimsicott
|-damage|p1a: Floette|51/100
|-damage|p1b: Whimsicott|0 fnt
|faint|p1b: Whimsicott
|
|-weather|SunnyDay|[upkeep]
|upkeep
|
|t:|1783562973
|switch|p1b: Sneasler|Sneasler, L50, F|100/100
|turn|2
|inactive|TheHorrorHare has 30 seconds left.
|
|t:|1783562998
|move|p2a: Charizard|Protect|p2a: Charizard
|-singleturn|p2a: Charizard|Protect
|move|p1b: Sneasler|Dire Claw|p2a: Charizard
|-activate|p2a: Charizard|move: Protect
|move|p1a: Floette|Dazzling Gleam|p2a: Charizard|[spread] p2b
|-activate|p2a: Charizard|move: Protect
|-supereffective|p2b: Garchomp|1
|-damage|p2b: Garchomp|18/100
|-enditem|p2b: Garchomp|Sitrus Berry|[eat]
|-heal|p2b: Garchomp|43/100|[from] item: Sitrus Berry
|move|p2b: Garchomp|Earthquake|p1b: Sneasler|[spread] p1a,p1b
|-activate|p2a: Charizard|move: Protect
|-crit|p1a: Floette
|-supereffective|p1b: Sneasler|1
|-damage|p1a: Floette|0 fnt
|-enditem|p1b: Sneasler|Focus Sash
|-damage|p1b: Sneasler|1/100
|faint|p1a: Floette
|
|-weather|SunnyDay|[upkeep]
|upkeep
|-message|parmesanlugubre206 forfeited.
|
|win|TheHorrorHare
|l|☆parmesanlugubre206
|player|p1|
||parmesanlugubre206 is ready for game 2.
||TheHorrorHare is ready for game 2.
|uhtml|next|Next: Game 2 of 3
|l|☆TheHorrorHare
|player|p2|
|j|☆TheHorrorHare
|player|p2|TheHorrorHare|#wcor2025canada|
