|j|☆wodaiogien
|j|☆ERTSAZHR
|html|wodaiogienERTSAZHR    
|uhtml|bestof|Game 1 of a best-of-3
|t:|1782332675
|gametype|doubles
|player|p1|wodaiogien|2|1101
|player|p2|ERTSAZHR|265|1000
|gen|9
|tier|[Gen 9 Champions] VGC 2026 Reg M-B (Bo3)
|rated|
|rule|Species Clause: Limit one of each Pokémon
|rule|Item Clause: Limit 1 of each item
|clearpoke
|poke|p1|Talonflame, L50, F|
|poke|p1|Tsareena, L50, F|
|poke|p1|Raichu, L50, F|
|poke|p1|Basculegion, L50, M|
|poke|p1|Kingambit, L50, F|
|poke|p1|Sneasler, L50, F|
|poke|p2|Metagross, L50|
|poke|p2|Hydreigon, L50, F|
|poke|p2|Sneasler, L50, F|
|poke|p2|Incineroar, L50, F|
|poke|p2|Aerodactyl, L50, M|
|poke|p2|Sylveon, L50, M|
|teampreview|4
|showteam|p1|Talonflame||FocusSash|GaleWings|DualWingbeat,Tailwind,FlareBlitz,Protect|Jolly||F|||50|]Tsareena||WideLens|QueenlyMajesty|TripleAxel,TropKick,HighJumpKick,Protect|Adamant||F|||50|]Raichu||RaichuniteY|LightningRod|Protect,ZapCannon,FocusBlast,FakeOut|Timid||F|||50|]Basculegion||LifeOrb|Adaptability|WaveCrash,AquaJet,LastRespects,Protect|Adamant||M|||50|]Kingambit||ChopleBerry|Defiant|KowtowCleave,SuckerPunch,IronHead,Protect|Adamant||F|||50|]Sneasler||WhiteHerb|Unburden|Protect,DireClaw,CloseCombat,FakeOut|Adamant||F|||50|
|showteam|p2|Metagross||Metagrossite|ClearBody|PsychicFangs,IronHead,Protect,BodyPress|Jolly|||||50|]Hydreigon||ChoiceScarf|Levitate|DracoMeteor,DarkPulse,Snarl,Flamethrower|Modest||F|||50|]Sneasler||WhiteHerb|Unburden|Coaching,DireClaw,CloseCombat,FakeOut|Adamant||F|||50|]Incineroar||PasshoBerry|Intimidate|FakeOut,FlareBlitz,DarkestLariat,PartingShot|Adamant||F|||50|]Aerodactyl||Aerodactylite|Unnerve|RockSlide,Tailwind,DualWingbeat,WideGuard|Jolly||M|||50|]Sylveon||FairyFeather|Pixilate|QuickAttack,HyperBeam,HyperVoice,Protect|Quiet||M|||50|
|inactive|Battle timer is ON: inactive players will automatically lose when time's up. (requested by wodaiogien)
|inactive|ERTSAZHR has 60 seconds left.
|inactive|ERTSAZHR has 30 seconds left.
|inactive|ERTSAZHR has 20 seconds left.
|
|t:|1782332760
|teamsize|p1|4
|teamsize|p2|4
|start
|switch|p1a: Talonflame|Talonflame, L50, F|100/100
|switch|p1b: Tsareena|Tsareena, L50, F|100/100
|switch|p2a: Metagross|Metagross, L50|100/100
|switch|p2b: Sneasler|Sneasler, L50, F|100/100
|turn|1
|inactive|ERTSAZHR has 30 seconds left.
|
|t:|1782332792
|switch|p2a: Incineroar|Incineroar, L50, F|100/100
|-ability|p2a: Incineroar|Intimidate|boost
|-unboost|p1a: Talonflame|atk|1
|-unboost|p1b: Tsareena|atk|1
|move|p2b: Sneasler|Fake Out||[still]
|cant|p1b: Tsareena|ability: Queenly Majesty|Fake Out|[of] p2b: Sneasler
|move|p1a: Talonflame|Dual Wingbeat|p2b: Sneasler
|-supereffective|p2b: Sneasler|1
|-damage|p2b: Sneasler|64/100
|-supereffective|p2b: Sneasler|1
|-damage|p2b: Sneasler|26/100
|-hitcount|p2b: Sneasler|2
|move|p1b: Tsareena|High Jump Kick|p2a: Incineroar
|-supereffective|p2a: Incineroar|1
|-damage|p2a: Incineroar|42/100
|
|upkeep
|turn|2
|inactive|ERTSAZHR has 30 seconds left.
|inactive|ERTSAZHR has 20 seconds left.
|inactive|ERTSAZHR has 15 seconds left.
|inactive|ERTSAZHR has 10 seconds left.
|inactive|ERTSAZHR has 5 seconds left.
|
|t:|1782332847
|move|p2a: Incineroar|Fake Out||[still]
|cant|p1b: Tsareena|ability: Queenly Majesty|Fake Out|[of] p2a: Incineroar
|move|p1a: Talonflame|Dual Wingbeat|p2b: Sneasler|[miss]
|-miss|p1a: Talonflame|p2b: Sneasler
|move|p2b: Sneasler|Coaching|p2a: Incineroar
|-boost|p2a: Incineroar|atk|1
|-boost|p2a: Incineroar|def|1
|move|p1b: Tsareena|High Jump Kick|p2a: Incineroar
|-supereffective|p2a: Incineroar|1
|-damage|p2a: Incineroar|7/100
|
|upkeep
|turn|3
|-message|ERTSAZHR forfeited.
|
|win|wodaiogien
|l|☆ERTSAZHR
|player|p2|
|raw|wodaiogien's rating: 1101 → 1119(+18 for winning)
|raw|ERTSAZHR's rating: 1000 → 1000(+0 for losing)
