|j|☆Rean412
|j|☆BroscoeFlames
|html|Rean412BroscoeFlames    
|uhtml|bestof|Game 1 of a best-of-3
|t:|1756342800
|gametype|doubles
|player|p1|Rean412|2|1056
|player|p2|BroscoeFlames|169|1117
|gen|9
|tier|[Gen 9] VGC 2025 Reg H (Bo3)
|rated|
|rule|Species Clause: Limit one of each Pokémon
|rule|Item Clause: Limit 1 of each item
|clearpoke
|poke|p1|Grimmsnarl, L50, M|
|poke|p1|Incineroar, L50, M|
|poke|p1|Gastrodon-East, L50, F|
|poke|p1|Annihilape, L50, M|
|poke|p1|Archaludon, L50, F|
|poke|p1|Whimsicott, L50, M|
|poke|p2|Volcarona, L50, M|
|poke|p2|Gholdengo, L50|
|poke|p2|Electabuzz, L50, M|
|poke|p2|Rillaboom, L50, F|
|poke|p2|Dragonite, L50, F|
|poke|p2|Sneasler, L50, M|
|teampreview|4
|showteam|p1|Grimmsnarl||CovertCloak|Prankster|SpiritBreak,LightScreen,Reflect,MistyTerrain|||M|||50|,,,,,Ghost]Incineroar||SafetyGoggles|Intimidate|FakeOut,KnockOff,Taunt,PartingShot|||M|||50|,,,,,Ghost]Gastrodon-East||Leftovers|StormDrain|EarthPower,MuddyWater,Recover,Protect|||F|||50|,,,,,Poison]Annihilape||SitrusBerry|Defiant|Protect,BulkUp,DrainPunch,RageFist|||M|||50|,,,,,Fire]Archaludon||PowerHerb|Stamina|DragonPulse,ElectroShot,BodyPress,FlashCannon|||F|||50|,,,,,Electric]Whimsicott||FocusSash|Prankster|Moonblast,BeatUp,Tailwind,Encore|||M|||50|,,,,,Steel
|showteam|p2|Volcarona||SitrusBerry|FlameBody|HeatWave,GigaDrain,QuiverDance,Protect|||M|||50|,,,,,Grass]Gholdengo||LifeOrb|GoodasGold|NastyPlot,MakeItRain,ShadowBall,Protect||||||50|,,,,,Water]Electabuzz||Eviolite|VitalSpirit|Thunderbolt,ThunderWave,FollowMe,Taunt|||M|||50|,,,,,Ghost]Rillaboom||AssaultVest|GrassySurge|FakeOut,GrassyGlide,WoodHammer,HighHorsepower|||F|||50|,,,,,Fire]Dragonite||LoadedDice|InnerFocus|Haze,ScaleShot,ExtremeSpeed,Tailwind|||F|||50|,,,,,Fairy]Sneasler||GrassySeed|Unburden|DireClaw,CloseCombat,Protect,ThroatChop|||M|||50|,,,,,Dark
|c|☆Rean412|GLhF
|c|☆BroscoeFlames|glhf
|
|t:|1756342857
|teamsize|p1|4
|teamsize|p2|4
|start
|switch|p1a: Archaludon|Archaludon, L50, F|100/100
|switch|p1b: Whimsicott|Whimsicott, L50, M|100/100
|switch|p2a: Electabuzz|Electabuzz, L50, M|100/100
|switch|p2b: Sneasler|Sneasler, L50, M|100/100
|turn|1
|
|t:|1756342895
|switch|p1a: Annihilape|Annihilape, L50, M|100/100
|-terastallize|p1b: Whimsicott|Steel
|move|p2a: Electabuzz|Follow Me|p2a: Electabuzz
|-singleturn|p2a: Electabuzz|move: Follow Me
|move|p1b: Whimsicott|Tailwind|p1b: Whimsicott
|-sidestart|p1: Rean412|move: Tailwind
|move|p2b: Sneasler|Dire Claw|p1b: Whimsicott
|-immune|p1b: Whimsicott
|
|upkeep
|turn|2
|
|t:|1756342942
|switch|p2b: Volcarona|Volcarona, L50, M|100/100
|move|p2a: Electabuzz|Follow Me|p2a: Electabuzz
|-singleturn|p2a: Electabuzz|move: Follow Me
|move|p1b: Whimsicott|Encore|p2a: Electabuzz
|-start|p2a: Electabuzz|Encore
|move|p1a: Annihilape|Bulk Up|p1a: Annihilape
|-boost|p1a: Annihilape|atk|1
|-boost|p1a: Annihilape|def|1
|
|upkeep
|turn|3
|
|t:|1756342960
|switch|p1b: Incineroar|Incineroar, L50, M|100/100
|-ability|p1b: Incineroar|Intimidate|boost
|-unboost|p2a: Electabuzz|atk|1
|-unboost|p2b: Volcarona|atk|1
|move|p2a: Electabuzz|Follow Me|p2a: Electabuzz
|-singleturn|p2a: Electabuzz|move: Follow Me
|move|p1a: Annihilape|Rage Fist|p2a: Electabuzz
|-damage|p2a: Electabuzz|75/100
|move|p2b: Volcarona|Quiver Dance|p2b: Volcarona
|-boost|p2b: Volcarona|spa|1
|-boost|p2b: Volcarona|spd|1
|-boost|p2b: Volcarona|spe|1
|
|upkeep
|turn|4
|
|t:|1756343003
|move|p2b: Volcarona|Protect|p2b: Volcarona
|-singleturn|p2b: Volcarona|Protect
|move|p2a: Electabuzz|Follow Me|p2a: Electabuzz
|-singleturn|p2a: Electabuzz|move: Follow Me
|move|p1a: Annihilape|Bulk Up|p1a: Annihilape
|-boost|p1a: Annihilape|atk|1
|-boost|p1a: Annihilape|def|1
|move|p1b: Incineroar|Knock Off|p2a: Electabuzz
|-damage|p2a: Electabuzz|48/100
|-enditem|p2a: Electabuzz|Eviolite|[from] move: Knock Off|[of] p1b: Incineroar
|
|-sideend|p1: Rean412|move: Tailwind
|upkeep
|turn|5
|
|t:|1756343031
|move|p1a: Annihilape|Protect|p1a: Annihilape
|-singleturn|p1a: Annihilape|Protect
|move|p2a: Electabuzz|Follow Me|p2a: Electabuzz
|-singleturn|p2a: Electabuzz|move: Follow Me
|move|p2b: Volcarona|Quiver Dance|p2b: Volcarona
|-boost|p2b: Volcarona|spa|1
|-boost|p2b: Volcarona|spd|1
|-boost|p2b: Volcarona|spe|1
|move|p1b: Incineroar|Parting Shot|p2a: Electabuzz
|-unboost|p2a: Electabuzz|atk|1
|-unboost|p2a: Electabuzz|spa|1
|
|t:|1756343036
|switch|p1b: Whimsicott|Whimsicott, L50, M, tera:Steel|100/100|[from] Parting Shot
|
|-end|p2a: Electabuzz|Encore
|upkeep
|turn|6
|
|t:|1756343052
|move|p2a: Electabuzz|Follow Me|p2a: Electabuzz
|-singleturn|p2a: Electabuzz|move: Follow Me
|move|p2b: Volcarona|Heat Wave|p1b: Whimsicott|[spread] p1b
|-miss|p2b: Volcarona|p1a: Annihilape
|-supereffective|p1b: Whimsicott
|-enditem|p1b: Whimsicott|Focus Sash
|-damage|p1b: Whimsicott|1/100
|move|p1b: Whimsicott|Moonblast|p2a: Electabuzz
|-damage|p2a: Electabuzz|9/100
|move|p1a: Annihilape|Rage Fist|p2a: Electabuzz
|-damage|p2a: Electabuzz|0 fnt
|faint|p2a: Electabuzz
|
|upkeep
|c|☆Rean412|I was really hoping that would ko
|
|t:|1756343071
|switch|p2a: Sneasler|Sneasler, L50, M|100/100
|turn|7
|c|☆BroscoeFlames|yeah burn would suck tho
|c|☆Rean412|True
|
|t:|1756343106
|move|p1b: Whimsicott|Tailwind|p1b: Whimsicott
|-sidestart|p1: Rean412|move: Tailwind
|move|p2b: Volcarona|Heat Wave|p1a: Annihilape|[spread] p1b
|-miss|p2b: Volcarona|p1a: Annihilape
|-supereffective|p1b: Whimsicott
|-damage|p1b: Whimsicott|0 fnt
|faint|p1b: Whimsicott
|move|p1a: Annihilape|Rage Fist|p2a: Sneasler
|-damage|p2a: Sneasler|25/100
|move|p2a: Sneasler|Dire Claw|p1a: Annihilape
|-resisted|p1a: Annihilape
|-damage|p1a: Annihilape|90/100
|
|upkeep
|c|☆BroscoeFlames|lol
|
|t:|1756343121
|switch|p1b: Incineroar|Incineroar, L50, M|100/100
|-ability|p1b: Incineroar|Intimidate|boost
|-unboost|p2a: Sneasler|atk|1
|-unboost|p2b: Volcarona|atk|1
|turn|8
|
|t:|1756343142
|move|p2b: Volcarona|Protect|p2b: Volcarona
|-singleturn|p2b: Volcarona|Protect
|move|p2a: Sneasler|Protect|p2a: Sneasler
|-singleturn|p2a: Sneasler|Protect
|move|p1b: Incineroar|Fake Out|p2a: Sneasler
|-activate|p2a: Sneasler|move: Protect
|move|p1a: Annihilape|Bulk Up|p1a: Annihilape
|-boost|p1a: Annihilape|atk|1
|-boost|p1a: Annihilape|def|1
|
|upkeep
|turn|9
|
|t:|1756343159
|-terastallize|p2b: Volcarona|Grass
|move|p2b: Volcarona|Giga Drain|p1a: Annihilape
|-damage|p1a: Annihilape|20/100
|-enditem|p1a: Annihilape|Sitrus Berry|[eat]
|-heal|p1a: Annihilape|45/100|[from] item: Sitrus Berry
|move|p1a: Annihilape|Rage Fist|p2a: Sneasler
|-damage|p2a: Sneasler|0 fnt
|faint|p2a: Sneasler
|move|p1b: Incineroar|Parting Shot|p2b: Volcarona
|-unboost|p2b: Volcarona|atk|1
|-unboost|p2b: Volcarona|spa|1
|
|t:|1756343170
|switch|p1b: Archaludon|Archaludon, L50, F|100/100|[from] Parting Shot
|
|upkeep
|
|t:|1756343174
|switch|p2a: Gholdengo|Gholdengo, L50, shiny|100/100
|turn|10
|
|t:|1756343195
|switch|p1b: Incineroar|Incineroar, L50, M|100/100
|-ability|p1b: Incineroar|Intimidate|boost
|-unboost|p2a: Gholdengo|atk|1
|-unboost|p2b: Volcarona|atk|1
|move|p2b: Volcarona|Giga Drain|p1a: Annihilape
|-damage|p1a: Annihilape|0 fnt
|faint|p1a: Annihilape
|move|p2a: Gholdengo|Nasty Plot|p2a: Gholdengo
|-boost|p2a: Gholdengo|spa|2
|
|-sideend|p1: Rean412|move: Tailwind
|upkeep
|c|☆Rean412|When this is done can you give me volcarona speed?
|
|t:|1756343230
|switch|p1a: Archaludon|Archaludon, L50, F|100/100
|turn|11
|c|☆BroscoeFlames|ya sure. its an old spread from like reg b or something
|
|t:|1756343261
|move|p2b: Volcarona|Protect|p2b: Volcarona
|-singleturn|p2b: Volcarona|Protect
|move|p2a: Gholdengo|Protect|p2a: Gholdengo
|-singleturn|p2a: Gholdengo|Protect
|move|p1b: Incineroar|Knock Off|p2a: Gholdengo
|-activate|p2a: Gholdengo|move: Protect
|move|p1a: Archaludon|Dragon Pulse|p2a: Gholdengo
|-activate|p2a: Gholdengo|move: Protect
|
|upkeep
|turn|12
|c|☆Rean412|I’m just curious how much too slow my ape is
|
|t:|1756343287
|move|p2b: Volcarona|Heat Wave|p1a: Archaludon|[spread] p1a,p1b
|-resisted|p1b: Incineroar
|-damage|p1a: Archaludon|46/100
|-damage|p1b: Incineroar|77/100
|-ability|p1a: Archaludon|Stamina|boost
|-boost|p1a: Archaludon|def|1
|move|p1b: Incineroar|Knock Off|p2a: Gholdengo
|-supereffective|p2a: Gholdengo
|-damage|p2a: Gholdengo|21/100
|-enditem|p2a: Gholdengo|Life Orb|[from] move: Knock Off|[of] p1b: Incineroar
|move|p2a: Gholdengo|Shadow Ball|p1a: Archaludon
|-damage|p1a: Archaludon|0 fnt
|faint|p1a: Archaludon
|
|upkeep
|turn|13
|
|t:|1756343306
|move|p2a: Gholdengo|Protect|p2a: Gholdengo
|-singleturn|p2a: Gholdengo|Protect
|move|p2b: Volcarona|Quiver Dance|p2b: Volcarona
|-boost|p2b: Volcarona|spa|1
|-boost|p2b: Volcarona|spd|1
|-boost|p2b: Volcarona|spe|1
|move|p1b: Incineroar|Knock Off|p2b: Volcarona
|-damage|p2b: Volcarona|50/100
|-enditem|p2b: Volcarona|Sitrus Berry|[from] move: Knock Off|[of] p1b: Incineroar
|
|upkeep
|turn|14
|
|t:|1756343323
|move|p2b: Volcarona|Giga Drain|p1b: Incineroar
|-resisted|p1b: Incineroar
|-damage|p1b: Incineroar|41/100
|-heal|p2b: Volcarona|70/100|[from] drain|[of] p1b: Incineroar
|move|p1b: Incineroar|Knock Off|p2a: Gholdengo
|-supereffective|p2a: Gholdengo
|-damage|p2a: Gholdengo|0 fnt
|faint|p2a: Gholdengo
|
|upkeep
|turn|15
|
|t:|1756343335
|move|p2b: Volcarona|Giga Drain|p1b: Incineroar
|-resisted|p1b: Incineroar
|-damage|p1b: Incineroar|5/100
|-heal|p2b: Volcarona|89/100|[from] drain|[of] p1b: Incineroar
|move|p1b: Incineroar|Parting Shot|p2b: Volcarona
|-unboost|p2b: Volcarona|atk|1
|-unboost|p2b: Volcarona|spa|1
|
|upkeep
|turn|16
|
|t:|1756343344
|move|p2b: Volcarona|Giga Drain|p1b: Incineroar
|-resisted|p1b: Incineroar
|-damage|p1b: Incineroar|0 fnt
|-heal|p2b: Volcarona|92/100|[from] drain|[of] p1b: Incineroar
|faint|p1b: Incineroar
|
|win|BroscoeFlames
||Rean412 is ready for game 2.
||BroscoeFlames is ready for game 2.
|uhtml|next|Next: Game 2 of 3
|l|☆Rean412
|player|p1|
