|j|☆Ult Humongousaur
|j|☆spongebob601
|html|Ult Humongousaurspongebob601    
|uhtml|bestof|Game 1 of a best-of-3
|t:|1757826485
|gametype|doubles
|player|p1|Ult Humongousaur|pokemaniac|1064
|player|p2|spongebob601|266|1144
|gen|9
|tier|[Gen 9] VGC 2025 Reg H (Bo3)
|rated|
|rule|Species Clause: Limit one of each Pokémon
|rule|Item Clause: Limit 1 of each item
|clearpoke
|poke|p1|Lucario, L50, M|
|poke|p1|Rillaboom, L50, F|
|poke|p1|Volcarona, L50, M|
|poke|p1|Ursaluna-Bloodmoon, L50, M|
|poke|p1|Ninetales-Alola, L50, F|
|poke|p1|Basculegion, L50, M|
|poke|p2|Incineroar, L50, M|
|poke|p2|Sneasler, L50, F|
|poke|p2|Ursaluna-Bloodmoon, L50, M|
|poke|p2|Gholdengo, L50|
|poke|p2|Ninetales-Alola, L50, F|
|poke|p2|Rillaboom, L50, M|
|teampreview|4
|showteam|p1|Lucario||LifeOrb|InnerFocus|Protect,CloseCombat,ExtremeSpeed,SwordsDance|||M|||50|,,,,,Normal]Rillaboom||MiracleSeed|GrassySurge|WoodHammer,GrassyGlide,FakeOut,Taunt|||F|||50|,,,,,Fire]Volcarona||SitrusBerry|FlameBody|FieryDance,RagePowder,Tailwind,GigaDrain|||M|||50|,,,,,Grass]Ursaluna-Bloodmoon||AssaultVest|MindsEye|EarthPower,BloodMoon,HyperVoice,VacuumWave|||M|||50|,,,,,Normal]Ninetales-Alola||FocusSash|SnowWarning|Blizzard,AuroraVeil,TeraBlast,Protect|||F|||50|,,,,,Ground]Basculegion||ChoiceScarf|Adaptability|WaveCrash,LastRespects,FlipTurn,AquaJet|||M|||50|,,,,,Water
|showteam|p2|Incineroar||SitrusBerry|Intimidate|FakeOut,PartingShot,KnockOff,FlareBlitz|||M|||50|,,,,,Grass]Sneasler||GrassySeed|Unburden|CloseCombat,Protect,SwordsDance,Acrobatics|||F|||50|,,,,,Flying]Ursaluna-Bloodmoon||Leftovers|MindsEye|Protect,Yawn,BloodMoon,EarthPower|||M|||50|,,,,,Water]Gholdengo||LifeOrb|GoodasGold|MakeItRain,ShadowBall,NastyPlot,Protect||||||50|,,,,,Water]Ninetales-Alola||LightClay|SnowWarning|Blizzard,AuroraVeil,Encore,IcyWind|||F|||50|,,,,,Ghost]Rillaboom||AssaultVest|GrassySurge|FakeOut,GrassyGlide,DrumBeating,Uturn|||M|||50|,,,,,Fire
|inactive|Battle timer is ON: inactive players will automatically lose when time's up. (requested by Ult Humongousaur)
|inactive|spongebob601 has 60 seconds left.
|inactive|Ult Humongousaur has 30 seconds left.
|inactive|spongebob601 has 30 seconds left.
|inactive|spongebob601 has 20 seconds left.
|inactive|spongebob601 has 15 seconds left.
|
|t:|1757826645
|teamsize|p1|4
|teamsize|p2|4
|start
|switch|p1a: Lucario|Lucario, L50, M|100/100
|switch|p1b: Volcarona|Volcarona, L50, M|100/100
|switch|p2a: Ninetales|Ninetales-Alola, L50, F|100/100
|switch|p2b: Gholdengo|Gholdengo, L50|100/100
|-weather|Snowscape|[from] ability: Snow Warning|[of] p2a: Ninetales
|turn|1
|inactive|spongebob601 has 30 seconds left.
|inactive|spongebob601 has 20 seconds left.
|inactive|spongebob601 has 15 seconds left.
|
|t:|1757826688
|-terastallize|p2b: Gholdengo|Water
|move|p2a: Ninetales|Aurora Veil|p2a: Ninetales
|-sidestart|p2: spongebob601|move: Aurora Veil
|move|p1b: Volcarona|Fiery Dance|p2b: Gholdengo
|-resisted|p2b: Gholdengo
|-crit|p2b: Gholdengo
|-damage|p2b: Gholdengo|79/100
|-boost|p1b: Volcarona|spa|1
|move|p1a: Lucario|Swords Dance|p1a: Lucario
|-boost|p1a: Lucario|atk|2
|move|p2b: Gholdengo|Nasty Plot|p2b: Gholdengo
|-boost|p2b: Gholdengo|spa|2
|
|-weather|Snowscape|[upkeep]
|upkeep
|turn|2
|inactive|spongebob601 has 30 seconds left.
|inactive|spongebob601 has 20 seconds left.
|inactive|spongebob601 has 15 seconds left.
|inactive|spongebob601 has 10 seconds left.
|
|t:|1757826737
|-terastallize|p1a: Lucario|Normal
|move|p1a: Lucario|Extreme Speed|p2b: Gholdengo
|-damage|p2b: Gholdengo|21/100
|-damage|p1a: Lucario|91/100|[from] item: Life Orb
|move|p2a: Ninetales|Encore|p1b: Volcarona
|-start|p1b: Volcarona|Encore
|move|p1b: Volcarona|Fiery Dance|p2a: Ninetales
|-supereffective|p2a: Ninetales
|-damage|p2a: Ninetales|27/100
|move|p2b: Gholdengo|Shadow Ball|p1a: Lucario
|-immune|p1a: Lucario
|
|-weather|Snowscape|[upkeep]
|upkeep
|turn|3
|inactive|spongebob601 has 30 seconds left.
|inactive|spongebob601 has 20 seconds left.
|-message|spongebob601 forfeited.
|
|win|Ult Humongousaur
||Ult Humongousaur is ready for game 2.
||spongebob601 is ready for game 2.
|uhtml|next|Next: Game 2 of 3
