|j|☆genshin limpback
|j|☆ismelllikesocksbro
|html|genshin limpbackismelllikesocksbro    
|uhtml|bestof|Game 1 of a best-of-3
|t:|1784240105
|gametype|doubles
|player|p1|genshin limpback|2|1262
|player|p2|ismelllikesocksbro|roxie|1246
|gen|9
|tier|[Gen 9 Champions] VGC 2026 Reg M-B (Bo3)
|rated|
|rule|Species Clause: Limit one of each Pokémon
|rule|Item Clause: Limit 1 of each item
|clearpoke
|poke|p1|Staraptor, L50, M, shiny|
|poke|p1|Meowscarada, L50, M, shiny|
|poke|p1|Meowstic, L50, M, shiny|
|poke|p1|Metagross, L50, shiny|
|poke|p1|Basculegion, L50, M|
|poke|p1|Talonflame, L50, M, shiny|
|poke|p2|Raichu, L50, M|
|poke|p2|Primarina, L50, M|
|poke|p2|Kingambit, L50, M, shiny|
|poke|p2|Incineroar, L50, M|
|poke|p2|Ninetales-Alola, L50, F|
|poke|p2|Venusaur, L50, M|
|teampreview|4
|showteam|p1|Staraptor||Staraptite|Intimidate|CloseCombat,DualWingbeat,Protect,Roost|Jolly||M|||50|]Meowscarada||FocusSash|Protean|Charm,FakeTears,Protect,FlowerTrick|Jolly||M|||50|]Meowstic||LightClay|Prankster|Charm,FakeTears,Reflect,Yawn|Timid||M|||50|]Metagross||MetalCoat|ClearBody|MeteorMash,BulletPunch,PsychicFangs,Explosion|Adamant|||||50|]Basculegion||Leftovers|Adaptability|AquaJet,LastRespects,WaveCrash,Protect|Adamant||M|||50|]Talonflame||MentalHerb|GaleWings|UpperHand,Tailwind,FeatherDance,Whirlwind|Jolly||M|||50|
|showteam|p2|Raichu||RaichuniteY|LightningRod|FakeOut,ZapCannon,FocusBlast,Protect|Timid||M|||50|]Primarina||LifeOrb|LiquidVoice|HyperVoice,DazzlingGleam,Protect,Moonblast|Modest||M|||50|]Kingambit||BlackGlasses|Defiant|Protect,KowtowCleave,IronHead,SuckerPunch|Adamant||M|||50|]Incineroar||SitrusBerry|Intimidate|FakeOut,FlareBlitz,DarkestLariat,PartingShot|Adamant||M|||50|]Ninetales-Alola||LightClay|SnowWarning|Protect,Blizzard,AuroraVeil,FreezeDry|Timid||F|||50|]Venusaur||Venusaurite|Chlorophyll|Protect,SleepPowder,SludgeBomb,EarthPower|Modest||M|||50|
|inactive|Battle timer is ON: inactive players will automatically lose when time's up. (requested by ismelllikesocksbro)
|
|t:|1784240135
|teamsize|p1|4
|teamsize|p2|4
|start
|switch|p1a: Staraptor|Staraptor, L50, M, shiny|100/100
|switch|p1b: Talonflame|Talonflame, L50, M, shiny|100/100
|switch|p2a: YELLOW FLASH|Raichu, L50, M|100/100
|switch|p2b: RIN :(|Primarina, L50, M|100/100
|-ability|p1a: Staraptor|Intimidate|boost
|-unboost|p2a: YELLOW FLASH|atk|1
|-unboost|p2b: RIN :(|atk|1
|turn|1
|
|t:|1784240153
|detailschange|p2a: YELLOW FLASH|Raichu-Mega-Y, L50, M
|-mega|p2a: YELLOW FLASH|Raichu|Raichunite Y
|detailschange|p1a: Staraptor|Staraptor-Mega, L50, M, shiny
|-mega|p1a: Staraptor|Staraptor|Staraptite
|move|p1b: Talonflame|Upper Hand||[still]
|-fail|p1b: Talonflame
|move|p2a: YELLOW FLASH|Zap Cannon|p1a: Staraptor
|-supereffective|p1a: Staraptor|1
|-damage|p1a: Staraptor|0 fnt
|faint|p1a: Staraptor
|move|p2b: RIN :(|Hyper Voice|p1b: Talonflame
|-supereffective|p1b: Talonflame|1
|-damage|p1b: Talonflame|0 fnt
|faint|p1b: Talonflame
|-damage|p2b: RIN :(|90/100|[from] item: Life Orb
|
|upkeep
|
|t:|1784240162
|switch|p1b: Meowstic|Meowstic, L50, M, shiny|100/100
|switch|p1a: Basculegion|Basculegion, L50, M|100/100
|turn|2
|
|t:|1784240172
|move|p1b: Meowstic|Yawn|p2b: RIN :(
|-start|p2b: RIN :(|move: Yawn|[of] p1b: Meowstic
|move|p1a: Basculegion|Aqua Jet|p2a: YELLOW FLASH
|-damage|p2a: YELLOW FLASH|54/100
|move|p2a: YELLOW FLASH|Zap Cannon|p1a: Basculegion
|-supereffective|p1a: Basculegion|1
|-damage|p1a: Basculegion|0 fnt
|faint|p1a: Basculegion
|move|p2b: RIN :(|Dazzling Gleam|p1b: Meowstic
|-damage|p1b: Meowstic|35/100
|-damage|p2b: RIN :(|81/100|[from] item: Life Orb
|
|upkeep
|turn|3
|-message|genshin limpback forfeited.
|
|win|ismelllikesocksbro
|l|☆genshin limpback
|player|p1|
||genshin limpback is ready for game 2.
