|j|☆LookBackInBanger
|j|‽jfaria97
|html|LookBackInBangerjfaria97    
|uhtml|bestof|Game 1 of a best-of-3
|t:|1756473613
|gametype|doubles
|player|p1|LookBackInBanger|mina|1163
|player|p2|jfaria97|red|1182
|gen|9
|tier|[Gen 9] VGC 2025 Reg H (Bo3)
|rated|
|rule|Species Clause: Limit one of each Pokémon
|rule|Item Clause: Limit 1 of each item
|clearpoke
|poke|p1|Dragonite, L50, F|
|poke|p1|Electabuzz, L50, M|
|poke|p1|Indeedee, L50, M|
|poke|p1|Sneasler, L50, F|
|poke|p1|Talonflame, L50, F|
|poke|p1|Ursaluna-Bloodmoon, L50, M|
|poke|p2|Garchomp, L50, M|
|poke|p2|Gholdengo, L50|
|poke|p2|Weezing-Galar, L50, M|
|poke|p2|Incineroar, L50, M|
|poke|p2|Dragonite, L50, F|
|poke|p2|Amoonguss, L50, F|
|teampreview|4
|showteam|p1|Dragonite||LoadedDice|Multiscale|ScaleShot,StompingTantrum,Haze,Protect|||F|||50|,,,,,Fairy]Electabuzz||Eviolite|VitalSpirit|Electroweb,FollowMe,Taunt,Protect|||M|||50|,,,,,Dragon]Indeedee||FocusSash|PsychicSurge|ExpandingForce,HelpingHand,TrickRoom,Imprison|||M|||50|,,,,,Psychic]Sneasler||PsychicSeed|Unburden|DireClaw,CloseCombat,ThroatChop,Protect|||F|||50|,,,,,Stellar]Talonflame||CovertCloak|GaleWings|FlareBlitz,DualWingbeat,WillOWisp,Tailwind|||F|||50|,,,,,Stellar]Ursaluna-Bloodmoon||LifeOrb|MindsEye|BloodMoon,HyperVoice,EarthPower,Protect|||M|||50|,,,,,Normal
|showteam|p2|Garchomp||LifeOrb|RoughSkin|Earthquake,StompingTantrum,DragonClaw,Protect|||M|||50|,,,,,Steel]Gholdengo||ChoiceSpecs|GoodasGold|MakeItRain,ShadowBall,Thunderbolt,Trick||||||50|,,,,,Steel]Weezing-Galar||Leftovers|NeutralizingGas|StrangeSteam,SludgeBomb,Taunt,Protect|||M|||50|,,,,,Dark]Incineroar||SafetyGoggles|Intimidate|FlareBlitz,KnockOff,FakeOut,PartingShot|||M|||50|,,,,,Ghost]Dragonite||ChoiceBand|InnerFocus|ExtremeSpeed,Outrage,AerialAce,StompingTantrum|||F|||50|,,,,,Normal]Amoonguss||RockyHelmet|Regenerator|RagePowder,ClearSmog,PollenPuff,Spore|||F|||50|,,,,,Water
|inactive|Battle timer is ON: inactive players will automatically lose when time's up. (requested by jfaria97)
|inactive|LookBackInBanger has 60 seconds left.
|inactive|jfaria97 has 60 seconds left.
|inactive|LookBackInBanger has 30 seconds left.
|
|t:|1756473683
|teamsize|p1|4
|teamsize|p2|4
|start
|switch|p1a: Electabuzz|Electabuzz, L50, M|100/100
|switch|p1b: Dragonite|Dragonite, L50, F|100/100
|switch|p2a: Weezing|Weezing-Galar, L50, M|100/100
|switch|p2b: Dragonite|Dragonite, L50, F|100/100
|-ability|p2a: Weezing|Neutralizing Gas
|turn|1
|inactive|LookBackInBanger has 30 seconds left.
|inactive|jfaria97 has 30 seconds left.
|inactive|jfaria97 has 20 seconds left.
|
|t:|1756473720
|move|p1b: Dragonite|Protect|p1b: Dragonite
|-singleturn|p1b: Dragonite|Protect
|move|p1a: Electabuzz|Taunt|p2a: Weezing
|-start|p2a: Weezing|move: Taunt
|move|p2b: Dragonite|Stomping Tantrum|p1a: Electabuzz
|-supereffective|p1a: Electabuzz
|-damage|p1a: Electabuzz|9/100
|cant|p2a: Weezing|move: Taunt|Taunt
|
|upkeep
|turn|2
|inactive|LookBackInBanger has 30 seconds left.
|inactive|LookBackInBanger has 20 seconds left.
|inactive|LookBackInBanger has 15 seconds left.
|inactive|LookBackInBanger has 10 seconds left.
|inactive|LookBackInBanger has 5 seconds left.
|
|t:|1756473770
|switch|p2b: Gholdengo|Gholdengo, L50|100/100
|-end|p2a: Weezing|ability: Neutralizing Gas
|switch|p2a: Garchomp|Garchomp, L50, M|100/100
|move|p1a: Electabuzz|Electroweb|p2a: Garchomp|[spread] p2b
|-immune|p2a: Garchomp
|-damage|p2b: Gholdengo|84/100
|-unboost|p2b: Gholdengo|spe|1
|move|p1b: Dragonite|Stomping Tantrum|p2a: Garchomp
|-damage|p2a: Garchomp|70/100
|-damage|p1b: Dragonite|89/100|[from] ability: Rough Skin|[of] p2a: Garchomp
|
|upkeep
|turn|3
|inactive|LookBackInBanger has 30 seconds left.
|
|t:|1756473801
|move|p2a: Garchomp|Protect|p2a: Garchomp
|-singleturn|p2a: Garchomp|Protect
|move|p1a: Electabuzz|Follow Me|p1a: Electabuzz
|-singleturn|p1a: Electabuzz|move: Follow Me
|move|p1b: Dragonite|Scale Shot|p2a: Garchomp
|-activate|p2a: Garchomp|move: Protect
|move|p2b: Gholdengo|Make It Rain|p1a: Electabuzz|[spread] p1a,p1b
|-resisted|p1a: Electabuzz
|-damage|p1a: Electabuzz|0 fnt
|-damage|p1b: Dragonite|9/100
|-unboost|p2b: Gholdengo|spa|1
|faint|p1a: Electabuzz
|
|upkeep
|inactive|LookBackInBanger has 30 seconds left.
|
|t:|1756473828
|switch|p1a: Sneasler|Sneasler, L50, F|100/100
|turn|4
|inactive|LookBackInBanger has 30 seconds left.
|
|t:|1756473857
|switch|p2a: Weezing|Weezing-Galar, L50, M|100/100
|-ability|p2a: Weezing|Neutralizing Gas
|switch|p2b: Dragonite|Dragonite, L50, F|100/100
|-terastallize|p1a: Sneasler|Stellar
|move|p1a: Sneasler|Close Combat|p2a: Weezing
|-resisted|p2a: Weezing
|-damage|p2a: Weezing|81/100
|-unboost|p1a: Sneasler|def|1
|-unboost|p1a: Sneasler|spd|1
|move|p1b: Dragonite|Stomping Tantrum|p2a: Weezing
|-supereffective|p2a: Weezing
|-damage|p2a: Weezing|26/100
|
|-heal|p2a: Weezing|32/100|[from] item: Leftovers
|upkeep
|turn|5
|inactive|LookBackInBanger has 30 seconds left.
|inactive|LookBackInBanger has 20 seconds left.
|inactive|LookBackInBanger has 15 seconds left.
|inactive|LookBackInBanger has 10 seconds left.
|
|t:|1756473906
|move|p1a: Sneasler|Protect|p1a: Sneasler
|-singleturn|p1a: Sneasler|Protect
|move|p1b: Dragonite|Protect|p1b: Dragonite
|-singleturn|p1b: Dragonite|Protect
|move|p2a: Weezing|Protect|p2a: Weezing
|-singleturn|p2a: Weezing|Protect
|move|p2b: Dragonite|Extreme Speed|p1b: Dragonite
|-activate|p1b: Dragonite|move: Protect
|
|-heal|p2a: Weezing|38/100|[from] item: Leftovers
|upkeep
|turn|6
|inactive|LookBackInBanger has 30 seconds left.
|inactive|LookBackInBanger has 20 seconds left.
|inactive|jfaria97 has 30 seconds left.
|inactive|LookBackInBanger has 15 seconds left.
|inactive|LookBackInBanger has 10 seconds left.
|
|t:|1756473951
|-terastallize|p2b: Dragonite|Normal
|move|p2b: Dragonite|Extreme Speed|p1a: Sneasler
|-damage|p1a: Sneasler|0 fnt
|faint|p1a: Sneasler
|move|p1b: Dragonite|Stomping Tantrum|p2a: Weezing
|-supereffective|p2a: Weezing
|-damage|p2a: Weezing|0 fnt
|faint|p2a: Weezing
|-end|p2a: Weezing|ability: Neutralizing Gas
|
|upkeep
|
|t:|1756473966
|switch|p1a: Indeedee|Indeedee, L50, M|100/100
|switch|p2a: Gholdengo|Gholdengo, L50|84/100
|-fieldstart|move: Psychic Terrain|[from] ability: Psychic Surge|[of] p1a: Indeedee
|turn|7
|inactive|LookBackInBanger has 30 seconds left.
|inactive|LookBackInBanger has 20 seconds left.
|inactive|LookBackInBanger has 15 seconds left.
|inactive|LookBackInBanger has 10 seconds left.
|
|t:|1756474015
|switch|p2b: Garchomp|Garchomp, L50, M|70/100
|move|p2a: Gholdengo|Make It Rain|p1a: Indeedee|[spread] p1a,p1b
|-enditem|p1a: Indeedee|Focus Sash
|-damage|p1a: Indeedee|1/100
|-damage|p1b: Dragonite|0 fnt
|-unboost|p2a: Gholdengo|spa|1
|faint|p1b: Dragonite
|move|p1a: Indeedee|Expanding Force|p2b: Garchomp|[spread] p2a,p2b
|-resisted|p2a: Gholdengo
|-damage|p2a: Gholdengo|48/100
|-damage|p2b: Garchomp|8/100
|
|upkeep
|turn|8
|
|t:|1756474030
|move|p2b: Garchomp|Dragon Claw|p1a: Indeedee
|-damage|p1a: Indeedee|0 fnt
|faint|p1a: Indeedee
|-damage|p2b: Garchomp|0 fnt|[from] item: Life Orb
|faint|p2b: Garchomp
|
|win|jfaria97
||jfaria97 is ready for game 2.
||LookBackInBanger is ready for game 2.
|uhtml|next|Next: Game 2 of 3
