|j|☆engoleseco
|j|☆liamvgc1
|html|engolesecoliamvgc1    
|uhtml|bestof|Game 1 of a best-of-3
|t:|1757247362
|gametype|doubles
|player|p1|engoleseco|265|1212
|player|p2|liamvgc1|unknown|1133
|gen|9
|tier|[Gen 9] VGC 2025 Reg H (Bo3)
|rated|
|rule|Species Clause: Limit one of each Pokémon
|rule|Item Clause: Limit 1 of each item
|clearpoke
|poke|p1|Armarouge, L50, F|
|poke|p1|Ursaluna, L50, M|
|poke|p1|Indeedee-F, L50, F|
|poke|p1|Torkoal, L50, F|
|poke|p1|Gallade, L50, M|
|poke|p1|Exeggutor, L50, F|
|poke|p2|Archaludon, L50, F|
|poke|p2|Ninetales-Alola, L50, F|
|poke|p2|Incineroar, L50, F|
|poke|p2|Gholdengo, L50|
|poke|p2|Whimsicott, L50, F|
|poke|p2|Dragonite, L50, M|
|teampreview|4
|showteam|p1|Armarouge||PowerHerb|FlashFire|EnergyBall,TrickRoom,ExpandingForce,MeteorBeam|||F|||50|,,,,,Grass]Ursaluna||FlameOrb|Guts|Facade,Protect,HeadlongRush,Earthquake|||M|||50|,,,,,Ghost]Indeedee-F||RockyHelmet|PsychicSurge|FollowMe,TrickRoom,Psychic,HelpingHand|||F|||50|,,,,,Grass]Torkoal||Charcoal|Drought|Eruption,WeatherBall,EarthPower,HeatWave|||F|||50|,,,,,Fire]Gallade||ClearAmulet|Sharpness|SacredSword,WideGuard,PsychoCut,TrickRoom|||M|||50|,,,,,Grass]Exeggutor||FocusSash|Chlorophyll|SleepPowder,ExpandingForce,GigaDrain,Protect|||F|||50|,,,,,Psychic
|showteam|p2|Archaludon||PowerHerb|Sturdy|ElectroShot,Thunderbolt,DracoMeteor,Protect|||F|||50|,,,,,Electric]Ninetales-Alola||FocusSash|SnowWarning|IcyWind,Blizzard,Encore,FreezeDry|||F|||50|,,,,,Ghost]Incineroar||SafetyGoggles|Intimidate|FakeOut,KnockOff,FlareBlitz,PartingShot|||F|||50|,,,,,Ghost]Gholdengo||ChoiceSpecs|GoodasGold|MakeItRain,ShadowBall,PowerGem,Psychic||||||50|,,,,,Steel]Whimsicott||CovertCloak|Prankster|Tailwind,Encore,FakeTears,Moonblast|||F|||50|,,,,,Dark]Dragonite||LoadedDice|Multiscale|ScaleShot,StompingTantrum,Tailwind,Protect|||M|||50|,,,,,Ground
|inactive|Battle timer is ON: inactive players will automatically lose when time's up. (requested by engoleseco)
|inactive|liamvgc1 also wants the timer to be on.
|
|t:|1757247384
|teamsize|p1|4
|teamsize|p2|4
|start
|switch|p1a: ayumi|Indeedee-F, L50, F|100/100
|switch|p1b: eduyoko|Armarouge, L50, F|100/100
|switch|p2a: Gholdengo|Gholdengo, L50|100/100
|switch|p2b: Whimsicott|Whimsicott, L50, F|100/100
|-fieldstart|move: Psychic Terrain|[from] ability: Psychic Surge|[of] p1a: ayumi
|turn|1
|
|t:|1757247400
|-terastallize|p2a: Gholdengo|Steel
|move|p2b: Whimsicott|Moonblast|p1b: eduyoko
|-resisted|p1b: eduyoko
|-damage|p1b: eduyoko|81/100
|move|p2a: Gholdengo|Make It Rain|p1a: ayumi|[spread] p1a,p1b
|-resisted|p1b: eduyoko
|-damage|p1a: ayumi|9/100
|-damage|p1b: eduyoko|31/100
|-unboost|p2a: Gholdengo|spa|1
|move|p1b: eduyoko|Meteor Beam||[still]
|-prepare|p1b: eduyoko|Meteor Beam
|-boost|p1b: eduyoko|spa|1
|-enditem|p1b: eduyoko|Power Herb
|-anim|p1b: eduyoko|Meteor Beam|p2a: Gholdengo
|-resisted|p2a: Gholdengo
|-damage|p2a: Gholdengo|62/100
|move|p1a: ayumi|Trick Room|p1a: ayumi
|-fieldstart|move: Trick Room|[of] p1a: ayumi
|
|upkeep
|turn|2
|
|t:|1757247421
|switch|p2a: Dragonite|Dragonite, L50, M|100/100
|move|p1a: ayumi|Helping Hand|p1b: eduyoko
|-singleturn|p1b: eduyoko|Helping Hand|[of] p1a: ayumi
|move|p1b: eduyoko|Expanding Force|p2a: Dragonite|[spread] p2a,p2b
|-damage|p2a: Dragonite|28/100
|-damage|p2b: Whimsicott|0 fnt
|faint|p2b: Whimsicott
|
|upkeep
|
|t:|1757247430
|switch|p2b: Gholdengo|Gholdengo, L50, tera:Steel|62/100
|turn|3
|
|t:|1757247435
|move|p1a: ayumi|Helping Hand|p1b: eduyoko
|-singleturn|p1b: eduyoko|Helping Hand|[of] p1a: ayumi
|move|p2a: Dragonite|Protect|p2a: Dragonite
|-singleturn|p2a: Dragonite|Protect
|move|p1b: eduyoko|Expanding Force|p2a: Dragonite|[spread] p2b
|-activate|p2a: Dragonite|move: Protect
|-resisted|p2b: Gholdengo
|-damage|p2b: Gholdengo|0 fnt
|faint|p2b: Gholdengo
|
|upkeep
|-message|liamvgc1 forfeited.
|
|win|engoleseco
|l|☆liamvgc1
|player|p2|
||liamvgc1 is ready for game 2.
