|j|☆Caporosso74
|j|☆Daniw9
|html|Caporosso74Daniw9    
|uhtml|bestof|Game 2 of a best-of-3
|t:|1756453991
|gametype|doubles
|player|p1|Caporosso74|101|1039
|player|p2|Daniw9|101|1126
|gen|9
|tier|[Gen 9] VGC 2025 Reg H (Bo3)
|rated|
|rule|Species Clause: Limit one of each Pokémon
|rule|Item Clause: Limit 1 of each item
|clearpoke
|poke|p1|Pelipper, L50, F|
|poke|p1|Basculegion, L50, M|
|poke|p1|Archaludon, L50, F|
|poke|p1|Rillaboom, L50, M|
|poke|p1|Dragonite, L50, F|
|poke|p1|Gholdengo, L50|
|poke|p2|Garchomp, L50, F|
|poke|p2|Tyranitar, L50, M|
|poke|p2|Delphox, L50, M|
|poke|p2|Indeedee-F, L50, F|
|poke|p2|Gallade, L50, M|
|poke|p2|Whimsicott, L50, F|
|teampreview|4
|showteam|p1|Pelipper||CovertCloak|Drizzle|Hurricane,Protect,WeatherBall,Tailwind|||F|||50|,,,,,Flying]Basculegion||LifeOrb|SwiftSwim|LastRespects,AquaJet,WaveCrash,PsychicFangs|||M|||50|,,,,,Water]Archaludon||SafetyGoggles|Stamina|DragonPulse,ElectroShot,FlashCannon,Protect|||F|||50|,,,,,Electric]Rillaboom||AssaultVest|GrassySurge|FakeOut,WoodHammer,GrassyGlide,Uturn|||M|||50|,,,,,Water]Dragonite||ChoiceBand|Multiscale|IceSpinner,ExtremeSpeed,LowKick,StompingTantrum|||F|||50|,,,,,Normal]Gholdengo||FocusSash|GoodasGold|Protect,ShadowBall,MakeItRain,NastyPlot||||||50|,,,,,Steel
|showteam|p2|Garchomp||LifeOrb|SandVeil|Earthquake,StompingTantrum,Protect,DragonClaw|||F|||50|,,,,,Steel]Tyranitar||AssaultVest|SandStream|RockSlide,TeraBlast,KnockOff,LowKick|||M|||50|,,,,,Flying]Delphox||PsychicSeed|Magician|ExpandingForce,HeatWave,TeraBlast,Protect|||M|||50|,,,,,Fairy]Indeedee-F||SafetyGoggles|PsychicSurge|DazzlingGleam,TrickRoom,FollowMe,HelpingHand|||F|||50|,,,,,Water]Gallade||ClearAmulet|Sharpness|SacredSword,PsychoCut,TrickRoom,Protect|||M|||50|,,,,,Grass]Whimsicott||CovertCloak|Prankster|Moonblast,Tailwind,Encore,Protect|||F|||50|,,,,,Ghost
|
|t:|1756454009
|teamsize|p1|4
|teamsize|p2|4
|start
|switch|p1a: Dragonite|Dragonite, L50, F|100/100
|switch|p1b: Rillaboom|Rillaboom, L50, M|100/100
|switch|p2a: Delphox|Delphox, L50, M|100/100
|switch|p2b: Whimsicott|Whimsicott, L50, F|100/100
|-fieldstart|move: Grassy Terrain|[from] ability: Grassy Surge|[of] p1b: Rillaboom
|turn|1
|
|t:|1756454037
|-terastallize|p1a: Dragonite|Normal
|move|p2a: Delphox|Protect|p2a: Delphox
|-singleturn|p2a: Delphox|Protect
|move|p1a: Dragonite|Extreme Speed|p2a: Delphox
|-activate|p2a: Delphox|move: Protect
|move|p2b: Whimsicott|Tailwind|p2b: Whimsicott
|-sidestart|p2: Daniw9|move: Tailwind
|move|p1b: Rillaboom|U-turn|p2b: Whimsicott
|-damage|p2b: Whimsicott|74/100
|
|t:|1756454045
|switch|p1b: Pelipper|Pelipper, L50, F|100/100|[from] U-turn
|-weather|RainDance|[from] ability: Drizzle|[of] p1b: Pelipper
|
|-weather|RainDance|[upkeep]
|-heal|p2b: Whimsicott|80/100|[from] Grassy Terrain
|upkeep
|turn|2
|
|t:|1756454056
|switch|p2b: Indeedee|Indeedee-F, L50, F|100/100
|-fieldstart|move: Psychic Terrain|[from] ability: Psychic Surge|[of] p2b: Indeedee
|-enditem|p2a: Delphox|Psychic Seed
|-boost|p2a: Delphox|spd|1|[from] item: Psychic Seed
|-terastallize|p2a: Delphox|Fairy
|move|p1a: Dragonite|Extreme Speed|p2a: Delphox
|-activate|p2a: Delphox|move: Psychic Terrain
|move|p2a: Delphox|Expanding Force|p1a: Dragonite|[spread] p1a,p1b
|-damage|p1a: Dragonite|72/100
|-damage|p1b: Pelipper|20/100
|-item|p2a: Delphox|Choice Band|[from] ability: Magician|[of] p1a: Dragonite
|move|p1b: Pelipper|Tailwind|p1b: Pelipper
|-sidestart|p1: Caporosso74|move: Tailwind
|
|-weather|RainDance|[upkeep]
|upkeep
|turn|3
|
|t:|1756454077
|switch|p2b: Tyranitar|Tyranitar, L50, M|100/100
|-weather|Sandstorm|[from] ability: Sand Stream|[of] p2b: Tyranitar
|move|p2a: Delphox|Heat Wave|p1a: Dragonite|[spread] p1a,p1b
|-resisted|p1b: Pelipper
|-damage|p1a: Dragonite|38/100
|-damage|p1b: Pelipper|0 fnt
|faint|p1b: Pelipper
|move|p1a: Dragonite|Ice Spinner|p2a: Delphox
|-damage|p2a: Delphox|58/100
|-fieldend|move: Psychic Terrain
|
|-weather|Sandstorm|[upkeep]
|-damage|p2a: Delphox|52/100|[from] Sandstorm
|-damage|p1a: Dragonite|32/100|[from] Sandstorm
|upkeep
|
|t:|1756454081
|switch|p1b: Rillaboom|Rillaboom, L50, M|100/100
|-fieldstart|move: Grassy Terrain|[from] ability: Grassy Surge|[of] p1b: Rillaboom
|turn|4
|
|t:|1756454099
|switch|p2b: Indeedee|Indeedee-F, L50, F|100/100
|-fieldstart|move: Psychic Terrain|[from] ability: Psychic Surge|[of] p2b: Indeedee
|move|p1b: Rillaboom|Fake Out|p2a: Delphox
|-activate|p2a: Delphox|move: Psychic Terrain
|move|p2a: Delphox|Heat Wave|p1b: Rillaboom|[spread] p1a,p1b
|-supereffective|p1b: Rillaboom
|-damage|p1a: Dragonite|0 fnt
|-damage|p1b: Rillaboom|35/100
|faint|p1a: Dragonite
|
|-weather|Sandstorm|[upkeep]
|-damage|p2a: Delphox|46/100|[from] Sandstorm
|-damage|p1b: Rillaboom|30/100|[from] Sandstorm
|-sideend|p2: Daniw9|move: Tailwind
|upkeep
|-message|Caporosso74 forfeited.
|
|win|Daniw9
|raw|Caporosso74's rating: 1039 → 1027(-12 for losing)
|raw|Daniw9's rating: 1126 → 1145(+19 for winning)
|l|☆Caporosso74
|player|p1|
