|j|☆hexagonfoot
|j|‽Adroqk
|html|hexagonfootAdroqk    
|uhtml|bestof|Game 1 of a best-of-3
|t:|1757819600
|gametype|doubles
|player|p1|hexagonfoot|caitlin|1135
|player|p2|Adroqk|101|1119
|gen|9
|tier|[Gen 9] VGC 2025 Reg H (Bo3)
|rated|
|rule|Species Clause: Limit one of each Pokémon
|rule|Item Clause: Limit 1 of each item
|clearpoke
|poke|p1|Gholdengo, L50|
|poke|p1|Sneasler, L50, M|
|poke|p1|Rillaboom, L50, F|
|poke|p1|Dragonite, L50, F|
|poke|p1|Ninetales-Alola, L50, F|
|poke|p1|Arcanine-Hisui, L50, M|
|poke|p2|Ribombee, L50, F|
|poke|p2|Annihilape, L50, F|
|poke|p2|Maushold, L50|
|poke|p2|Pelipper, L50, F|
|poke|p2|Archaludon, L50, M|
|poke|p2|Inteleon, L50, F|
|teampreview|4
|showteam|p1|Gholdengo||GrassySeed|GoodasGold|NastyPlot,MakeItRain,ShadowBall,Protect||||||50|,,,,,Water]Sneasler||WhiteHerb|Unburden|CloseCombat,DireClaw,Coaching,Protect|||M|||50|,,,,,Ghost]Rillaboom||AssaultVest|GrassySurge|FakeOut,GrassyGlide,DrumBeating,HighHorsepower|||F|||50|,,,,,Fire]Dragonite||LoadedDice|Multiscale|ScaleShot,StompingTantrum,Tailwind,Protect|||F|||50|,,,,,Ground]Ninetales-Alola||FocusSash|SnowWarning|Blizzard,IcyWind,Encore,AuroraVeil|||F|||50|,,,,,Ghost]Arcanine-Hisui||ClearAmulet|Intimidate|RockSlide,FlareBlitz,ExtremeSpeed,Protect|||M|||50|,,,,,Water
|showteam|p2|Ribombee||FocusSash|SweetVeil|Tailwind,PollenPuff,Moonblast,AromaticMist|||F|||50|,,,,,Ghost]Annihilape||SitrusBerry|Defiant|RageFist,Protect,BulkUp,DrainPunch|||F|||50|,,,,,Fire]Maushold||SafetyGoggles|FriendGuard|FollowMe,SuperFang,BeatUp,Protect||||||50|,,,,,Ghost]Pelipper||DampRock|Drizzle|WeatherBall,Hurricane,Protect,WideGuard|||F|||50|,,,,,Ghost]Archaludon||AssaultVest|Stamina|ElectroShot,DragonPulse,BodyPress,FlashCannon|||M|||50|,,,,,Grass]Inteleon||ChoiceSpecs|Sniper|SnipeShot,FlipTurn,HydroCannon,IceBeam|||F|||50|,,,,,Water
|
|t:|1757819653
|teamsize|p1|4
|teamsize|p2|4
|start
|switch|p1a: Hampstead Heath|Rillaboom, L50, F|100/100
|switch|p1b: Silver Street|Gholdengo, L50|100/100
|switch|p2a: Maushold|Maushold, L50|100/100
|switch|p2b: Annihilape|Annihilape, L50, F|100/100
|-fieldstart|move: Grassy Terrain|[from] ability: Grassy Surge|[of] p1a: Hampstead Heath
|-enditem|p1b: Silver Street|Grassy Seed
|-boost|p1b: Silver Street|def|1|[from] item: Grassy Seed
|turn|1
|
|t:|1757819683
|-terastallize|p2b: Annihilape|Fire
|move|p2a: Maushold|Protect|p2a: Maushold
|-singleturn|p2a: Maushold|Protect
|move|p1a: Hampstead Heath|Drum Beating|p2a: Maushold
|-activate|p2a: Maushold|move: Protect
|move|p1b: Silver Street|Nasty Plot|p1b: Silver Street
|-boost|p1b: Silver Street|spa|2
|move|p2b: Annihilape|Bulk Up|p2b: Annihilape
|-boost|p2b: Annihilape|atk|1
|-boost|p2b: Annihilape|def|1
|
|upkeep
|turn|2
|
|t:|1757819717
|move|p2a: Maushold|Beat Up|p2b: Annihilape
|-damage|p2b: Annihilape|99/100
|-damage|p2b: Annihilape|97/100
|-damage|p2b: Annihilape|95/100
|-damage|p2b: Annihilape|95/100
|-hitcount|p2b: Annihilape|4
|move|p1a: Hampstead Heath|Drum Beating|p2a: Maushold
|-damage|p2a: Maushold|36/100
|-unboost|p2a: Maushold|spe|1
|move|p1b: Silver Street|Nasty Plot|p1b: Silver Street
|-boost|p1b: Silver Street|spa|2
|move|p2b: Annihilape|Rage Fist|p1b: Silver Street
|-supereffective|p1b: Silver Street
|-damage|p1b: Silver Street|0 fnt
|faint|p1b: Silver Street
|
|-heal|p2a: Maushold|42/100|[from] Grassy Terrain
|-heal|p2b: Annihilape|100/100|[from] Grassy Terrain
|upkeep
|
|t:|1757819733
|switch|p1b: Canada Water|Ninetales-Alola, L50, F|100/100
|-weather|Snowscape|[from] ability: Snow Warning|[of] p1b: Canada Water
|turn|3
|
|t:|1757819742
|move|p1b: Canada Water|Aurora Veil|p1b: Canada Water
|-sidestart|p1: hexagonfoot|move: Aurora Veil
|move|p1a: Hampstead Heath|Drum Beating|p2a: Maushold
|-damage|p2a: Maushold|0 fnt
|faint|p2a: Maushold
|move|p2b: Annihilape|Rage Fist|p1a: Hampstead Heath
|-damage|p1a: Hampstead Heath|0 fnt
|faint|p1a: Hampstead Heath
|
|-weather|Snowscape|[upkeep]
|upkeep
|-message|hexagonfoot forfeited.
|
|win|Adroqk
||hexagonfoot is ready for game 2.
||Adroqk is ready for game 2.
|uhtml|next|Next: Game 2 of 3
|l|‽Adroqk
|player|p2|
