|j|☆EgoJJ
|j|☆chikondi
|html|EgoJJchikondi    
|uhtml|bestof|Game 1 of a best-of-3
|t:|1756834253
|gametype|doubles
|player|p1|EgoJJ|brock|1040
|player|p2|chikondi|galacticgruntf|1054
|gen|9
|tier|[Gen 9] VGC 2025 Reg H (Bo3)
|rated|
|rule|Species Clause: Limit one of each Pokémon
|rule|Item Clause: Limit 1 of each item
|clearpoke
|poke|p1|Glimmora, L50, F|
|poke|p1|Tatsugiri, L50, F|
|poke|p1|Dondozo, L50, M|
|poke|p1|Rillaboom, L50, F|
|poke|p1|Volcarona, L50, F|
|poke|p1|Sneasler, L50, F|
|poke|p2|Garchomp, L50, F|
|poke|p2|Jumpluff, L50, M|
|poke|p2|Torkoal, L50, M|
|poke|p2|Dragonite, L50, F|
|poke|p2|Kingambit, L50, F|
|poke|p2|Typhlosion-Hisui, L50, F|
|teampreview|4
|showteam|p1|Glimmora||PowerHerb|ToxicDebris|MeteorBeam,SludgeBomb,EarthPower,SpikyShield|||F|||50|,,,,,Grass]Tatsugiri||FocusSash|Commander|DracoMeteor,MuddyWater,Taunt,Protect|||F|||50|,,,,,Stellar]Dondozo||CovertCloak|Unaware|WaveCrash,OrderUp,HeavySlam,Protect|||M|||50|,,,,,Steel]Rillaboom||AssaultVest|GrassySurge|FakeOut,GrassyGlide,WoodHammer,HighHorsepower|||F|||50|,,,,,Fire]Volcarona||SitrusBerry|FlameBody|FieryDance,TeraBlast,WillOWisp,Tailwind|||F|||50|,,,,,Fairy]Sneasler||GrassySeed|Unburden|DireClaw,CloseCombat,Coaching,Protect|||F|||50|,,,,,Stellar
|showteam|p2|Garchomp||LifeOrb|RoughSkin|Earthquake,DragonClaw,StompingTantrum,Protect|||F|||50|,,,,,Fire]Jumpluff||CovertCloak|Chlorophyll|LeafStorm,SleepPowder,Encore,Tailwind|||M|||50|,,,,,Poison]Torkoal||EjectPack|Drought|Overheat,BurningJealousy,HelpingHand,Protect|||M|||50|,,,,,Flying]Dragonite||LoadedDice|Multiscale|ScaleShot,ExtremeSpeed,IceSpinner,Protect|||F|||50|,,,,,Fairy]Kingambit||AssaultVest|Defiant|IronHead,SuckerPunch,Assurance,LowKick|||F|||50|,,,,,Flying]Typhlosion-Hisui||ChoiceSpecs|Blaze|Eruption,ShadowBall,HeatWave,Overheat|||F|||50|,,,,,Fire
|inactive|Battle timer is ON: inactive players will automatically lose when time's up. (requested by EgoJJ)
|inactive|chikondi has 60 seconds left.
|
|t:|1756834298
|teamsize|p1|4
|teamsize|p2|4
|start
|switch|p1a: Glimmora|Glimmora, L50, F|100/100
|switch|p1b: Volcarona|Volcarona, L50, F|100/100
|switch|p2a: Jumpluff|Jumpluff, L50, M|100/100
|switch|p2b: Torkoal|Torkoal, L50, M|100/100
|-weather|SunnyDay|[from] ability: Drought|[of] p2b: Torkoal
|turn|1
|inactive|EgoJJ has 30 seconds left.
|inactive|EgoJJ has 20 seconds left.
|inactive|EgoJJ has 15 seconds left.
|inactive|EgoJJ has 10 seconds left.
|
|t:|1756834348
|switch|p2b: Garchomp|Garchomp, L50, F|100/100
|move|p2a: Jumpluff|Sleep Powder|p1b: Volcarona
|-status|p1b: Volcarona|slp|[from] move: Sleep Powder
|cant|p1b: Volcarona|slp
|move|p1a: Glimmora|Sludge Bomb|p2a: Jumpluff
|-supereffective|p2a: Jumpluff
|-damage|p2a: Jumpluff|0 fnt
|faint|p2a: Jumpluff
|
|-weather|SunnyDay|[upkeep]
|upkeep
|
|t:|1756834361
|switch|p2a: Torkoal|Torkoal, L50, M|100/100
|turn|2
|inactive|EgoJJ has 30 seconds left.
|
|t:|1756834390
|move|p1a: Glimmora|Spiky Shield|p1a: Glimmora
|-singleturn|p1a: Glimmora|move: Protect
|move|p2a: Torkoal|Protect|p2a: Torkoal
|-singleturn|p2a: Torkoal|Protect
|move|p2b: Garchomp|Earthquake|p1a: Glimmora|[spread] p1b
|-activate|p2a: Torkoal|move: Protect
|-activate|p1a: Glimmora|move: Protect
|-damage|p1b: Volcarona|42/100 slp
|-enditem|p1b: Volcarona|Sitrus Berry|[eat]
|-heal|p1b: Volcarona|67/100 slp|[from] item: Sitrus Berry
|-damage|p2b: Garchomp|91/100|[from] item: Life Orb
|-curestatus|p1b: Volcarona|slp|[msg]
|move|p1b: Volcarona|Will-O-Wisp|p2b: Garchomp
|-status|p2b: Garchomp|brn
|
|-weather|SunnyDay|[upkeep]
|-damage|p2b: Garchomp|85/100 brn|[from] brn
|upkeep
|turn|3
|j| floor tank
|l| floor tank
|inactive|EgoJJ has 30 seconds left.
|
|t:|1756834424
|-terastallize|p1a: Glimmora|Grass
|-terastallize|p2a: Torkoal|Flying
|move|p2b: Garchomp|Earthquake|p1b: Volcarona|[spread] p1a,p1b
|-immune|p2a: Torkoal
|-resisted|p1a: Glimmora
|-damage|p1a: Glimmora|84/100
|-damage|p1b: Volcarona|38/100
|-activate|p1a: Glimmora|ability: Toxic Debris
|-sidestart|p2: chikondi|move: Toxic Spikes
|-damage|p2b: Garchomp|75/100 brn|[from] item: Life Orb
|move|p1b: Volcarona|Tailwind|p1b: Volcarona
|-sidestart|p1: EgoJJ|move: Tailwind
|move|p1a: Glimmora|Meteor Beam||[still]
|-prepare|p1a: Glimmora|Meteor Beam
|-boost|p1a: Glimmora|spa|1
|-enditem|p1a: Glimmora|Power Herb
|-anim|p1a: Glimmora|Meteor Beam|p2a: Torkoal
|-supereffective|p2a: Torkoal
|-damage|p2a: Torkoal|0 fnt
|faint|p2a: Torkoal
|
|-weather|SunnyDay|[upkeep]
|-damage|p2b: Garchomp|69/100 brn|[from] brn
|upkeep
|-message|chikondi forfeited.
|
|win|EgoJJ
|l|☆chikondi
|player|p2|
||chikondi is ready for game 2.
||EgoJJ is ready for game 2.
|uhtml|next|Next: Game 2 of 3
