|j|☆Era ella
|j|☆malaninja
|html|Era ellamalaninja    
|uhtml|bestof|Game 2 of a best-of-3
|t:|1783336700
|gametype|doubles
|player|p1|Era ella|nate|1094
|player|p2|malaninja|170|1089
|gen|9
|tier|[Gen 9 Champions] VGC 2026 Reg M-B (Bo3)
|rated|
|rule|Species Clause: Limit one of each Pokémon
|rule|Item Clause: Limit 1 of each item
|clearpoke
|poke|p1|Farigiraf, L50, M|
|poke|p1|Camerupt, L50, M|
|poke|p1|Vivillon, L50, M|
|poke|p1|Kingambit, L50, F|
|poke|p1|Sylveon, L50, M|
|poke|p1|Venusaur, L50, F|
|poke|p2|Lucario, L50, F|
|poke|p2|Whimsicott, L50, M|
|poke|p2|Primarina, L50, M|
|poke|p2|Garchomp, L50, F|
|poke|p2|Chandelure, L50, F|
|poke|p2|Meowscarada, L50, F|
|teampreview|4
|showteam|p1|Farigiraf||SitrusBerry|ArmorTail|Psychic,Thunderbolt,TrickRoom,Protect|Bold||M|||50|]Camerupt||Cameruptite|SolidRock|HeatWave,EarthPower,AncientPower,Protect|Quiet||M|||50|]Vivillon||FocusSash|CompoundEyes|Hurricane,SleepPowder,RagePowder,Protect|Timid||M|||50|]Kingambit||BlackGlasses|Defiant|KowtowCleave,SuckerPunch,SwordsDance,Protect|Adamant||F|||50|]Sylveon||LifeOrb|Pixilate|HyperVoice,HyperBeam,QuickAttack,Detect|Quiet||M|||50|]Venusaur||Venusaurite|Chlorophyll|GigaDrain,SludgeBomb,EarthPower,Protect|Modest||F|||50|
|showteam|p2|Lucario||Lucarionite|InnerFocus|Protect,CloseCombat,MeteorMash,Earthquake|Jolly||F|||50|]Whimsicott||FairyFeather|Prankster|Moonblast,Tailwind,StunSpore,Taunt|Timid||M|||50|]Primarina||MysticWater|LiquidVoice|DazzlingGleam,HyperVoice,Protect,SparklingAria|Modest||M|||50|]Garchomp||LifeOrb|RoughSkin|Earthquake,DragonClaw,RockSlide,Protect|Adamant||F|||50|]Chandelure||FocusSash|Infiltrator|ShadowBall,HeatWave,Protect,WillOWisp|Timid||F|||50|]Meowscarada||ChoiceScarf|Protean|FlowerTrick,TripleAxel,PlayRough,KnockOff|Jolly||F|||50|
|inactive|Battle timer is ON: inactive players will automatically lose when time's up. (requested by Era ella)
|
|t:|1783336731
|teamsize|p1|4
|teamsize|p2|4
|start
|switch|p1a: Vivillon|Vivillon, L50, M|100/100
|switch|p1b: Venusaur|Venusaur, L50, F|100/100
|switch|p2a: Whimsicott|Whimsicott, L50, M|100/100
|switch|p2b: Lucario|Lucario, L50, F|100/100
|turn|1
|
|t:|1783336751
|detailschange|p2b: Lucario|Lucario-Mega, L50, F
|-mega|p2b: Lucario|Lucario|Lucarionite
|detailschange|p1b: Venusaur|Venusaur-Mega, L50, F
|-mega|p1b: Venusaur|Venusaur|Venusaurite
|move|p1a: Vivillon|Rage Powder|p1a: Vivillon
|-singleturn|p1a: Vivillon|move: Rage Powder
|move|p2a: Whimsicott|Taunt|p1a: Vivillon
|-start|p1a: Vivillon|move: Taunt
|move|p2b: Lucario|Close Combat|p1a: Vivillon
|-resisted|p1a: Vivillon|2
|-damage|p1a: Vivillon|52/100
|-unboost|p2b: Lucario|def|1
|-unboost|p2b: Lucario|spd|1
|move|p1b: Venusaur|Sludge Bomb|p2a: Whimsicott
|-supereffective|p2a: Whimsicott|2
|-damage|p2a: Whimsicott|0 fnt
|faint|p2a: Whimsicott
|
|upkeep
|
|t:|1783336766
|switch|p2a: Chandelure|Chandelure, L50, F|100/100
|turn|2
|
|t:|1783336787
|move|p1b: Venusaur|Protect|p1b: Venusaur
|-singleturn|p1b: Venusaur|Protect
|move|p2b: Lucario|Close Combat|p1b: Venusaur
|-activate|p1b: Venusaur|move: Protect
|move|p1a: Vivillon|Hurricane|p2a: Chandelure
|-damage|p2a: Chandelure|44/100
|-start|p2a: Chandelure|confusion
|-activate|p2a: Chandelure|confusion
|-damage|p2a: Chandelure|37/100|[from] confusion
|
|upkeep
|turn|3
|
|t:|1783336805
|move|p2b: Lucario|Close Combat|p1b: Venusaur
|-resisted|p1b: Venusaur|1
|-damage|p1b: Venusaur|63/100
|-unboost|p2b: Lucario|def|1
|-unboost|p2b: Lucario|spd|1
|move|p1a: Vivillon|Hurricane|p2a: Chandelure
|-crit|p2a: Chandelure
|-damage|p2a: Chandelure|0 fnt
|faint|p2a: Chandelure
|move|p1b: Venusaur|Earth Power|p2b: Lucario
|-supereffective|p2b: Lucario|1
|-damage|p2b: Lucario|0 fnt
|faint|p2b: Lucario
|
|upkeep
|-message|malaninja forfeited.
|raw|Era ella's rating: 1094 → 1120(+26 for winning)
|raw|malaninja's rating: 1089 → 1066(-23 for losing)
|
|win|Era ella
