|j|☆Astelea
|j|☆player150766
|html|Asteleaplayer150766    
|uhtml|bestof|Game 3 of a best-of-3
|t:|1756254353
|gametype|doubles
|player|p1|Astelea|lady-gen4|1028
|player|p2|player150766|veteran|1075
|gen|9
|tier|[Gen 9] VGC 2025 Reg H (Bo3)
|rated|
|rule|Species Clause: Limit one of each Pokémon
|rule|Item Clause: Limit 1 of each item
|clearpoke
|poke|p1|Indeedee-F, L50, F|
|poke|p1|Armarouge, L50, M|
|poke|p1|Torkoal, L50, F|
|poke|p1|Ursaluna, L50, F|
|poke|p1|Hatterene, L50, F|
|poke|p1|Gallade, L50, M|
|poke|p2|Gholdengo, L50|
|poke|p2|Gallade, L50, M|
|poke|p2|Incineroar, L50, M|
|poke|p2|Farigiraf, L50, F|
|poke|p2|Rillaboom, L50, F|
|poke|p2|Ninetales-Alola, L50, F|
|teampreview|4
|showteam|p1|Indeedee-F||RockyHelmet|PsychicSurge|TrickRoom,FollowMe,HelpingHand,Psychic|||F|||50|,,,,,Ghost]Armarouge||PowerHerb|FlashFire|ExpandingForce,ArmorCannon,MeteorBeam,TrickRoom|||M|||50|,,,,,Grass]Torkoal||ChoiceSpecs|Drought|Eruption,WeatherBall,EarthPower,ClearSmog|||F|||50|,,,,,Water]Ursaluna||FlameOrb|Guts|Facade,ThunderPunch,HeadlongRush,Protect|||F|||50|,,,,,Ghost]Hatterene||LifeOrb|MagicBounce|ExpandingForce,DazzlingGleam,TrickRoom,Protect|||F|||50|,,,,,Psychic]Gallade||ClearAmulet|Sharpness|PsychoCut,SacredSword,WideGuard,TrickRoom|||M|||50|,,,,,Fire
|showteam|p2|Gholdengo||GrassySeed|GoodasGold|Protect,NastyPlot,MakeItRain,ShadowBall||||||50|,,,,,Water]Gallade||ClearAmulet|Sharpness|Protect,SacredSword,PsychoCut,SwordsDance|||M|||50|,,,,,Fairy]Incineroar||SafetyGoggles|Intimidate|FakeOut,KnockOff,FlareBlitz,PartingShot|||M|||50|,,,,,Ghost]Farigiraf||ThroatSpray|ArmorTail|Protect,TrickRoom,HyperVoice,Psychic|||F|||50|,,,,,Fairy]Rillaboom||AssaultVest|GrassySurge|FakeOut,GrassyGlide,WoodHammer,Uturn|||F|||50|,,,,,Fire]Ninetales-Alola||FocusSash|SnowWarning|IcyWind,AuroraVeil,Encore,Blizzard|||F|||50|,,,,,Ghost
|inactive|Battle timer is ON: inactive players will automatically lose when time's up. (requested by Astelea)
|inactive|player150766 also wants the timer to be on.
|inactive|Astelea has 60 seconds left.
|
|t:|1756254408
|teamsize|p1|4
|teamsize|p2|4
|start
|switch|p1a: Armarouge|Armarouge, L50, M|100/100
|switch|p1b: Indeedee|Indeedee-F, L50, F|100/100
|switch|p2a: Incineroar|Incineroar, L50, M|100/100
|switch|p2b: Farigiraf|Farigiraf, L50, F|100/100
|-fieldstart|move: Psychic Terrain|[from] ability: Psychic Surge|[of] p1b: Indeedee
|-ability|p2a: Incineroar|Intimidate|boost
|-unboost|p1a: Armarouge|atk|1
|-unboost|p1b: Indeedee|atk|1
|turn|1
|inactive|player150766 has 30 seconds left.
|inactive|player150766 has 20 seconds left.
|inactive|player150766 has 15 seconds left.
|
|t:|1756254449
|-terastallize|p2a: Incineroar|Ghost
|move|p1b: Indeedee|Follow Me|p1b: Indeedee
|-singleturn|p1b: Indeedee|move: Follow Me
|move|p2b: Farigiraf|Hyper Voice|p1a: Armarouge|[spread] p1a,p1b
|-damage|p1a: Armarouge|68/100
|-damage|p1b: Indeedee|72/100
|-enditem|p2b: Farigiraf|Throat Spray
|-boost|p2b: Farigiraf|spa|1|[from] item: Throat Spray
|move|p2a: Incineroar|Knock Off|p1b: Indeedee
|-supereffective|p1b: Indeedee
|-damage|p1b: Indeedee|3/100
|-damage|p2a: Incineroar|84/100|[from] item: Rocky Helmet|[of] p1b: Indeedee
|-enditem|p1b: Indeedee|Rocky Helmet|[from] move: Knock Off|[of] p2a: Incineroar
|move|p1a: Armarouge|Meteor Beam||[still]
|-prepare|p1a: Armarouge|Meteor Beam
|-boost|p1a: Armarouge|spa|1
|-enditem|p1a: Armarouge|Power Herb
|-anim|p1a: Armarouge|Meteor Beam|p2a: Incineroar|[miss]
|-miss|p1a: Armarouge|p2a: Incineroar
|
|upkeep
|turn|2
|j| skeletonkrew
|l| skeletonkrew
|inactive|Astelea has 30 seconds left.
|
|t:|1756254476
|-terastallize|p1a: Armarouge|Grass
|move|p1b: Indeedee|Helping Hand|p1a: Armarouge
|-singleturn|p1a: Armarouge|Helping Hand|[of] p1b: Indeedee
|move|p2b: Farigiraf|Hyper Voice|p1b: Indeedee|[spread] p1a,p1b
|-damage|p1a: Armarouge|22/100
|-damage|p1b: Indeedee|0 fnt
|faint|p1b: Indeedee
|move|p2a: Incineroar|Knock Off|p1a: Armarouge
|-damage|p1a: Armarouge|0 fnt
|faint|p1a: Armarouge
|
|upkeep
|-message|Astelea forfeited.
|
|win|player150766
|raw|Astelea's rating: 1028 → 1016(-12 for losing)
|raw|player150766's rating: 1075 → 1100(+25 for winning)
|l|☆Astelea
|player|p1|
