|j|☆jofelo5
|j|☆rika fangirl
|html|jofelo5rika fangirl    
|uhtml|bestof|Game 1 of a best-of-3
|t:|1783222150
|gametype|doubles
|player|p1|jofelo5|265|1000
|player|p2|rika fangirl|lady-gen4|1055
|gen|9
|tier|[Gen 9 Champions] VGC 2026 Reg M-B (Bo3)
|rated|
|rule|Species Clause: Limit one of each Pokémon
|rule|Item Clause: Limit 1 of each item
|clearpoke
|poke|p1|Aggron, L50, M, shiny|
|poke|p1|Tyranitar, L50, M, shiny|
|poke|p1|Sinistcha, L50, shiny|
|poke|p1|Milotic, L50, F, shiny|
|poke|p1|Sneasler, L50, F, shiny|
|poke|p1|Incineroar, L50, F, shiny|
|poke|p2|Farigiraf, L50, F|
|poke|p2|Mawile, L50, F|
|poke|p2|Staraptor, L50, F|
|poke|p2|Armarouge, L50, M|
|poke|p2|Sinistcha, L50|
|poke|p2|Drampa, L50, M|
|teampreview|4
|showteam|p1|Aggron||Aggronite|Sturdy|BodyPress,Crunch,HeavySlam,IronDefense|Serious||M|||50|]Tyranitar||LifeOrb|SandStream|RockSlide,KnockOff,Protect,LowKick|Serious||M|||50|]Sinistcha||ColburBerry|Hospitality|MatchaGotcha,ShadowBall,TrickRoom,RagePowder|Serious|||||50|]Milotic||Leftovers|Competitive|Scald,IcyWind,LifeDew,Protect|Serious||F|||50|]Sneasler||WhiteHerb|Unburden|DireClaw,FakeOut,Protect,CloseCombat|Serious||F|||50|]Incineroar||SitrusBerry|Intimidate|FakeOut,PartingShot,DarkestLariat,Flamethrower|Serious||F|||50|
|showteam|p2|Farigiraf||ColburBerry|ArmorTail|Thunderbolt,TwinBeam,TrickRoom,HyperVoice|Quiet||F|||50|]Mawile||Mawilite|HyperCutter|SwordsDance,PlayRough,SuckerPunch,IronHead|Brave||F|||50|]Staraptor||ChoiceScarf|Intimidate|FinalGambit,RainDance,BraveBird,Endeavor|Jolly||F|||50|]Armarouge||Charcoal|FlashFire|Psychic,ArmorCannon,TrickRoom,WideGuard|Quiet||M|||50|]Sinistcha||SitrusBerry|Hospitality|MatchaGotcha,TrickRoom,RagePowder,LifeDew|Relaxed|||||50|]Drampa||Drampanite|CloudNine|DracoMeteor,CalmMind,HyperVoice,Protect|Quiet||M|||50|
|
|t:|1783222184
|teamsize|p1|4
|teamsize|p2|4
|start
|switch|p1a: Aggron|Aggron, L50, M, shiny|100/100
|switch|p1b: Incineroar|Incineroar, L50, F, shiny|100/100
|switch|p2a: Farigiraf|Farigiraf, L50, F|100/100
|switch|p2b: Drampa|Drampa, L50, M|100/100
|-ability|p1b: Incineroar|Intimidate|boost
|-unboost|p2a: Farigiraf|atk|1
|-unboost|p2b: Drampa|atk|1
|-ability|p2b: Drampa|Cloud Nine
|turn|1
|
|t:|1783222239
|switch|p2b: Armarouge|Armarouge, L50, M|100/100
|detailschange|p1a: Aggron|Aggron-Mega, L50, M, shiny
|-mega|p1a: Aggron|Aggron|Aggronite
|move|p1b: Incineroar|Fake Out||[still]
|cant|p2a: Farigiraf|ability: Armor Tail|Fake Out|[of] p1b: Incineroar
|move|p2a: Farigiraf|Thunderbolt|p1b: Incineroar
|-damage|p1b: Incineroar|67/100
|move|p1a: Aggron|Iron Defense|p1a: Aggron
|-boost|p1a: Aggron|def|2
|
|upkeep
|turn|2
|
|t:|1783222262
|switch|p1b: Sinistcha|Sinistcha, L50, shiny|100/100
|move|p2b: Armarouge|Armor Cannon|p1a: Aggron
|-supereffective|p1a: Aggron|1
|-damage|p1a: Aggron|0 fnt
|-unboost|p2b: Armarouge|def|1
|-unboost|p2b: Armarouge|spd|1
|faint|p1a: Aggron
|move|p2a: Farigiraf|Thunderbolt|p1b: Sinistcha
|-resisted|p1b: Sinistcha|1
|-damage|p1b: Sinistcha|82/100
|
|upkeep
|-message|jofelo5 forfeited.
|raw|jofelo5's rating: 1000 → 1000(+0 for losing)
|raw|rika fangirl's rating: 1055 → 1082(+27 for winning)
|
|win|rika fangirl
|l|☆jofelo5
|player|p1|
|l|☆rika fangirl
|player|p2|
