|j|☆Mortipherus
|j|☆Tizio20
|html|MortipherusTizio20    
|uhtml|bestof|Game 2 of a best-of-3
|t:|1756930366
|gametype|doubles
|player|p1|Mortipherus|biker-gen4|
|player|p2|Tizio20|hilda-wonderlauncher|
|gen|9
|tier|[Gen 9] VGC 2025 Reg H (Bo3)
|rule|Species Clause: Limit one of each Pokémon
|rule|Item Clause: Limit 1 of each item
|clearpoke
|poke|p1|Hydrapple, L50, M|
|poke|p1|Arcanine-Hisui, L50, M|
|poke|p1|Gholdengo, L50|
|poke|p1|Electabuzz, L50, M|
|poke|p1|Indeedee, L50, M|
|poke|p1|Sneasler, L50, M|
|poke|p2|Typhlosion-Hisui, L50, M|
|poke|p2|Whimsicott, L50, M|
|poke|p2|Gyarados, L50, F|
|poke|p2|Ursaluna-Bloodmoon, L50, M|
|poke|p2|Kingambit, L50, M|
|poke|p2|Gengar, L50, F|
|teampreview|4
|showteam|p1|Hydrapple||AssaultVest|Regenerator|FickleBeam,EnergyBall,EarthPower,BreakingSwipe|||M|||50|,,,,,Ground]Arcanine-Hisui||ClearAmulet|Intimidate|Protect,ExtremeSpeed,FlareBlitz,RockSlide|||M|||50|,,,,,Grass]Gholdengo||LifeOrb|GoodasGold|Protect,NastyPlot,MakeItRain,ShadowBall||||||50|,,,,,Flying]Electabuzz||Eviolite|VitalSpirit|Protect,FollowMe,Taunt,Electroweb|||M|||50|,,,,,Dragon]Indeedee||FocusSash|PsychicSurge|Protect,TrickRoom,ExpandingForce,TeraBlast|||M|||50|,,,,,Ground]Sneasler||PsychicSeed|Unburden|Protect,ThroatChop,DireClaw,CloseCombat|||M|||50|,,,,,Dark
|showteam|p2|Typhlosion-Hisui||ChoiceSpecs|Blaze|Eruption,HeatWave,Overheat,ShadowBall|||M|||50|,,,,,Fire]Whimsicott||CovertCloak|Prankster|Tailwind,SunnyDay,FakeTears,Moonblast|||M|||50|,,,,,Water]Gyarados||SafetyGoggles|Intimidate|Waterfall,ThunderWave,Taunt,Protect|||F|||50|,,,,,Steel]Ursaluna-Bloodmoon||LifeOrb|MindsEye|Protect,BloodMoon,HyperVoice,EarthPower|||M|||50|,,,,,Normal]Kingambit||AssaultVest|Defiant|KowtowCleave,SuckerPunch,IronHead,LowKick|||M|||50|,,,,,Fairy]Gengar||FocusSash|CursedBody|SludgeBomb,ShadowBall,Haze,Protect|||F|||50|,,,,,Stellar
|inactive|Battle timer is ON: inactive players will automatically lose when time's up. (requested by Tizio20)
|inactive|Mortipherus has 60 seconds left.
|inactive|Tizio20 has 60 seconds left.
|
|t:|1756930405
|teamsize|p1|4
|teamsize|p2|4
|start
|switch|p1a: Caramel|Indeedee, L50, M|100/100
|switch|p1b: Stew|Sneasler, L50, M|100/100
|switch|p2a: Gyarados|Gyarados, L50, F|100/100
|switch|p2b: Whimsicott|Whimsicott, L50, M|100/100
|-fieldstart|move: Psychic Terrain|[from] ability: Psychic Surge|[of] p1a: Caramel
|-enditem|p1b: Stew|Psychic Seed
|-boost|p1b: Stew|spd|1|[from] item: Psychic Seed
|-ability|p2a: Gyarados|Intimidate|boost
|-unboost|p1a: Caramel|atk|1
|-unboost|p1b: Stew|atk|1
|turn|1
|
|t:|1756930419
|-terastallize|p2b: Whimsicott|Water
|move|p1b: Stew|Dire Claw|p2b: Whimsicott
|-crit|p2b: Whimsicott
|-damage|p2b: Whimsicott|20/100
|move|p2b: Whimsicott|Moonblast|p1a: Caramel
|-damage|p1a: Caramel|60/100
|move|p1a: Caramel|Expanding Force|p2a: Gyarados|[spread] p2a,p2b
|-crit|p2b: Whimsicott
|-damage|p2a: Gyarados|47/100
|-damage|p2b: Whimsicott|0 fnt
|faint|p2b: Whimsicott
|move|p2a: Gyarados|Waterfall|p1a: Caramel
|-damage|p1a: Caramel|0 fnt
|faint|p1a: Caramel
|
|upkeep
|
|t:|1756930436
|switch|p2b: Ursaluna|Ursaluna-Bloodmoon, L50, M|100/100
|switch|p1a: Sauerkraut|Electabuzz, L50, M|100/100
|turn|2
|
|t:|1756930448
|move|p1b: Stew|Throat Chop|p2b: Ursaluna
|-crit|p2b: Ursaluna
|-damage|p2b: Ursaluna|66/100
|-start|p2b: Ursaluna|Throat Chop|[silent]
|move|p1a: Sauerkraut|Electroweb|p2a: Gyarados|[spread] p2a
|-immune|p2b: Ursaluna
|-supereffective|p2a: Gyarados
|-damage|p2a: Gyarados|0 fnt
|faint|p2a: Gyarados
|move|p2b: Ursaluna|Blood Moon|p1b: Stew
|-damage|p1b: Stew|12/100
|-damage|p2b: Ursaluna|56/100|[from] item: Life Orb
|
|upkeep
|
|t:|1756930460
|switch|p2a: Typhlosion|Typhlosion-Hisui, L50, M|100/100
|turn|3
|
|t:|1756930470
|move|p1b: Stew|Protect|p1b: Stew
|-singleturn|p1b: Stew|Protect
|move|p2a: Typhlosion|Heat Wave|p1b: Stew|[spread] p1a
|-activate|p1b: Stew|move: Protect
|-damage|p1a: Sauerkraut|65/100
|move|p1a: Sauerkraut|Electroweb|p2b: Ursaluna|[spread] p2a
|-immune|p2b: Ursaluna
|-damage|p2a: Typhlosion|82/100
|-unboost|p2a: Typhlosion|spe|1
|move|p2b: Ursaluna|Earth Power|p1a: Sauerkraut
|-supereffective|p1a: Sauerkraut
|-damage|p1a: Sauerkraut|0 fnt
|faint|p1a: Sauerkraut
|-damage|p2b: Ursaluna|46/100|[from] item: Life Orb
|
|-end|p2b: Ursaluna|Throat Chop|[silent]
|upkeep
|
|t:|1756930485
|switch|p1a: Mac n Cheese|Gholdengo, L50|100/100
|turn|4
|
|t:|1756930490
|-terastallize|p1a: Mac n Cheese|Flying
|move|p1b: Stew|Close Combat|p2b: Ursaluna
|-supereffective|p2b: Ursaluna
|-damage|p2b: Ursaluna|0 fnt
|-unboost|p1b: Stew|def|1
|-unboost|p1b: Stew|spd|1
|faint|p2b: Ursaluna
|move|p1a: Mac n Cheese|Shadow Ball|p2a: Typhlosion
|-supereffective|p2a: Typhlosion
|-damage|p2a: Typhlosion|0 fnt
|faint|p2a: Typhlosion
|-damage|p1a: Mac n Cheese|91/100|[from] item: Life Orb
|
|win|Mortipherus
||Tizio20 is ready for game 3.
|inactive|Mortipherus has 30 seconds to confirm battle start!
