|j|☆Am op dude
|j|☆sturmkitten69
|html|Am op dudesturmkitten69    
|uhtml|bestof|Game 2 of a best-of-3
|t:|1783569484
|gametype|doubles
|player|p1|Am op dude|swimmerf|1000
|player|p2|sturmkitten69|fisherman-gen4|1074
|gen|9
|tier|[Gen 9 Champions] VGC 2026 Reg M-B (Bo3)
|rated|
|rule|Species Clause: Limit one of each Pokémon
|rule|Item Clause: Limit 1 of each item
|clearpoke
|poke|p1|Charizard, L50, M|
|poke|p1|Venusaur, L50, M|
|poke|p1|Garchomp, L50, M|
|poke|p1|Milotic, L50, M|
|poke|p1|Sneasler, L50, F|
|poke|p1|Incineroar, L50, F|
|poke|p2|Meganium, L50, F|
|poke|p2|Aerodactyl, L50, F|
|poke|p2|Sableye, L50, F|
|poke|p2|Samurott-Hisui, L50, F|
|poke|p2|Aegislash, L50, F|
|poke|p2|Archaludon, L50, F|
|teampreview|4
|showteam|p1|Charizard||CharizarditeY|Blaze|WeatherBall,HeatWave,SolarBeam,Protect|Modest||M|||50|]Venusaur||FocusSash|Chlorophyll|EnergyBall,SludgeBomb,SleepPowder,Protect|Timid||M|||50|]Garchomp||SitrusBerry|RoughSkin|DragonClaw,Protect,RockSlide,Earthquake|Jolly||M|||50|]Milotic||Leftovers|Competitive|MuddyWater,Protect,Hypnosis,Recover|Bold||M|||50|]Sneasler||MentalHerb|Unburden|CloseCombat,DireClaw,ShadowClaw,FakeOut|Adamant||F|||50|]Incineroar||ChopleBerry|Intimidate|FakeOut,PartingShot,FlareBlitz,DarkestLariat|Impish||F|||50|
|showteam|p2|Meganium||Meganiumite|LeafGuard|SolarBeam,Protect,DazzlingGleam,EarthPower|Calm||F|||50|]Aerodactyl||Aerodactylite|Unnerve|RockSlide,Protect,Tailwind,DualWingbeat|Jolly||F|||50|]Sableye||LightClay|Prankster|LightScreen,Reflect,RainDance,Encore|Bold||F|||50|]Samurott-Hisui||FocusSash|Sharpness|CeaselessEdge,AquaJet,RazorShell,Protect|Adamant||F|||50|]Aegislash||LifeOrb|StanceChange|SacredSword,ShadowSneak,KingsShield,IronHead|Adamant||F|||50|]Archaludon||Leftovers|Stamina|ElectroShot,Protect,DragonPulse,AuraSphere|Calm||F|||50|
|
|t:|1783569515
|teamsize|p1|4
|teamsize|p2|4
|start
|switch|p1a: Charizard|Charizard, L50, M|100/100
|switch|p1b: Venusaur|Venusaur, L50, M|100/100
|switch|p2a: Aerodactyl|Aerodactyl, L50, F|100/100
|switch|p2b: Sableye|Sableye, L50, F|100/100
|-ability|p2a: Aerodactyl|Unnerve
|turn|1
|
|t:|1783569533
|detailschange|p2a: Aerodactyl|Aerodactyl-Mega, L50, F
|-mega|p2a: Aerodactyl|Aerodactyl|Aerodactylite
|move|p1a: Charizard|Protect|p1a: Charizard
|-singleturn|p1a: Charizard|Protect
|move|p2b: Sableye|Light Screen|p2b: Sableye
|-sidestart|p2: sturmkitten69|move: Light Screen
|move|p2a: Aerodactyl|Tailwind|p2a: Aerodactyl
|-sidestart|p2: sturmkitten69|move: Tailwind
|move|p1b: Venusaur|Sleep Powder|p2a: Aerodactyl
|-status|p2a: Aerodactyl|slp|[from] move: Sleep Powder
|
|upkeep
|turn|2
|
|t:|1783569553
|detailschange|p1a: Charizard|Charizard-Mega-Y, L50, M
|-mega|p1a: Charizard|Charizard|Charizardite Y
|-weather|SunnyDay|[from] ability: Drought|[of] p1a: Charizard
|move|p2b: Sableye|Encore|p1a: Charizard
|-start|p1a: Charizard|Encore
|move|p1a: Charizard|Protect||[still]
|-fail|p1a: Charizard
|cant|p2a: Aerodactyl|slp
|move|p1b: Venusaur|Sleep Powder|p2b: Sableye|[miss]
|-miss|p1b: Venusaur|p2b: Sableye
|
|-weather|SunnyDay|[upkeep]
|upkeep
|turn|3
|
|t:|1783569568
|move|p1a: Charizard|Protect|p1a: Charizard
|-singleturn|p1a: Charizard|Protect
|move|p2b: Sableye|Encore|p1b: Venusaur
|-start|p1b: Venusaur|Encore
|-curestatus|p2a: Aerodactyl|slp|[msg]
|move|p2a: Aerodactyl|Dual Wingbeat|p1b: Venusaur
|-supereffective|p1b: Venusaur|1
|-damage|p1b: Venusaur|32/100
|-supereffective|p1b: Venusaur|1
|-damage|p1b: Venusaur|0 fnt
|faint|p1b: Venusaur
|-hitcount|p1: Venusaur|2
|
|-weather|SunnyDay|[upkeep]
|upkeep
|-message|Am op dude forfeited.
|
|win|sturmkitten69
|raw|Am op dude's rating: 1000 → 1000(+0 for losing)
|raw|sturmkitten69's rating: 1074 → 1097(+23 for winning)
|l|☆Am op dude
|player|p1|
|c|☆sturmkitten69|bbruh
