|j|☆redrog1
|j|☆ZeGaboVGC
|html|redrog1ZeGaboVGC    
|uhtml|bestof|Game 1 of a best-of-3
|t:|1756734704
|gametype|doubles
|player|p1|redrog1|dancer|1121
|player|p2|ZeGaboVGC|benga|1130
|gen|9
|tier|[Gen 9] VGC 2025 Reg H (Bo3)
|rated|
|rule|Species Clause: Limit one of each Pokémon
|rule|Item Clause: Limit 1 of each item
|clearpoke
|poke|p1|Electabuzz, L50, F|
|poke|p1|Kingambit, L50, F|
|poke|p1|Volcarona, L50, F|
|poke|p1|Sneasler, L50, F|
|poke|p1|Primarina, L50, F|
|poke|p1|Amoonguss, L50, F|
|poke|p2|Incineroar, L50, M|
|poke|p2|Amoonguss, L50, F|
|poke|p2|Ursaluna-Bloodmoon, L50, M|
|poke|p2|Sneasler, L50, M|
|poke|p2|Gholdengo, L50|
|poke|p2|Dragonite, L50, M|
|teampreview|4
|showteam|p1|Electabuzz||Eviolite|VitalSpirit|Taunt,Electroweb,FollowMe,Protect|||F|||50|,,,,,Ghost]Kingambit||BlackGlasses|Defiant|KowtowCleave,Protect,SwordsDance,SuckerPunch|||F|||50|,,,,,Dark]Volcarona||CovertCloak|FlameBody|HeatWave,Protect,GigaDrain,QuiverDance|||F|||50|,,,,,Grass]Sneasler||FocusSash|Unburden|DireClaw,CloseCombat,Protect,FakeOut|||F|||50|,,,,,Stellar]Primarina||ThroatSpray|LiquidVoice|HyperVoice,Moonblast,HelpingHand,Protect|||F|||50|,,,,,Steel]Amoonguss||SitrusBerry|Regenerator|Spore,RagePowder,PollenPuff,Protect|||F|||50|,,,,,Water
|showteam|p2|Incineroar||SafetyGoggles|Intimidate|FlareBlitz,KnockOff,PartingShot,FakeOut|||M|||50|,,,,,Ghost]Amoonguss||SitrusBerry|Regenerator|Spore,RagePowder,PollenPuff,Protect|||F|||50|,,,,,Dark]Ursaluna-Bloodmoon||AssaultVest|MindsEye|HyperVoice,BloodMoon,EarthPower,VacuumWave|||M|||50|,,,,,Water]Sneasler||FocusSash|Unburden|CloseCombat,DireClaw,ThroatChop,Protect|||M|||50|,,,,,Stellar]Gholdengo||LifeOrb|GoodasGold|MakeItRain,ShadowBall,NastyPlot,Protect||||||50|,,,,,Water]Dragonite||LoadedDice|Multiscale|ScaleShot,Tailwind,Haze,Protect|||M|||50|,,,,,Fairy
|inactive|Battle timer is ON: inactive players will automatically lose when time's up. (requested by ZeGaboVGC)
|inactive|redrog1 has 60 seconds left.
|inactive|ZeGaboVGC has 60 seconds left.
|
|t:|1756734745
|teamsize|p1|4
|teamsize|p2|4
|start
|switch|p1a: Electabuzz|Electabuzz, L50, F|100/100
|switch|p1b: Volcarona|Volcarona, L50, F|100/100
|switch|p2a: Amoonguss|Amoonguss, L50, F|100/100
|switch|p2b: Gholdengo|Gholdengo, L50|100/100
|turn|1
|inactive|ZeGaboVGC has 30 seconds left.
|
|t:|1756734775
|switch|p2a: Sneasler|Sneasler, L50, M|100/100
|move|p1a: Electabuzz|Taunt|p2a: Sneasler
|-start|p2a: Sneasler|move: Taunt
|move|p1b: Volcarona|Quiver Dance|p1b: Volcarona
|-boost|p1b: Volcarona|spa|1
|-boost|p1b: Volcarona|spd|1
|-boost|p1b: Volcarona|spe|1
|move|p2b: Gholdengo|Shadow Ball|p1b: Volcarona
|-damage|p1b: Volcarona|62/100
|-damage|p2b: Gholdengo|91/100|[from] item: Life Orb
|
|upkeep
|turn|2
|inactive|ZeGaboVGC has 30 seconds left.
|
|t:|1756734806
|switch|p2b: Ursaluna|Ursaluna-Bloodmoon, L50, M|100/100
|move|p1b: Volcarona|Protect|p1b: Volcarona
|-singleturn|p1b: Volcarona|Protect
|move|p2a: Sneasler|Dire Claw|p1b: Volcarona
|-activate|p1b: Volcarona|move: Protect
|move|p1a: Electabuzz|Electroweb|p2b: Ursaluna|[spread] p2a
|-immune|p2b: Ursaluna
|-damage|p2a: Sneasler|81/100
|-unboost|p2a: Sneasler|spe|1
|
|upkeep
|turn|3
|inactive|redrog1 has 30 seconds left.
|inactive|redrog1 has 20 seconds left.
|
|t:|1756734844
|switch|p2a: Amoonguss|Amoonguss, L50, F|100/100
|move|p1a: Electabuzz|Follow Me|p1a: Electabuzz
|-singleturn|p1a: Electabuzz|move: Follow Me
|move|p1b: Volcarona|Quiver Dance|p1b: Volcarona
|-boost|p1b: Volcarona|spa|1
|-boost|p1b: Volcarona|spd|1
|-boost|p1b: Volcarona|spe|1
|move|p2b: Ursaluna|Hyper Voice|p1b: Volcarona|[spread] p1a,p1b
|-damage|p1a: Electabuzz|69/100
|-damage|p1b: Volcarona|41/100
|
|upkeep
|turn|4
|inactive|ZeGaboVGC has 30 seconds left.
|
|t:|1756734871
|-terastallize|p1b: Volcarona|Grass
|move|p1b: Volcarona|Giga Drain|p2b: Ursaluna
|-supereffective|p2b: Ursaluna
|-damage|p2b: Ursaluna|0 fnt
|-heal|p1b: Volcarona|100/100|[from] drain|[of] p2b: Ursaluna
|faint|p2b: Ursaluna
|move|p1a: Electabuzz|Taunt|p2a: Amoonguss
|-start|p2a: Amoonguss|move: Taunt
|move|p2a: Amoonguss|Pollen Puff|p2: Ursaluna|[notarget]
|-fail|p2a: Amoonguss
|
|upkeep
|-message|ZeGaboVGC forfeited.
|
|win|redrog1
|l|☆ZeGaboVGC
|player|p2|
||redrog1 is ready for game 2.
|j|☆ZeGaboVGC
|player|p2|ZeGaboVGC|benga|
