|j|☆practicesemijrlman
|j|☆ViaggioinGiappone
|html|practicesemijrlmanViaggioinGiappone    
|uhtml|bestof|Game 1 of a best-of-3
|t:|1757626566
|gametype|doubles
|player|p1|practicesemijrlman|265|1345
|player|p2|ViaggioinGiappone|pokemonbreederf-gen4|1329
|gen|9
|tier|[Gen 9] VGC 2025 Reg H (Bo3)
|rated|
|rule|Species Clause: Limit one of each Pokémon
|rule|Item Clause: Limit 1 of each item
|clearpoke
|poke|p1|Sneasler, L50, M|
|poke|p1|Weavile, L50, F|
|poke|p1|Kleavor, L50, M|
|poke|p1|Scizor, L50, M|
|poke|p1|Politoed, L50, M|
|poke|p1|Poliwrath, L50, F|
|poke|p2|Sneasler, L50, M|
|poke|p2|Indeedee, L50, M|
|poke|p2|Volcarona, L50, F|
|poke|p2|Ursaluna-Bloodmoon, L50, M|
|poke|p2|Annihilape, L50, M|
|poke|p2|Tyranitar, L50, M|
|teampreview|4
|showteam|p1|Sneasler||WhiteHerb|Unburden|DireClaw,CloseCombat,ThroatChop,Protect|||M|||50|,,,,,Dark]Weavile||FocusSash|Pickpocket|FakeOut,IceSpinner,KnockOff,Protect|||F|||50|,,,,,Stellar]Kleavor||AssaultVest|Sharpness|StoneAxe,XScissor,NightSlash,CloseCombat|||M|||50|,,,,,Water]Scizor||OccaBerry|Technician|BugBite,BulletPunch,SwordsDance,Protect|||M|||50|,,,,,Steel]Politoed||SitrusBerry|Drizzle|Whirlpool,PerishSong,WeatherBall,Protect|||M|||50|,,,,,Grass]Poliwrath||ClearAmulet|SwiftSwim|CloseCombat,Haze,Waterfall,Protect|||F|||50|,,,,,Water
|showteam|p2|Sneasler||PsychicSeed|Unburden|CloseCombat,DireClaw,ThroatChop,Protect|||M|||50|,,,,,Dark]Indeedee||ChoiceScarf|PsychicSurge|ExpandingForce,TeraBlast,Trick,HyperVoice|||M|||50|,,,,,Psychic]Volcarona||SitrusBerry|FlameBody|HeatWave,StruggleBug,RagePowder,Tailwind|||F|||50|,,,,,Dragon]Ursaluna-Bloodmoon||LifeOrb|MindsEye|BloodMoon,HyperVoice,EarthPower,Protect|||M|||50|,,,,,Normal]Annihilape||SafetyGoggles|Defiant|CloseCombat,RageFist,Taunt,FinalGambit|||M|||50|,,,,,Fairy]Tyranitar||AssaultVest|SandStream|RockSlide,KnockOff,TeraBlast,LowKick|||M|||50|,,,,,Flying
|inactive|Battle timer is ON: inactive players will automatically lose when time's up. (requested by practicesemijrlman)
|inactive|ViaggioinGiappone has 60 seconds left.
|
|t:|1757626624
|teamsize|p1|4
|teamsize|p2|4
|start
|switch|p1a: Sneasler|Sneasler, L50, M|100/100
|switch|p1b: Weavile|Weavile, L50, F|100/100
|switch|p2a: Indeedee|Indeedee, L50, M, shiny|100/100
|switch|p2b: Sneasler|Sneasler, L50, M, shiny|100/100
|-fieldstart|move: Psychic Terrain|[from] ability: Psychic Surge|[of] p2a: Indeedee
|-enditem|p2b: Sneasler|Psychic Seed
|-boost|p2b: Sneasler|spd|1|[from] item: Psychic Seed
|turn|1
|inactive|practicesemijrlman has 30 seconds left.
|
|t:|1757626655
|switch|p2a: Tyranitar|Tyranitar, L50, M, shiny|100/100
|-weather|Sandstorm|[from] ability: Sand Stream|[of] p2a: Tyranitar
|-terastallize|p1a: Sneasler|Dark
|move|p2b: Sneasler|Protect|p2b: Sneasler
|-singleturn|p2b: Sneasler|Protect
|move|p1a: Sneasler|Throat Chop|p2a: Tyranitar
|-resisted|p2a: Tyranitar
|-damage|p2a: Tyranitar|84/100
|-start|p2a: Tyranitar|Throat Chop|[silent]
|move|p1b: Weavile|Ice Spinner|p2b: Sneasler
|-activate|p2b: Sneasler|move: Protect
|
|-weather|Sandstorm|[upkeep]
|-damage|p2b: Sneasler|95/100|[from] Sandstorm
|-damage|p1a: Sneasler|95/100|[from] Sandstorm
|-damage|p1b: Weavile|94/100|[from] Sandstorm
|upkeep
|turn|2
|inactive|ViaggioinGiappone has 30 seconds left.
|
|t:|1757626682
|-terastallize|p2a: Tyranitar|Flying
|move|p1b: Weavile|Protect|p1b: Weavile
|-singleturn|p1b: Weavile|Protect
|move|p2b: Sneasler|Close Combat|p1a: Sneasler
|-supereffective|p1a: Sneasler
|-damage|p1a: Sneasler|0 fnt
|-unboost|p2b: Sneasler|def|1
|-unboost|p2b: Sneasler|spd|1
|faint|p1a: Sneasler
|move|p2a: Tyranitar|Rock Slide|p1b: Weavile
|-activate|p1b: Weavile|move: Protect
|
|-weather|Sandstorm|[upkeep]
|-damage|p2b: Sneasler|89/100|[from] Sandstorm
|-damage|p1b: Weavile|88/100|[from] Sandstorm
|-damage|p2a: Tyranitar|78/100|[from] Sandstorm
|-end|p2a: Tyranitar|Throat Chop|[silent]
|upkeep
|
|t:|1757626697
|switch|p1a: Poliwrath|Poliwrath, L50, F|100/100
|turn|3
|
|t:|1757626712
|switch|p2a: Indeedee|Indeedee, L50, M, shiny|100/100
|move|p2b: Sneasler|Dire Claw|p1a: Poliwrath
|-damage|p1a: Poliwrath|49/100
|move|p1b: Weavile|Ice Spinner|p2a: Indeedee
|-damage|p2a: Indeedee|3/100
|-fieldend|move: Psychic Terrain
|move|p1a: Poliwrath|Waterfall|p2b: Sneasler
|-damage|p2b: Sneasler|0 fnt
|faint|p2b: Sneasler
|
|-weather|Sandstorm|[upkeep]
|-damage|p2a: Indeedee|0 fnt|[from] Sandstorm
|-damage|p1b: Weavile|82/100|[from] Sandstorm
|-damage|p1a: Poliwrath|43/100|[from] Sandstorm
|faint|p2a: Indeedee
|upkeep
|
|t:|1757626730
|switch|p2b: Volcarona|Volcarona, L50, F, shiny|100/100
|switch|p2a: Tyranitar|Tyranitar, L50, M, shiny, tera:Flying|78/100
|turn|4
|
|t:|1757626748
|switch|p1b: Politoed|Politoed, L50, M|100/100
|-weather|RainDance|[from] ability: Drizzle|[of] p1b: Politoed
|move|p1a: Poliwrath|Waterfall|p2b: Volcarona
|-supereffective|p2b: Volcarona
|-damage|p2b: Volcarona|0 fnt
|-status|p1a: Poliwrath|brn|[from] ability: Flame Body|[of] p2b: Volcarona
|faint|p2b: Volcarona
|move|p2a: Tyranitar|Rock Slide|p1b: Politoed|[spread] p1a,p1b
|-resisted|p1a: Poliwrath
|-damage|p1a: Poliwrath|25/100 brn
|-damage|p1b: Politoed|65/100
|
|-weather|RainDance|[upkeep]
|-damage|p1a: Poliwrath|19/100 brn|[from] brn
|upkeep
|turn|5
|
|t:|1757626771
|move|p1a: Poliwrath|Protect|p1a: Poliwrath
|-singleturn|p1a: Poliwrath|Protect
|move|p2a: Tyranitar|Knock Off|p1b: Politoed
|-damage|p1b: Politoed|5/100
|-enditem|p1b: Politoed|Sitrus Berry|[from] move: Knock Off|[of] p2a: Tyranitar
|move|p1b: Politoed|Perish Song|p1b: Politoed
|-start|p1a: Poliwrath|perish3|[silent]
|-start|p1b: Politoed|perish3|[silent]
|-start|p2a: Tyranitar|perish3|[silent]
|-fieldactivate|move: Perish Song
|
|-weather|RainDance|[upkeep]
|-damage|p1a: Poliwrath|13/100 brn|[from] brn
|-start|p1a: Poliwrath|perish3
|-start|p2a: Tyranitar|perish3
|-start|p1b: Politoed|perish3
|upkeep
|turn|6
|
|t:|1757626789
|switch|p1b: Weavile|Weavile, L50, F|82/100
|move|p1a: Poliwrath|Waterfall|p2a: Tyranitar
|-damage|p2a: Tyranitar|54/100
|cant|p2a: Tyranitar|flinch
|
|-weather|RainDance|[upkeep]
|-damage|p1a: Poliwrath|7/100 brn|[from] brn
|-start|p1a: Poliwrath|perish2
|-start|p2a: Tyranitar|perish2
|upkeep
|turn|7
|c|☆ViaggioinGiappone|Lucky bro
|
|t:|1757626803
|move|p1b: Weavile|Fake Out|p2a: Tyranitar
|-damage|p2a: Tyranitar|40/100
|move|p1a: Poliwrath|Waterfall|p2a: Tyranitar
|-damage|p2a: Tyranitar|15/100
|cant|p2a: Tyranitar|flinch
|
|-weather|RainDance|[upkeep]
|-damage|p1a: Poliwrath|0 fnt|[from] brn
|faint|p1a: Poliwrath
|-start|p2a: Tyranitar|perish1
|upkeep
|
|t:|1757626812
|switch|p1a: Politoed|Politoed, L50, M|5/100
|turn|8
|c|☆ViaggioinGiappone|Ahahah
|c|☆ViaggioinGiappone|stolen game
|
|t:|1757626825
|move|p1b: Weavile|Protect|p1b: Weavile
|-singleturn|p1b: Weavile|Protect
|move|p1a: Politoed|Protect|p1a: Politoed
|-singleturn|p1a: Politoed|Protect
|move|p2a: Tyranitar|Rock Slide|p1b: Weavile|[spread] 
|-activate|p1a: Politoed|move: Protect
|-activate|p1b: Weavile|move: Protect
|
|-weather|none
|-start|p2a: Tyranitar|perish0
|faint|p2a: Tyranitar
|
|win|practicesemijrlman
||practicesemijrlman is ready for game 2.
|inactive|ViaggioinGiappone has 30 seconds to confirm battle start!
||ViaggioinGiappone is ready for game 2.
|uhtml|next|Next: Game 2 of 3
