|j|☆Someoneofficial
|j|☆vilan333
|html|Someoneofficialvilan333    
|uhtml|bestof|Game 2 of a best-of-3
|t:|1782677696
|gametype|doubles
|player|p1|Someoneofficial|gentleman-gen4|1155
|player|p2|vilan333|marshal|1134
|gen|9
|tier|[Gen 9 Champions] VGC 2026 Reg M-B (Bo3)
|rated|
|rule|Species Clause: Limit one of each Pokémon
|rule|Item Clause: Limit 1 of each item
|clearpoke
|poke|p1|Raichu, L50, M|
|poke|p1|Floette-Eternal, L50, F, shiny|
|poke|p1|Mamoswine, L50, F|
|poke|p1|Ceruledge, L50, M|
|poke|p1|Maushold-Four, L50|
|poke|p1|Kingambit, L50, M, shiny|
|poke|p2|Farigiraf, L50, F|
|poke|p2|Torkoal, L50, F|
|poke|p2|Aerodactyl, L50, F|
|poke|p2|Sylveon, L50, M|
|poke|p2|Metagross, L50, shiny|
|poke|p2|Kingambit, L50, F, shiny|
|teampreview|4
|showteam|p1|Raichu||RaichuniteY|LightningRod|FakeOut,Protect,FocusBlast,ZapCannon|Timid||M|||50|]Floette-Eternal||Floettite|FlowerVeil|Protect,DazzlingGleam,CalmMind,Moonblast|Modest||F|||50|]Mamoswine||LifeOrb|Oblivious|HighHorsepower,IceShard,IcicleCrash,Protect|Jolly||F|||50|]Ceruledge||ColburBerry|FlashFire|BitterBlade,ShadowSneak,BulkUp,Protect|Adamant||M|||50|]Maushold-Four||ChopleBerry|FriendGuard|Protect,Feint,FollowMe,HelpingHand|Careful|||||50|]Kingambit||FocusSash|Defiant|IronHead,KowtowCleave,SuckerPunch,LowKick|Adamant||M|||50|
|showteam|p2|Farigiraf||SitrusBerry|ArmorTail|TrickRoom,Protect,Psychic,HelpingHand|Bold||F|||50|]Torkoal||Charcoal|Drought|Eruption,WeatherBall,EarthPower,Protect|Quiet||F|||50|]Aerodactyl||Aerodactylite|Unnerve|Tailwind,RockSlide,IceFang,WideGuard|Jolly||F|||50|]Sylveon||FairyFeather|Pixilate|Detect,HyperVoice,HyperBeam,QuickAttack|Modest||M|||50|]Metagross||Metagrossite|ClearBody|IronHead,PsychicFangs,Protect,StompingTantrum|Jolly|||||50|]Kingambit||FocusSash|Defiant|KowtowCleave,IronHead,SuckerPunch,LowKick|Adamant||F|||50|
|inactive|Battle timer is ON: inactive players will automatically lose when time's up. (requested by Someoneofficial)
|inactive|vilan333 has 60 seconds left.
|
|t:|1782677768
|teamsize|p1|4
|teamsize|p2|4
|start
|switch|p1a: Kingambit|Kingambit, L50, M, shiny|100/100
|switch|p1b: Raichu|Raichu, L50, M|100/100
|switch|p2a: Aerodactyl|Aerodactyl, L50, F|100/100
|switch|p2b: Farigiraf|Farigiraf, L50, F|100/100
|-ability|p2a: Aerodactyl|Unnerve
|turn|1
|inactive|vilan333 has 30 seconds left.
|
|t:|1782677797
|detailschange|p2a: Aerodactyl|Aerodactyl-Mega, L50, F
|-mega|p2a: Aerodactyl|Aerodactyl|Aerodactylite
|detailschange|p1b: Raichu|Raichu-Mega-Y, L50, M
|-mega|p1b: Raichu|Raichu|Raichunite Y
|move|p2a: Aerodactyl|Tailwind|p2a: Aerodactyl
|-sidestart|p2: vilan333|move: Tailwind
|move|p1b: Raichu|Zap Cannon|p2b: Farigiraf
|-damage|p2b: Farigiraf|49/100
|-status|p2b: Farigiraf|par
|-enditem|p2b: Farigiraf|Sitrus Berry|[eat]
|-heal|p2b: Farigiraf|74/100 par|[from] item: Sitrus Berry
|move|p1a: Kingambit|Iron Head|p2a: Aerodactyl
|-supereffective|p2a: Aerodactyl|1
|-damage|p2a: Aerodactyl|0 fnt
|faint|p2a: Aerodactyl
|move|p2b: Farigiraf|Psychic|p1b: Raichu
|-damage|p1b: Raichu|53/100
|
|upkeep
|
|t:|1782677815
|switch|p2a: Sylveon|Sylveon, L50, M|100/100
|turn|2
|
|t:|1782677830
|cant|p2b: Farigiraf|par
|move|p1b: Raichu|Protect|p1b: Raichu
|-singleturn|p1b: Raichu|Protect
|move|p2a: Sylveon|Hyper Voice|p1b: Raichu|[spread] p1a
|-activate|p1b: Raichu|move: Protect
|-damage|p1a: Kingambit|38/100
|move|p1a: Kingambit|Iron Head|p2a: Sylveon
|-supereffective|p2a: Sylveon|1
|-damage|p2a: Sylveon|0 fnt
|faint|p2a: Sylveon
|
|upkeep
|
|t:|1782677845
|switch|p2a: Kingambit|Kingambit, L50, F, shiny|100/100
|turn|3
|
|t:|1782677866
|move|p2b: Farigiraf|Protect|p2b: Farigiraf
|-singleturn|p2b: Farigiraf|Protect
|move|p2a: Kingambit|Kowtow Cleave|p1b: Raichu
|-damage|p1b: Raichu|0 fnt
|faint|p1b: Raichu
|move|p1a: Kingambit|Low Kick|p2a: Kingambit
|-supereffective|p2a: Kingambit|2
|-enditem|p2a: Kingambit|Focus Sash
|-damage|p2a: Kingambit|1/100
|
|upkeep
|
|t:|1782677873
|switch|p1b: Ceruledge|Ceruledge, L50, M|100/100
|turn|4
|
|t:|1782677893
|move|p2a: Kingambit|Kowtow Cleave|p1a: Kingambit
|-resisted|p1a: Kingambit|1
|-damage|p1a: Kingambit|18/100
|move|p1b: Ceruledge|Bitter Blade|p2a: Kingambit
|-supereffective|p2a: Kingambit|1
|-damage|p2a: Kingambit|0 fnt
|faint|p2a: Kingambit
|move|p1a: Kingambit|Kowtow Cleave|p2b: Farigiraf
|-supereffective|p2b: Farigiraf|1
|-damage|p2b: Farigiraf|0 fnt
|faint|p2b: Farigiraf
|
|win|Someoneofficial
|l|☆vilan333
|player|p2|
|j|☆vilan333
|player|p2|vilan333|marshal|
