|j|☆naibot2814
|j|☆Jay is decent
|html|naibot2814Jay is decent    
|uhtml|bestof|Game 3 of a best-of-3
|t:|1782332834
|gametype|doubles
|player|p1|naibot2814|ghetsis|
|player|p2|Jay is decent|101|
|gen|9
|tier|[Gen 9 Champions] VGC 2026 Reg M-B (Bo3)
|rule|Species Clause: Limit one of each Pokémon
|rule|Item Clause: Limit 1 of each item
|clearpoke
|poke|p1|Aerodactyl, L50, M|
|poke|p1|Charizard, L50, M|
|poke|p1|Kingambit, L50, M|
|poke|p1|Sylveon, L50, F|
|poke|p1|Garchomp, L50, M, shiny|
|poke|p1|Farigiraf, L50, F|
|poke|p2|Blaziken, L50, F, shiny|
|poke|p2|Kingambit, L50, M|
|poke|p2|Basculegion, L50, M|
|poke|p2|Grimmsnarl, L50, M|
|poke|p2|Sinistcha, L50|
|poke|p2|Floette-Eternal, L50, F|
|teampreview|4
|showteam|p1|Aerodactyl||Aerodactylite|Unnerve|RockSlide,DualWingbeat,IceFang,Tailwind|Jolly||M|||50|]Charizard||CharizarditeY|Blaze|WeatherBall,HeatWave,SolarBeam,Protect|Modest||M|||50|]Kingambit||FocusSash|Defiant|KowtowCleave,SuckerPunch,LowKick,IronHead|Adamant||M|||50|]Sylveon||FairyFeather|Pixilate|HyperVoice,HyperBeam,QuickAttack,Protect|Modest||F|||50|]Garchomp||LifeOrb|SandVeil|DragonClaw,StompingTantrum,Earthquake,Protect|Jolly||M|||50|]Farigiraf||SitrusBerry|ArmorTail|TwinBeam,Thunderbolt,TrickRoom,Roar|Bold||F|||50|
|showteam|p2|Blaziken||Blazikenite|SpeedBoost|FlareBlitz,CloseCombat,RockSlide,Detect|Adamant||F|||50|]Kingambit||BlackGlasses|Defiant|KowtowCleave,SuckerPunch,SwordsDance,Protect|Adamant||M|||50|]Basculegion||FocusSash|Adaptability|Liquidation,LastRespects,AquaJet,Protect|Adamant||M|||50|]Grimmsnarl||RoseliBerry|Prankster|FakeOut,SpiritBreak,PartingShot,ScaryFace|Careful||M|||50|]Sinistcha||KasibBerry|Hospitality|MatchaGotcha,RagePowder,TrickRoom,Protect|Bold|||||50|]Floette-Eternal||Floettite|FlowerVeil|Moonblast,DazzlingGleam,CalmMind,Protect|Modest||F|||50|
|
|t:|1782332893
|teamsize|p1|4
|teamsize|p2|4
|start
|switch|p1a: Aerodactyl|Aerodactyl, L50, M|100/100
|switch|p1b: Kingambit|Kingambit, L50, M|100/100
|switch|p2a: Sinistcha|Sinistcha, L50|100/100
|switch|p2b: Blaziken|Blaziken, L50, F, shiny|100/100
|-ability|p1a: Aerodactyl|Unnerve
|turn|1
|
|t:|1782332915
|detailschange|p1a: Aerodactyl|Aerodactyl-Mega, L50, M
|-mega|p1a: Aerodactyl|Aerodactyl|Aerodactylite
|detailschange|p2b: Blaziken|Blaziken-Mega, L50, F, shiny
|-mega|p2b: Blaziken|Blaziken|Blazikenite
|move|p2a: Sinistcha|Rage Powder|p2a: Sinistcha
|-singleturn|p2a: Sinistcha|move: Rage Powder
|move|p1a: Aerodactyl|Dual Wingbeat|p2a: Sinistcha
|-supereffective|p2a: Sinistcha|1
|-damage|p2a: Sinistcha|55/100
|-supereffective|p2a: Sinistcha|1
|-damage|p2a: Sinistcha|14/100
|-hitcount|p2a: Sinistcha|2
|move|p2b: Blaziken|Rock Slide|p1b: Kingambit|[spread] p1a,p1b
|-supereffective|p1a: Aerodactyl|1
|-resisted|p1b: Kingambit|1
|-damage|p1a: Aerodactyl|43/100
|-damage|p1b: Kingambit|88/100
|move|p1b: Kingambit|Kowtow Cleave|p2a: Sinistcha
|-supereffective|p2a: Sinistcha|1
|-damage|p2a: Sinistcha|0 fnt
|faint|p2a: Sinistcha
|
|-ability|p2b: Blaziken|Speed Boost|boost
|-boost|p2b: Blaziken|spe|1
|upkeep
|
|t:|1782332945
|switch|p2a: Basculegion|Basculegion, L50, M|100/100
|turn|2
|
|t:|1782332953
|switch|p1b: Farigiraf|Farigiraf, L50, F|100/100
|move|p2b: Blaziken|Rock Slide|p1a: Aerodactyl|[spread] p1b
|-miss|p2b: Blaziken|p1a: Aerodactyl
|-damage|p1b: Farigiraf|79/100
|move|p1a: Aerodactyl|Dual Wingbeat|p2b: Blaziken
|-supereffective|p2b: Blaziken|1
|-damage|p2b: Blaziken|35/100
|-supereffective|p2b: Blaziken|1
|-damage|p2b: Blaziken|0 fnt
|faint|p2b: Blaziken
|-hitcount|p2: Blaziken|2
|move|p2a: Basculegion|Liquidation|p1b: Farigiraf
|-damage|p1b: Farigiraf|35/100
|-enditem|p1b: Farigiraf|Sitrus Berry|[eat]
|-heal|p1b: Farigiraf|60/100|[from] item: Sitrus Berry
|
|upkeep
|c|☆Jay is decent|lol
|c|☆Jay is decent|probably lose from that ggs
|
|t:|1782332974
|switch|p2b: Kingambit|Kingambit, L50, M|100/100
|turn|3
|
|t:|1782332985
|move|p1a: Aerodactyl|Tailwind|p1a: Aerodactyl
|-sidestart|p1: naibot2814|move: Tailwind
|move|p1b: Farigiraf|Thunderbolt|p2a: Basculegion
|-supereffective|p2a: Basculegion|1
|-damage|p2a: Basculegion|52/100
|move|p2a: Basculegion|Liquidation|p1a: Aerodactyl
|-supereffective|p1a: Aerodactyl|1
|-damage|p1a: Aerodactyl|0 fnt
|faint|p1a: Aerodactyl
|move|p2b: Kingambit|Kowtow Cleave|p1b: Farigiraf
|-supereffective|p1b: Farigiraf|1
|-damage|p1b: Farigiraf|0 fnt
|faint|p1b: Farigiraf
|
|upkeep
|c|☆naibot2814|Yes
|
|t:|1782332996
|switch|p1a: Garchomp|Garchomp, L50, M, shiny|100/100
|switch|p1b: Kingambit|Kingambit, L50, M|88/100
|turn|4
|-message|Jay is decent forfeited.
|
|win|naibot2814
|l|☆Jay is decent
|player|p2|
|j|☆Jay is decent
|player|p2|Jay is decent|101|
