|j|☆Arnauz10
|j|☆Sazandoramx
|html|Arnauz10Sazandoramx    
|uhtml|bestof|Game 1 of a best-of-3
|t:|1756398353
|gametype|doubles
|player|p1|Arnauz10|ghetsis|1188
|player|p2|Sazandoramx|170|1187
|gen|9
|tier|[Gen 9] VGC 2025 Reg H (Bo3)
|rated|
|rule|Species Clause: Limit one of each Pokémon
|rule|Item Clause: Limit 1 of each item
|clearpoke
|poke|p1|Annihilape, L50, M|
|poke|p1|Dragonite, L50, F|
|poke|p1|Gholdengo, L50|
|poke|p1|Porygon2, L50|
|poke|p1|Ursaluna, L50, M|
|poke|p1|Incineroar, L50, F|
|poke|p2|Armarouge, L50, F|
|poke|p2|Kingambit, L50, M|
|poke|p2|Indeedee-F, L50, F|
|poke|p2|Annihilape, L50, F|
|poke|p2|Hatterene, L50, F|
|poke|p2|Torkoal, L50, M|
|teampreview|4
|showteam|p1|Annihilape||FocusSash|Defiant|RageFist,CloseCombat,Coaching,Taunt|||M|||50|,,,,,Stellar]Dragonite||LoadedDice|Multiscale|ScaleShot,Haze,Tailwind,Protect|||F|||50|,,,,,Fairy]Gholdengo||LifeOrb|GoodasGold|ShadowBall,MakeItRain,NastyPlot,Protect||||||50|,,,,,Water]Porygon2||Eviolite|Download|IceBeam,TeraBlast,Recover,TrickRoom||||||50|,,,,,Fighting]Ursaluna||FlameOrb|Guts|Facade,Earthquake,HeadlongRush,Protect|||M|||50|,,,,,Ghost]Incineroar||SafetyGoggles|Intimidate|FakeOut,KnockOff,FlareBlitz,PartingShot|||F|||50|,,,,,Ghost
|showteam|p2|Armarouge||PowerHerb|FlashFire|ArmorCannon,ExpandingForce,MeteorBeam,TrickRoom|||F|||50|,,,,,Grass]Kingambit||SafetyGoggles|Defiant|KowtowCleave,LowKick,SuckerPunch,SwordsDance|||M|||50|,,,,,Dark]Indeedee-F||RockyHelmet|PsychicSurge|Psychic,FollowMe,TrickRoom,HelpingHand|||F|||50|,,,,,Steel]Annihilape||ChoiceScarf|Defiant|CloseCombat,ShadowClaw,FinalGambit,Uturn|||F|||50|,,,,,Stellar]Hatterene||LifeOrb|MagicBounce|ExpandingForce,DazzlingGleam,TrickRoom,Protect|||F|||50|,,,,,Water]Torkoal||ChoiceSpecs|Drought|Eruption,EarthPower,WeatherBall,HeatWave|||M|||50|,,,,,Fire
|inactive|Battle timer is ON: inactive players will automatically lose when time's up. (requested by Sazandoramx)
|inactive|Arnauz10 has 60 seconds left.
|
|t:|1756398423
|teamsize|p1|4
|teamsize|p2|4
|start
|switch|p1a: Annihilape|Annihilape, L50, M|100/100
|switch|p1b: Ursaluna|Ursaluna, L50, M|100/100
|switch|p2a: Hatterene|Hatterene, L50, F|100/100
|switch|p2b: Annihilape|Annihilape, L50, F|100/100
|turn|1
|inactive|Sazandoramx has 30 seconds left.
|
|t:|1756398456
|-terastallize|p1b: Ursaluna|Ghost
|move|p2b: Annihilape|U-turn|p1a: Annihilape
|-resisted|p1a: Annihilape
|-damage|p1a: Annihilape|94/100
|
|t:|1756398461
|switch|p2b: Indeedee|Indeedee-F, L50, F|100/100|[from] U-turn
|-fieldstart|move: Psychic Terrain|[from] ability: Psychic Surge|[of] p2b: Indeedee
|move|p1a: Annihilape|Coaching|p1b: Ursaluna
|-boost|p1b: Ursaluna|atk|1
|-boost|p1b: Ursaluna|def|1
|move|p1b: Ursaluna|Headlong Rush|p2a: Hatterene
|-damage|p2a: Hatterene|0 fnt
|-unboost|p1b: Ursaluna|def|1
|-unboost|p1b: Ursaluna|spd|1
|faint|p2a: Hatterene
|
|-status|p1b: Ursaluna|brn|[from] item: Flame Orb
|upkeep
|-message|Sazandoramx forfeited.
|
|win|Arnauz10
