|j|☆Kiryu86
|j|☆gallium1005
|html|Kiryu86gallium1005    
|uhtml|bestof|Game 1 of a best-of-3
|t:|1784324609
|gametype|doubles
|player|p1|Kiryu86|169|1214
|player|p2|gallium1005|hilbert|1133
|gen|9
|tier|[Gen 9 Champions] VGC 2026 Reg M-B (Bo3)
|rated|
|rule|Species Clause: Limit one of each Pokémon
|rule|Item Clause: Limit 1 of each item
|clearpoke
|poke|p1|Dragonite, L50, M, shiny|
|poke|p1|Talonflame, L50, M|
|poke|p1|Scizor, L50, M|
|poke|p1|Tauros-Paldea-Aqua, L50, M|
|poke|p1|Kingambit, L50, M|
|poke|p1|Hatterene, L50, F|
|poke|p2|Swampert, L50, M|
|poke|p2|Archaludon, L50, M|
|poke|p2|Pelipper, L50, M|
|poke|p2|Sneasler, L50, M|
|poke|p2|Floette-Eternal, L50, F|
|poke|p2|Sinistcha, L50|
|teampreview|4
|showteam|p1|Dragonite||Dragoninite|Multiscale|Hurricane,DracoMeteor,Protect,Thunderbolt|Timid||M|||50|]Talonflame||FocusSash|GaleWings|FlareBlitz,BraveBird,Tailwind,Protect|Jolly||M|||50|]Scizor||Scizorite|Technician|BugBite,BulletPunch,Protect,CloseCombat|Adamant||M|||50|]Tauros-Paldea-Aqua||ChoiceScarf|Intimidate|CloseCombat,RagingBull,HighHorsepower,RockSlide|Adamant||M|||50|]Kingambit||BlackGlasses|Defiant|KowtowCleave,IronHead,SuckerPunch,Protect|Adamant||M|||50|]Hatterene||LifeOrb|MagicBounce|Psychic,MysticalFire,DazzlingGleam,TrickRoom|Quiet||F|||50|
|showteam|p2|Swampert||Swampertite|Torrent|WaveCrash,Earthquake,KnockOff,Protect|Adamant||M|||50|]Archaludon||Leftovers|Stamina|ElectroShot,DragonPulse,FlashCannon,Protect|Modest||M|||50|]Pelipper||FocusSash|Drizzle|Tailwind,Hurricane,WeatherBall,Protect|Timid||M|||50|]Sneasler||WhiteHerb|Unburden|FakeOut,DireClaw,CloseCombat,Protect|Jolly||M|||50|]Floette-Eternal||Floettite|FlowerVeil|DrainingKiss,DazzlingGleam,CalmMind,Protect|Modest||F|||50|]Sinistcha||SitrusBerry|Hospitality|MatchaGotcha,RagePowder,TrickRoom,Protect|Bold|||||50|
|inactive|Battle timer is ON: inactive players will automatically lose when time's up. (requested by Kiryu86)
|inactive|Kiryu86 has 60 seconds left.
|inactive|gallium1005 has 60 seconds left.
|inactive|gallium1005 has 30 seconds left.
|inactive|gallium1005 has 20 seconds left.
|inactive|gallium1005 has 15 seconds left.
|
|t:|1784324691
|teamsize|p1|4
|teamsize|p2|4
|start
|switch|p1a: Hatterene|Hatterene, L50, F|100/100
|switch|p1b: Tauros|Tauros-Paldea-Aqua, L50, M|100/100
|switch|p2a: Swampert|Swampert, L50, M|100/100
|switch|p2b: Pelipper|Pelipper, L50, M|100/100
|-ability|p1b: Tauros|Intimidate|boost
|-unboost|p2a: Swampert|atk|1
|-unboost|p2b: Pelipper|atk|1
|-weather|RainDance|[from] ability: Drizzle|[of] p2b: Pelipper
|turn|1
|
|t:|1784324712
|switch|p1b: Scizor|Scizor, L50, M|100/100
|detailschange|p2a: Swampert|Swampert-Mega, L50, M
|-mega|p2a: Swampert|Swampert|Swampertite
|move|p2a: Swampert|Protect|p2a: Swampert
|-singleturn|p2a: Swampert|Protect
|move|p2b: Pelipper|Hurricane|p1b: Scizor
|-damage|p1b: Scizor|42/100
|move|p1a: Hatterene|Trick Room|p1a: Hatterene
|-fieldstart|move: Trick Room|[of] p1a: Hatterene
|
|-weather|RainDance|[upkeep]
|upkeep
|turn|2
|inactive|gallium1005 has 30 seconds left.
|
|t:|1784324742
|detailschange|p1b: Scizor|Scizor-Mega, L50, M
|-mega|p1b: Scizor|Scizor|Scizorite
|move|p1a: Hatterene|Dazzling Gleam|p2a: Swampert|[spread] p2a,p2b
|-damage|p2a: Swampert|58/100
|-damage|p2b: Pelipper|23/100
|-damage|p1a: Hatterene|90/100|[from] item: Life Orb
|move|p1b: Scizor|Bug Bite|p2a: Swampert
|-damage|p2a: Swampert|3/100
|move|p2b: Pelipper|Hurricane|p1b: Scizor
|-damage|p1b: Scizor|0 fnt
|faint|p1b: Scizor
|move|p2a: Swampert|Wave Crash|p1a: Hatterene
|-damage|p1a: Hatterene|0 fnt
|faint|p1a: Hatterene
|-damage|p2a: Swampert|0 fnt|[from] Recoil
|faint|p2a: Swampert
|
|-weather|RainDance|[upkeep]
|upkeep
|
|t:|1784324758
|switch|p1a: Tauros|Tauros-Paldea-Aqua, L50, M|100/100
|switch|p1b: Kingambit|Kingambit, L50, M|100/100
|switch|p2a: Archaludon|Archaludon, L50, M|100/100
|-ability|p1a: Tauros|Intimidate|boost
|-unboost|p2a: Archaludon|atk|1
|-unboost|p2b: Pelipper|atk|1
|turn|3
|
|t:|1784324776
|move|p1b: Kingambit|Kowtow Cleave|p2b: Pelipper
|-damage|p2b: Pelipper|0 fnt
|faint|p2b: Pelipper
|move|p2a: Archaludon|Electro Shot||[still]
|-prepare|p2a: Archaludon|Electro Shot
|-boost|p2a: Archaludon|spa|1
|-anim|p2a: Archaludon|Electro Shot|p1a: Tauros
|-supereffective|p1a: Tauros|1
|-damage|p1a: Tauros|0 fnt
|faint|p1a: Tauros
|
|-weather|RainDance|[upkeep]
|upkeep
|-message|Kiryu86 forfeited.
|
|win|gallium1005
|l|☆Kiryu86
|player|p1|
||Kiryu86 is ready for game 2.
||gallium1005 is ready for game 2.
|uhtml|next|Next: Game 2 of 3
