|j|☆owbd
|j|☆zhz2021
|html|owbdzhz2021    
|uhtml|bestof|Game 1 of a best-of-3
|t:|1784193087
|gametype|doubles
|player|p1|owbd|cynthia-gen4|1193
|player|p2|zhz2021|169|1120
|gen|9
|tier|[Gen 9 Champions] VGC 2026 Reg M-B (Bo3)
|rated|
|rule|Species Clause: Limit one of each Pokémon
|rule|Item Clause: Limit 1 of each item
|clearpoke
|poke|p1|Charizard, L50, M|
|poke|p1|Floette-Eternal, L50, F|
|poke|p1|Kingambit, L50, M|
|poke|p1|Garchomp, L50, F|
|poke|p1|Basculegion, L50, M|
|poke|p1|Whimsicott, L50, M|
|poke|p2|Pidgeot, L50, M|
|poke|p2|Venusaur, L50, M|
|poke|p2|Mamoswine, L50, F|
|poke|p2|Ninetales, L50, F|
|poke|p2|Sneasler, L50, M|
|poke|p2|Basculegion, L50, M|
|teampreview|4
|showteam|p1|Charizard||CharizarditeY|Blaze|HeatWave,WeatherBall,SolarBeam,Protect|Modest||M|||50|]Floette-Eternal||Floettite|FlowerVeil|Moonblast,DazzlingGleam,LightofRuin,Protect|Modest||F|||50|]Kingambit||ChopleBerry|Defiant|IronHead,KowtowCleave,SuckerPunch,LowKick|Adamant||M|||50|]Garchomp||RoseliBerry|RoughSkin|DragonClaw,Earthquake,RockSlide,PoisonJab|Jolly||F|||50|]Basculegion||LifeOrb|Adaptability|WaveCrash,LastRespects,AquaJet,Protect|Adamant||M|||50|]Whimsicott||FocusSash|Prankster|Moonblast,Encore,Tailwind,Protect|Timid||M|||50|
|showteam|p2|Pidgeot||Pidgeotite|TangledFeet|Hurricane,HeatWave,Tailwind,Protect|Modest||M|||50|]Venusaur||WideLens|Chlorophyll|LeafStorm,SludgeBomb,SleepPowder,Protect|Modest||M|||50|]Mamoswine||FocusSash|Oblivious|IceShard,Earthquake,HighHorsepower,Protect|Adamant||F|||50|]Ninetales||LifeOrb|Drought|HeatWave,Encore,HelpingHand,Protect|Timid||F|||50|]Sneasler||WhiteHerb|Unburden|FakeOut,DireClaw,CloseCombat,Protect|Adamant||M|||50|]Basculegion||ChoiceScarf|Adaptability|WaveCrash,AquaJet,LastRespects,FlipTurn|Jolly||M|||50|
|
|t:|1784193122
|teamsize|p1|4
|teamsize|p2|4
|start
|switch|p1a: Charizard|Charizard, L50, M|100/100
|switch|p1b: Whimsicott|Whimsicott, L50, M|100/100
|switch|p2a: Pidgeot|Pidgeot, L50, M|100/100
|switch|p2b: Venusaur|Venusaur, L50, M|100/100
|turn|1
|
|t:|1784193149
|detailschange|p2a: Pidgeot|Pidgeot-Mega, L50, M
|-mega|p2a: Pidgeot|Pidgeot|Pidgeotite
|detailschange|p1a: Charizard|Charizard-Mega-Y, L50, M
|-mega|p1a: Charizard|Charizard|Charizardite Y
|-weather|SunnyDay|[from] ability: Drought|[of] p1a: Charizard
|move|p1b: Whimsicott|Tailwind|p1b: Whimsicott
|-sidestart|p1: owbd|move: Tailwind
|move|p1a: Charizard|Heat Wave|p2a: Pidgeot|[spread] p2a,p2b
|-supereffective|p2b: Venusaur|1
|-damage|p2a: Pidgeot|10/100
|-damage|p2b: Venusaur|0 fnt
|faint|p2b: Venusaur
|move|p2a: Pidgeot|Heat Wave|p1b: Whimsicott|[spread] p1a,p1b
|-resisted|p1a: Charizard|1
|-supereffective|p1b: Whimsicott|1
|-damage|p1a: Charizard|82/100
|-enditem|p1b: Whimsicott|Focus Sash
|-damage|p1b: Whimsicott|1/100
|
|-weather|SunnyDay|[upkeep]
|upkeep
|
|t:|1784193170
|switch|p2b: Sneasler|Sneasler, L50, M|100/100
|turn|2
|
|t:|1784193177
|move|p1a: Charizard|Protect|p1a: Charizard
|-singleturn|p1a: Charizard|Protect
|move|p2b: Sneasler|Fake Out|p1a: Charizard
|-activate|p1a: Charizard|move: Protect
|move|p1b: Whimsicott|Encore|p2a: Pidgeot
|-start|p2a: Pidgeot|Encore
|move|p2a: Pidgeot|Heat Wave|p1b: Whimsicott|[spread] p1b
|-activate|p1a: Charizard|move: Protect
|-supereffective|p1b: Whimsicott|1
|-damage|p1b: Whimsicott|0 fnt
|faint|p1b: Whimsicott
|
|-weather|SunnyDay|[upkeep]
|upkeep
|
|t:|1784193191
|switch|p1b: Basculegion|Basculegion, L50, M|100/100
|turn|3
|-message|zhz2021 forfeited.
|
|win|owbd
|l|☆zhz2021
|player|p2|
||zhz2021 is ready for game 2.
||owbd is ready for game 2.
|uhtml|next|Next: Game 2 of 3
