|j|☆EastyLiam
|j|☆vitthal18591
|html|EastyLiamvitthal18591    
|uhtml|bestof|Game 1 of a best-of-3
|t:|1782467342
|gametype|doubles
|player|p1|EastyLiam|1|1167
|player|p2|vitthal18591|lucas|1068
|gen|9
|tier|[Gen 9 Champions] VGC 2026 Reg M-B (Bo3)
|rated|
|rule|Species Clause: Limit one of each Pokémon
|rule|Item Clause: Limit 1 of each item
|clearpoke
|poke|p1|Torkoal, L50, F|
|poke|p1|Incineroar, L50, M|
|poke|p1|Farigiraf, L50, M|
|poke|p1|Floette-Eternal, L50, F|
|poke|p1|Basculegion, L50, M|
|poke|p1|Sneasler, L50, F|
|poke|p2|Pelipper, L50, F, shiny|
|poke|p2|Archaludon, L50, F|
|poke|p2|Sableye, L50, F, shiny|
|poke|p2|Swampert, L50, F, shiny|
|poke|p2|Metagross, L50, shiny|
|poke|p2|Sinistcha, L50, shiny|
|teampreview|4
|showteam|p1|Torkoal||Charcoal|Drought|Eruption,WeatherBall,EarthPower,Protect|Quiet||F|||50|]Incineroar||LifeOrb|Intimidate|FlareBlitz,DarkestLariat,CloseCombat,FakeOut|Adamant||M|||50|]Farigiraf||ColburBerry|ArmorTail|Psychic,Thunderbolt,TrickRoom,HelpingHand|Quiet||M|||50|]Floette-Eternal||Floettite|FlowerVeil|Moonblast,DazzlingGleam,LightofRuin,Protect|Timid||F|||50|]Basculegion||ChoiceScarf|Adaptability|WaveCrash,FlipTurn,LastRespects,AquaJet|Jolly||M|||50|]Sneasler||FocusSash|PoisonTouch|CloseCombat,PoisonJab,FakeOut,Protect|Jolly||F|||50|
|showteam|p2|Pelipper||FocusSash|Drizzle|Tailwind,Hurricane,WeatherBall,Protect|Modest||F|||50|]Archaludon||Leftovers|Stamina|ElectroShot,DragonPulse,FlashCannon,Protect|Modest||F|||50|]Sableye||LightClay|Prankster|LightScreen,Reflect,RainDance,WillOWisp|Bold||F|||50|]Swampert||Swampertite|Torrent|Earthquake,WaveCrash,IcePunch,Protect|Adamant||F|||50|]Metagross||Metagrossite|ClearBody|PsychicFangs,Protect,IronHead,IcePunch|Careful|||||50|]Sinistcha||KasibBerry|Hospitality|MatchaGotcha,ShadowBall,RagePowder,LifeDew|Serious|||||50|
|
|t:|1782467391
|teamsize|p1|4
|teamsize|p2|4
|start
|switch|p1a: Floette|Floette-Eternal, L50, F|100/100
|switch|p1b: Sneasler|Sneasler, L50, F|100/100
|switch|p2a: Archaludon|Archaludon, L50, F|100/100
|switch|p2b: Sableye|Sableye, L50, F, shiny|100/100
|turn|1
|
|t:|1782467406
|detailschange|p1a: Floette|Floette-Mega, L50, F
|-mega|p1a: Floette|Floette|Floettite
|-ability|p1a: Floette|Fairy Aura
|move|p2b: Sableye|Will-O-Wisp|p1b: Sneasler
|-status|p1b: Sneasler|brn
|move|p1b: Sneasler|Close Combat|p2a: Archaludon
|-supereffective|p2a: Archaludon|1
|-damage|p2a: Archaludon|54/100
|-unboost|p1b: Sneasler|def|1
|-unboost|p1b: Sneasler|spd|1
|-ability|p2a: Archaludon|Stamina|boost
|-boost|p2a: Archaludon|def|1
|move|p1a: Floette|Dazzling Gleam|p2a: Archaludon|[spread] p2a,p2b
|-supereffective|p2b: Sableye|1
|-damage|p2a: Archaludon|5/100
|-damage|p2b: Sableye|0 fnt
|-ability|p2a: Archaludon|Stamina|boost
|-boost|p2a: Archaludon|def|1
|faint|p2b: Sableye
|move|p2a: Archaludon|Flash Cannon|p1a: Floette
|-supereffective|p1a: Floette|1
|-damage|p1a: Floette|28/100
|
|-heal|p2a: Archaludon|11/100|[from] item: Leftovers
|-damage|p1b: Sneasler|94/100 brn|[from] brn
|upkeep
|
|t:|1782467422
|switch|p2b: Sinistcha|Sinistcha, L50, shiny|100/100
|-heal|p2a: Archaludon|36/100|[from] ability: Hospitality|[of] p2b: Sinistcha
|turn|2
|
|t:|1782467431
|move|p2a: Archaludon|Protect|p2a: Archaludon
|-singleturn|p2a: Archaludon|Protect
|move|p1b: Sneasler|Poison Jab|p2b: Sinistcha
|-damage|p2b: Sinistcha|82/100
|-status|p2b: Sinistcha|psn|[from] ability: Poison Touch|[of] p1b: Sneasler
|move|p1a: Floette|Dazzling Gleam|p2a: Archaludon|[spread] p2b
|-activate|p2a: Archaludon|move: Protect
|-damage|p2b: Sinistcha|33/100 psn
|move|p2b: Sinistcha|Matcha Gotcha|p1b: Sneasler|[spread] p1a,p1b
|-resisted|p1b: Sneasler|1
|-damage|p1a: Floette|7/100
|-heal|p2b: Sinistcha|42/100 psn|[from] drain|[of] p1a: Floette
|-damage|p1b: Sneasler|68/100 brn
|-heal|p2b: Sinistcha|53/100 psn|[from] drain|[of] p1b: Sneasler
|-status|p1a: Floette|brn
|
|-heal|p2a: Archaludon|42/100|[from] item: Leftovers
|-damage|p2b: Sinistcha|41/100 psn|[from] psn
|-damage|p1b: Sneasler|62/100 brn|[from] brn
|-damage|p1a: Floette|1/100 brn|[from] brn
|upkeep
|turn|3
|
|t:|1782467461
|move|p1b: Sneasler|Close Combat|p2a: Archaludon
|-supereffective|p2a: Archaludon|1
|-damage|p2a: Archaludon|19/100
|-unboost|p1b: Sneasler|def|1
|-unboost|p1b: Sneasler|spd|1
|-ability|p2a: Archaludon|Stamina|boost
|-boost|p2a: Archaludon|def|1
|move|p1a: Floette|Dazzling Gleam|p2b: Sinistcha|[spread] p2a,p2b
|-damage|p2a: Archaludon|0 fnt
|-damage|p2b: Sinistcha|0 fnt
|faint|p2a: Archaludon
|faint|p2b: Sinistcha
|
|-damage|p1b: Sneasler|56/100 brn|[from] brn
|-damage|p1a: Floette|0 fnt|[from] brn
|faint|p1a: Floette
|upkeep
|
|t:|1782467471
|switch|p1a: Basculegion|Basculegion, L50, M|100/100
|switch|p2b: Swampert|Swampert, L50, F, shiny|100/100
|turn|4
|
|t:|1782467482
|detailschange|p2b: Swampert|Swampert-Mega, L50, F, shiny
|-mega|p2b: Swampert|Swampert|Swampertite
|move|p1a: Basculegion|Last Respects|p2b: Swampert
|-damage|p2b: Swampert|54/100
|move|p1b: Sneasler|Close Combat|p2b: Swampert
|-damage|p2b: Swampert|32/100
|-unboost|p1b: Sneasler|def|1
|-unboost|p1b: Sneasler|spd|1
|move|p2b: Swampert|Earthquake|p1a: Basculegion|[spread] p1a,p1b
|-supereffective|p1b: Sneasler|1
|-damage|p1a: Basculegion|49/100
|-damage|p1b: Sneasler|0 fnt
|faint|p1b: Sneasler
|
|upkeep
|-message|vitthal18591 forfeited.
|
|win|EastyLiam
|l|☆vitthal18591
|player|p2|
||vitthal18591 is ready for game 2.
||EastyLiam is ready for game 2.
|uhtml|next|Next: Game 2 of 3
