|j|☆Slo-mmo-o
|j|☆Vgcgen
|html|Slo-mmo-oVgcgen    
|uhtml|bestof|Game 1 of a best-of-3
|t:|1756434111
|gametype|doubles
|player|p1|Slo-mmo-o|steven|1000
|player|p2|Vgcgen|266|1061
|gen|9
|tier|[Gen 9] VGC 2025 Reg H (Bo3)
|rated|
|rule|Species Clause: Limit one of each Pokémon
|rule|Item Clause: Limit 1 of each item
|clearpoke
|poke|p1|Kommo-o, L50, F|
|poke|p1|Ninetales-Alola, L50, F|
|poke|p1|Rillaboom, L50, M|
|poke|p1|Electabuzz, L50, M|
|poke|p1|Annihilape, L50, M|
|poke|p1|Kingambit, L50, F|
|poke|p2|Gholdengo, L50|
|poke|p2|Amoonguss, L50, F|
|poke|p2|Basculegion, L50, M|
|poke|p2|Pelipper, L50, M|
|poke|p2|Incineroar, L50, F|
|poke|p2|Archaludon, L50, F|
|teampreview|4
|showteam|p1|Kommo-o||LifeOrb|Soundproof|ClangingScales,AuraSphere,Flamethrower,Protect|||F|||50|,,,,,Fire]Ninetales-Alola||NeverMeltIce|SnowWarning|Blizzard,FreezeDry,Encore,Protect|||F|||50|,,,,,Ice]Rillaboom||AssaultVest|GrassySurge|WoodHammer,GrassyGlide,HighHorsepower,FakeOut|||M|||50|,,,,,Poison]Electabuzz||Eviolite|VitalSpirit|Electroweb,Taunt,FollowMe,Protect|||M|||50|,,,,,Ghost]Annihilape||FocusSash|Defiant|CloseCombat,ShadowClaw,FinalGambit,Uturn|||M|||50|,,,,,Stellar]Kingambit||BlackGlasses|Defiant|KowtowCleave,SuckerPunch,SwordsDance,Protect|||F|||50|,,,,,Dark
|showteam|p2|Gholdengo||LifeOrb|GoodasGold|MakeItRain,ShadowBall,NastyPlot,Protect||||||50|,,,,,Water]Amoonguss||SitrusBerry|Regenerator|Spore,RagePowder,PollenPuff,Protect|||F|||50|,,,,,Psychic]Basculegion||ChoiceBand|SwiftSwim|WaveCrash,FlipTurn,LastRespects,AquaJet|||M|||50|,,,,,Water]Pelipper||FocusSash|Drizzle|WeatherBall,Hurricane,Tailwind,Protect|||M|||50|,,,,,Ground]Incineroar||SafetyGoggles|Intimidate|FlareBlitz,KnockOff,PartingShot,FakeOut|||F|||50|,,,,,Ghost]Archaludon||AssaultVest|Stamina|ElectroShot,FlashCannon,DracoMeteor,BodyPress|||F|||50|,,,,,Bug
|inactive|Battle timer is ON: inactive players will automatically lose when time's up. (requested by Slo-mmo-o)
|inactive|Slo-mmo-o has 60 seconds left.
|inactive|Vgcgen has 60 seconds left.
|
|t:|1756434153
|teamsize|p1|4
|teamsize|p2|4
|start
|switch|p1a: Hobo|Annihilape, L50, M, shiny|100/100
|switch|p1b: Kommodo-Moʻo|Kommo-o, L50, F, shiny|100/100
|switch|p2a: Gholdengo|Gholdengo, L50|100/100
|switch|p2b: Archaludon|Archaludon, L50, F|100/100
|turn|1
|
|t:|1756434175
|-terastallize|p1b: Kommodo-Moʻo|Fire
|move|p1a: Hobo|Final Gambit|p2b: Archaludon
|-damage|p2b: Archaludon|0 fnt
|faint|p1a: Hobo
|faint|p2b: Archaludon
|move|p2a: Gholdengo|Nasty Plot|p2a: Gholdengo
|-boost|p2a: Gholdengo|spa|2
|move|p1b: Kommodo-Moʻo|Flamethrower|p2a: Gholdengo
|-supereffective|p2a: Gholdengo
|-damage|p2a: Gholdengo|0 fnt
|faint|p2a: Gholdengo
|-damage|p1b: Kommodo-Moʻo|91/100|[from] item: Life Orb
|
|upkeep
|
|t:|1756434192
|switch|p1a: Queen Goober|Kingambit, L50, F, shiny|100/100
|switch|p2a: Basculegion|Basculegion, L50, M|100/100
|switch|p2b: Pelipper|Pelipper, L50, M|100/100
|-weather|RainDance|[from] ability: Drizzle|[of] p2b: Pelipper
|turn|2
|
|t:|1756434203
|switch|p1b: Lumi|Ninetales-Alola, L50, F, shiny|100/100
|-weather|Snowscape|[from] ability: Snow Warning|[of] p1b: Lumi
|-terastallize|p2a: Basculegion|Water
|move|p1a: Queen Goober|Sucker Punch|p2a: Basculegion
|-damage|p2a: Basculegion|44/100
|move|p2a: Basculegion|Wave Crash|p1b: Lumi
|-damage|p1b: Lumi|0 fnt
|faint|p1b: Lumi
|-damage|p2a: Basculegion|18/100|[from] Recoil
|move|p2b: Pelipper|Tailwind|p2b: Pelipper
|-sidestart|p2: Vgcgen|move: Tailwind
|
|-weather|Snowscape|[upkeep]
|upkeep
|
|t:|1756434212
|switch|p1b: Kommodo-Moʻo|Kommo-o, L50, F, shiny, tera:Fire|91/100
|turn|3
|
|t:|1756434237
|move|p1a: Queen Goober|Sucker Punch|p2a: Basculegion
|-damage|p2a: Basculegion|0 fnt
|faint|p2a: Basculegion
|move|p2b: Pelipper|Hurricane|p1b: Kommodo-Moʻo|[miss]
|-miss|p2b: Pelipper|p1b: Kommodo-Moʻo
|move|p1b: Kommodo-Moʻo|Clanging Scales|p2b: Pelipper
|-enditem|p2b: Pelipper|Focus Sash
|-damage|p2b: Pelipper|1/100
|-unboost|p1b: Kommodo-Moʻo|def|1
|-damage|p1b: Kommodo-Moʻo|82/100|[from] item: Life Orb
|
|-weather|Snowscape|[upkeep]
|upkeep
|turn|4
|inactive|Vgcgen has 30 seconds left.
|
|t:|1756434263
|move|p1a: Queen Goober|Sucker Punch|p2b: Pelipper
|-damage|p2b: Pelipper|0 fnt
|faint|p2b: Pelipper
|
|win|Slo-mmo-o
||Slo-mmo-o is ready for game 2.
|inactive|Vgcgen has 30 seconds to confirm battle start!
||Vgcgen is ready for game 2.
|uhtml|next|Next: Game 2 of 3
