|j|☆TheMrAfro
|j|☆Mishitu631
|html|TheMrAfroMishitu631    
|uhtml|bestof|Game 2 of a best-of-3
|t:|1757036349
|gametype|doubles
|player|p1|TheMrAfro|cynthia|
|player|p2|Mishitu631|rosa|
|gen|9
|tier|[Gen 9] VGC 2025 Reg H (Bo3)
|rule|Species Clause: Limit one of each Pokémon
|rule|Item Clause: Limit 1 of each item
|clearpoke
|poke|p1|Dragonite, L50, M|
|poke|p1|Gholdengo, L50|
|poke|p1|Ursaluna-Bloodmoon, L50, M|
|poke|p1|Annihilape, L50, M|
|poke|p1|Maushold-Four, L50|
|poke|p1|Rillaboom, L50, F|
|poke|p2|Arcanine-Hisui, L50, M|
|poke|p2|Gastrodon-East, L50, F|
|poke|p2|Ursaluna-Bloodmoon, L50, M|
|poke|p2|Farigiraf, L50, F|
|poke|p2|Dragapult, L50, F|
|poke|p2|Sneasler, L50, F|
|teampreview|4
|showteam|p1|Dragonite||LoadedDice|Multiscale|ScaleShot,Tailwind,Haze,Protect|||M|||50|,,,,,Fairy]Gholdengo||LifeOrb|GoodasGold|MakeItRain,ShadowBall,NastyPlot,Protect||||||50|,,,,,Water]Ursaluna-Bloodmoon||AssaultVest|MindsEye|BloodMoon,EarthPower,HyperVoice,VacuumWave|||M|||50|,,,,,Normal]Annihilape||SafetyGoggles|Defiant|RageFist,CloseCombat,FinalGambit,Taunt|||M|||50|,,,,,Water]Maushold-Four||FocusSash|FriendGuard|SuperFang,BeatUp,FollowMe,Protect||||||50|,,,,,Ghost]Rillaboom||MiracleSeed|GrassySurge|WoodHammer,GrassyGlide,HighHorsepower,FakeOut|||F|||50|,,,,,Fire
|showteam|p2|Arcanine-Hisui||ClearAmulet|Intimidate|RockSlide,ExtremeSpeed,FlareBlitz,Protect|||M|||50|,,,,,Normal]Gastrodon-East||Leftovers|StormDrain|MuddyWater,EarthPower,IcyWind,Protect|||F|||50|,,,,,Poison]Ursaluna-Bloodmoon||LifeOrb|MindsEye|HyperVoice,BloodMoon,EarthPower,Protect|||M|||50|,,,,,Normal]Farigiraf||LumBerry|ArmorTail|DazzlingGleam,TeraBlast,TrickRoom,HelpingHand|||F|||50|,,,,,Fire]Dragapult||ChoiceBand|ClearBody|DragonDarts,Uturn,PhantomForce,PsychicFangs|||F|||50|,,,,,Dragon]Sneasler||FocusSash|Unburden|DireClaw,CloseCombat,ThroatChop,RockSlide|||F|||50|,,,,,Ghost
|inactive|Battle timer is ON: inactive players will automatically lose when time's up. (requested by Mishitu631)
|j| zeepel
|j| FelicidadesPolo8-0
|j| Masi912
|inactive|TheMrAfro has 60 seconds left.
|j| scalonetapibe
|l| scalonetapibe
|j| Ryzen5500 G
|
|t:|1757036404
|teamsize|p1|4
|teamsize|p2|4
|start
|switch|p1a: Gholdengo|Gholdengo, L50|100/100
|switch|p1b: Dragonite|Dragonite, L50, M|100/100
|switch|p2a: Dragapult|Dragapult, L50, F|100/100
|switch|p2b: Sneasler|Sneasler, L50, F|100/100
|turn|1
|j| scalonetapibe
|j| KhaiWings
|inactive|TheMrAfro has 30 seconds left.
|inactive|Mishitu631 has 30 seconds left.
|inactive|TheMrAfro has 20 seconds left.
|inactive|Mishitu631 has 20 seconds left.
|inactive|TheMrAfro has 15 seconds left.
|inactive|TheMrAfro has 10 seconds left.
|l| scalonetapibe
|
|t:|1757036453
|-terastallize|p1a: Gholdengo|Water
|move|p2a: Dragapult|Phantom Force||[still]
|-prepare|p2a: Dragapult|Phantom Force
|move|p2b: Sneasler|Dire Claw|p1b: Dragonite
|-damage|p1b: Dragonite|75/100
|-status|p1b: Dragonite|par
|move|p1a: Gholdengo|Shadow Ball|p2a: Dragapult|[miss]
|-miss|p1a: Gholdengo|p2a: Dragapult
|cant|p1b: Dragonite|par
|
|upkeep
|turn|2
|inactive|Mishitu631 has 30 seconds left.
|
|t:|1757036484
|move|p2a: Dragapult|Phantom Force|p1b: Dragonite|[from] lockedmove
|-damage|p1b: Dragonite|0 fnt
|faint|p1b: Dragonite
|move|p2b: Sneasler|Dire Claw|p1a: Gholdengo
|-crit|p1a: Gholdengo
|-damage|p1a: Gholdengo|27/100
|-status|p1a: Gholdengo|par
|move|p1a: Gholdengo|Shadow Ball|p2a: Dragapult
|-supereffective|p2a: Dragapult
|-damage|p2a: Dragapult|0 fnt
|faint|p2a: Dragapult
|-damage|p1a: Gholdengo|17/100 par|[from] item: Life Orb
|
|upkeep
|
|t:|1757036501
|switch|p2a: Farigiraf|Farigiraf, L50, F|100/100
|switch|p1b: Rillaboom|Rillaboom, L50, F|100/100
|-fieldstart|move: Grassy Terrain|[from] ability: Grassy Surge|[of] p1b: Rillaboom
|turn|3
|
|t:|1757036520
|move|p2a: Farigiraf|Helping Hand|p2b: Sneasler
|-singleturn|p2b: Sneasler|Helping Hand|[of] p2a: Farigiraf
|move|p2b: Sneasler|Dire Claw|p1b: Rillaboom
|-supereffective|p1b: Rillaboom
|-damage|p1b: Rillaboom|0 fnt
|faint|p1b: Rillaboom
|cant|p1a: Gholdengo|par
|
|-heal|p1a: Gholdengo|24/100 par|[from] Grassy Terrain
|upkeep
|
|t:|1757036522
|switch|p1b: Annihilape|Annihilape, L50, M|100/100
|turn|4
|
|t:|1757036542
|move|p2b: Sneasler|Dire Claw|p1a: Gholdengo
|-damage|p1a: Gholdengo|0 fnt
|faint|p1a: Gholdengo
|move|p1b: Annihilape|Rage Fist|p2b: Sneasler
|-damage|p2b: Sneasler|67/100
|move|p2a: Farigiraf|Dazzling Gleam|p1b: Annihilape
|-supereffective|p1b: Annihilape
|-damage|p1b: Annihilape|49/100
|
|-heal|p2b: Sneasler|73/100|[from] Grassy Terrain
|-heal|p1b: Annihilape|55/100|[from] Grassy Terrain
|upkeep
|turn|5
|-message|TheMrAfro forfeited.
|
|win|Mishitu631
|l|☆TheMrAfro
|player|p1|
||TheMrAfro is ready for game 3.
||Mishitu631 is ready for game 3.
|uhtml|next|Next: Game 3 of 3
|l| KhaiWings
|l| FelicidadesPolo8-0
|j|☆TheMrAfro
|player|p1|TheMrAfro|cynthia|
|l|☆TheMrAfro
|player|p1|
|j| matyel2030
|l| zeepel
|l| matyel2030
|j| zeepel
