|j|☆VenusaurBot
|j|☆Patrat King
|html|VenusaurBotPatrat King    
|uhtml|bestof|Game 2 of a best-of-3
|t:|1784358773
|gametype|doubles
|player|p1|VenusaurBot|koga|1204
|player|p2|Patrat King|170|1163
|gen|9
|tier|[Gen 9 Champions] VGC 2026 Reg M-B (Bo3)
|rated|
|rule|Species Clause: Limit one of each Pokémon
|rule|Item Clause: Limit 1 of each item
|clearpoke
|poke|p1|Blaziken, L50, F|
|poke|p1|Venusaur, L50, M|
|poke|p1|Ninetales-Alola, L50, M|
|poke|p1|Dragonite, L50, F|
|poke|p1|Kingambit, L50, F|
|poke|p1|Basculegion, L50, M|
|poke|p2|Watchog, L50, M|
|poke|p2|Garchomp, L50, M|
|poke|p2|Charizard, L50, M|
|poke|p2|Alcremie, L50, F|
|poke|p2|Farigiraf, L50, F|
|poke|p2|Venusaur, L50, F|
|teampreview|4
|showteam|p1|Blaziken||Blazikenite|SpeedBoost|Protect,FlareBlitz,CloseCombat,RockSlide|Adamant||F|||50|]Venusaur||Venusaurite|Chlorophyll|Protect,EarthPower,SludgeBomb,GigaDrain|Modest||M|||50|]Ninetales-Alola||NeverMeltIce|SnowWarning|Protect,Blizzard,FreezeDry,Encore|Timid||M|||50|]Dragonite||LifeOrb|InnerFocus|Protect,ExtremeSpeed,DragonClaw,LowKick|Adamant||F|||50|]Kingambit||BlackGlasses|Defiant|Protect,KowtowCleave,SuckerPunch,IronHead|Adamant||F|||50|]Basculegion||ChoiceScarf|Adaptability|WaveCrash,FlipTurn,AquaJet,LastRespects|Jolly||M|||50|
|showteam|p2|Watchog||ChopleBerry|Analytic|LowKick,IcePunch,Hypnosis,Detect|Impish||M|||50|]Garchomp||ChoiceScarf|RoughSkin|DragonClaw,RockSlide,StompingTantrum,Earthquake|Adamant||M|||50|]Charizard||CharizarditeY|Blaze|AncientPower,HeatWave,FocusBlast,Protect|Modest||M|||50|]Alcremie||KebiaBerry|SweetVeil|Decorate,Encore,MysticalFire,DazzlingGleam|Calm||F|||50|]Farigiraf||SilkScarf|ArmorTail|Psychic,TrickRoom,Imprison,HyperVoice|Modest||F|||50|]Venusaur||FocusSash|Chlorophyll|SleepPowder,SludgeBomb,Protect,EnergyBall|Timid||F|||50|
|inactive|Battle timer is ON: inactive players will automatically lose when time's up. (requested by VenusaurBot)
|inactive|VenusaurBot has 60 seconds left.
|
|t:|1784358826
|teamsize|p1|4
|teamsize|p2|4
|start
|switch|p1a: Venusaur|Venusaur, L50, M|100/100
|switch|p1b: Blaziken|Blaziken, L50, F|100/100
|switch|p2a: Charizard|Charizard, L50, M|100/100
|switch|p2b: Venusaur|Venusaur, L50, F|100/100
|turn|1
|
|t:|1784358841
|move|p2a: Charizard|Protect|p2a: Charizard
|-singleturn|p2a: Charizard|Protect
|move|p1b: Blaziken|Protect|p1b: Blaziken
|-singleturn|p1b: Blaziken|Protect
|move|p1a: Venusaur|Protect|p1a: Venusaur
|-singleturn|p1a: Venusaur|Protect
|move|p2b: Venusaur|Sleep Powder|p1b: Blaziken
|-activate|p1b: Blaziken|move: Protect
|
|-ability|p1b: Blaziken|Speed Boost|boost
|-boost|p1b: Blaziken|spe|1
|upkeep
|turn|2
|inactive|VenusaurBot has 30 seconds left.
|
|t:|1784358867
|detailschange|p2a: Charizard|Charizard-Mega-Y, L50, M
|-mega|p2a: Charizard|Charizard|Charizardite Y
|-weather|SunnyDay|[from] ability: Drought|[of] p2a: Charizard
|detailschange|p1a: Venusaur|Venusaur-Mega, L50, M
|-mega|p1a: Venusaur|Venusaur|Venusaurite
|move|p2b: Venusaur|Sleep Powder|p1b: Blaziken
|-status|p1b: Blaziken|slp|[from] move: Sleep Powder
|cant|p1b: Blaziken|slp
|move|p2a: Charizard|Heat Wave|p1a: Venusaur|[spread] p1a,p1b
|-supereffective|p1a: Venusaur|1
|-crit|p1a: Venusaur
|-resisted|p1b: Blaziken|1
|-crit|p1b: Blaziken
|-damage|p1a: Venusaur|10/100
|-damage|p1b: Blaziken|12/100 slp
|move|p1a: Venusaur|Giga Drain|p2b: Venusaur
|-resisted|p2b: Venusaur|2
|-damage|p2b: Venusaur|89/100
|-heal|p1a: Venusaur|14/100|[from] drain|[of] p2b: Venusaur
|
|-weather|SunnyDay|[upkeep]
|-ability|p1b: Blaziken|Speed Boost|boost
|-boost|p1b: Blaziken|spe|1
|upkeep
|turn|3
|
|t:|1784358889
|move|p2b: Venusaur|Sludge Bomb|p1b: Blaziken
|-damage|p1b: Blaziken|0 fnt
|faint|p1b: Blaziken
|move|p2a: Charizard|Heat Wave|p1a: Venusaur
|-supereffective|p1a: Venusaur|1
|-damage|p1a: Venusaur|0 fnt
|faint|p1a: Venusaur
|
|-weather|SunnyDay|[upkeep]
|upkeep
|inactive|VenusaurBot has 30 seconds left.
|inactive|VenusaurBot has 20 seconds left.
|-message|VenusaurBot forfeited.
|
|win|Patrat King
|raw|VenusaurBot's rating: 1204 → 1176(-28 for losing)
|raw|Patrat King's rating: 1163 → 1191(+28 for winning)
