|j|☆C.blaze
|j|☆MuseigenTest
|html|C.blazeMuseigenTest    
|uhtml|bestof|Game 3 of a best-of-3
|t:|1756788973
|gametype|doubles
|player|p1|C.blaze|170|1221
|player|p2|MuseigenTest|266|1259
|gen|9
|tier|[Gen 9] VGC 2025 Reg H (Bo3)
|rated|
|rule|Species Clause: Limit one of each Pokémon
|rule|Item Clause: Limit 1 of each item
|clearpoke
|poke|p1|Pelipper, L50, F|
|poke|p1|Archaludon, L50, F|
|poke|p1|Ursaluna, L50, M|
|poke|p1|Farigiraf, L50, M|
|poke|p1|Amoonguss, L50, M|
|poke|p1|Annihilape, L50, F|
|poke|p2|Sneasler, L50, F|
|poke|p2|Indeedee, L50, M|
|poke|p2|Volcarona, L50, F|
|poke|p2|Ursaluna-Bloodmoon, L50, M|
|poke|p2|Annihilape, L50, M|
|poke|p2|Tyranitar, L50, M|
|teampreview|4
|showteam|p1|Pelipper||FocusSash|Drizzle|WeatherBall,Hurricane,Protect,Tailwind|||F|||50|,,,,,Ghost]Archaludon||AssaultVest|Stamina|DracoMeteor,ElectroShot,BodyPress,FlashCannon|||F|||50|,,,,,Grass]Ursaluna||FlameOrb|Guts|Facade,HeadlongRush,Protect,Earthquake|||M|||50|,,,,,Ghost]Farigiraf||RockyHelmet|ArmorTail|DazzlingGleam,HelpingHand,Imprison,TrickRoom|||M|||50|,,,,,Grass]Amoonguss||MentalHerb|Regenerator|PollenPuff,ClearSmog,Spore,RagePowder|||M|||50|,,,,,Water]Annihilape||SafetyGoggles|Defiant|RageFist,DrainPunch,Protect,BulkUp|||F|||50|,,,,,Fire
|showteam|p2|Sneasler||PsychicSeed|Unburden|CloseCombat,DireClaw,ThroatChop,Protect|||F|||50|,,,,,Dark]Indeedee||ChoiceScarf|PsychicSurge|ExpandingForce,TeraBlast,Trick,Protect|||M|||50|,,,,,Psychic]Volcarona||SitrusBerry|FlameBody|Overheat,StruggleBug,RagePowder,Tailwind|||F|||50|,,,,,Grass]Ursaluna-Bloodmoon||LifeOrb|MindsEye|BloodMoon,HyperVoice,EarthPower,Protect|||M|||50|,,,,,Normal]Annihilape||SafetyGoggles|Defiant|CloseCombat,RageFist,Taunt,FinalGambit|||M|||50|,,,,,Fairy]Tyranitar||AssaultVest|SandStream|RockSlide,KnockOff,TeraBlast,LowKick|||M|||50|,,,,,Flying
|inactive|Battle timer is ON: inactive players will automatically lose when time's up. (requested by C.blaze)
|inactive|MuseigenTest has 60 seconds left.
|inactive|MuseigenTest has 30 seconds left.
|l|☆C.blaze
|inactive|C.blaze disconnected and has a minute to reconnect!
|player|p1|
|inactive|MuseigenTest has 20 seconds left.
|
|t:|1756789064
|teamsize|p1|4
|teamsize|p2|4
|start
|switch|p1a: Amoonguss|Amoonguss, L50, M|100/100
|switch|p1b: Farigiraf|Farigiraf, L50, M|100/100
|switch|p2a: Annihilape|Annihilape, L50, M|100/100
|switch|p2b: Ursaluna|Ursaluna-Bloodmoon, L50, M|100/100
|turn|1
|j|☆C.blaze
|inactive|C.blaze reconnected and has 50 seconds left.
|player|p1|C.blaze|170|
|inactive|MuseigenTest has 30 seconds left.
|inactive|MuseigenTest has 20 seconds left.
|
|t:|1756789101
|-terastallize|p2b: Ursaluna|Normal
|move|p2a: Annihilape|Final Gambit|p1a: Amoonguss
|-damage|p1a: Amoonguss|6/100
|faint|p2a: Annihilape
|move|p2b: Ursaluna|Blood Moon|p1b: Farigiraf
|-damage|p1b: Farigiraf|7/100
|-damage|p2b: Ursaluna|91/100|[from] item: Life Orb
|move|p1a: Amoonguss|Spore|p2b: Ursaluna
|-status|p2b: Ursaluna|slp|[from] move: Spore
|move|p1b: Farigiraf|Trick Room|p1b: Farigiraf
|-fieldstart|move: Trick Room|[of] p1b: Farigiraf
|
|upkeep
|
|t:|1756789111
|switch|p2a: Indeedee|Indeedee, L50, M|100/100
|-fieldstart|move: Psychic Terrain|[from] ability: Psychic Surge|[of] p2a: Indeedee
|turn|2
|
|t:|1756789128
|switch|p1b: Ursaluna|Ursaluna, L50, M|100/100
|move|p1a: Amoonguss|Spore|p2a: Indeedee
|-status|p2a: Indeedee|slp|[from] move: Spore
|cant|p2b: Ursaluna|slp
|cant|p2a: Indeedee|slp
|
|-status|p1b: Ursaluna|brn|[from] item: Flame Orb
|upkeep
|turn|3
|
|t:|1756789140
|switch|p1a: Farigiraf|Farigiraf, L50, M|7/100
|move|p1b: Ursaluna|Facade|p2b: Ursaluna
|-damage|p2b: Ursaluna|0 fnt
|faint|p2b: Ursaluna
|cant|p2a: Indeedee|slp
|
|-damage|p1b: Ursaluna|95/100 brn|[from] brn
|upkeep
|
|t:|1756789146
|switch|p2b: Sneasler|Sneasler, L50, F|100/100
|-enditem|p2b: Sneasler|Psychic Seed
|-boost|p2b: Sneasler|spd|1|[from] item: Psychic Seed
|turn|4
|-message|MuseigenTest forfeited.
|
|win|C.blaze
|raw|C.blaze's rating: 1221 → 1249(+28 for winning)
|raw|MuseigenTest's rating: 1259 → 1231(-28 for losing)
|l|☆C.blaze
|player|p1|
