|j|☆we_are_toasted
|j|☆paralyze u
|html|we_are_toastedparalyze u    
|uhtml|bestof|Game 1 of a best-of-3
|t:|1784508603
|gametype|doubles
|player|p1|we_are_toasted|102|1316
|player|p2|paralyze u|169|1347
|gen|9
|tier|[Gen 9 Champions] VGC 2026 Reg M-B (Bo3)
|rated|
|rule|Species Clause: Limit one of each Pokémon
|rule|Item Clause: Limit 1 of each item
|clearpoke
|poke|p1|Froslass, L50, F|
|poke|p1|Sneasler, L50, F, shiny|
|poke|p1|Lycanroc-Dusk, L50, F, shiny|
|poke|p1|Basculegion, L50, M|
|poke|p1|Kingambit, L50, M, shiny|
|poke|p1|Scovillain, L50, F|
|poke|p2|Gardevoir, L50, M|
|poke|p2|Basculegion, L50, M|
|poke|p2|Talonflame, L50, F|
|poke|p2|Maushold, L50|
|poke|p2|Kingambit, L50, M|
|poke|p2|Kommo-o, L50, M|
|teampreview|4
|showteam|p1|Froslass||Froslassite|CursedBody|Blizzard,ShadowBall,AuroraVeil,Protect|Timid||F|||50|]Sneasler||WhiteHerb|Unburden|CloseCombat,GunkShot,Protect,FakeOut|Adamant||F|||50|]Lycanroc-Dusk||FocusSash|ToughClaws|RockSlide,Accelerock,CloseCombat,Protect|Adamant||F|||50|]Basculegion||SitrusBerry|Adaptability|WaveCrash,LastRespects,AquaJet,Protect|Adamant||M|||50|]Kingambit||LifeOrb|Defiant|KowtowCleave,SuckerPunch,SwordsDance,Protect|Adamant||M|||50|]Scovillain||Scovillainite|Moody|GigaDrain,Overheat,RagePowder,Protect|Bold||F|||50|
|showteam|p2|Gardevoir||Gardevoirite|Trace|HyperVoice,Psychic,Thunderbolt,Protect|Modest||M|||50|]Basculegion||ChoiceScarf|Adaptability|WaveCrash,LastRespects,FlipTurn,AquaJet|Jolly||M|||50|]Talonflame||SharpBeak|GaleWings|DualWingbeat,FlareBlitz,Tailwind,Protect|Jolly||F|||50|]Maushold||FocusSash|FriendGuard|SuperFang,Feint,FollowMe,Protect|Jolly|||||50|]Kingambit||ExpertBelt|Defiant|KowtowCleave,SuckerPunch,IronHead,LowKick|Jolly||M|||50|]Kommo-o||LifeOrb|Soundproof|ClangingScales,DracoMeteor,AuraSphere,Protect|Modest||M|||50|
|inactive|Battle timer is ON: inactive players will automatically lose when time's up. (requested by we_are_toasted)
|inactive|we_are_toasted has 60 seconds left.
|inactive|we_are_toasted has 30 seconds left.
|inactive|we_are_toasted has 20 seconds left.
|inactive|we_are_toasted has 15 seconds left.
|
|t:|1784508689
|teamsize|p1|4
|teamsize|p2|4
|start
|switch|p1a: Froslass|Froslass, L50, F|100/100
|switch|p1b: Lycanroc|Lycanroc-Dusk, L50, F, shiny|100/100
|switch|p2a: Gardevoir|Gardevoir, L50, M|100/100
|switch|p2b: Basculegion|Basculegion, L50, M|100/100
|-ability|p2a: Gardevoir|Cursed Body|Trace|[from] ability: Trace|[of] p1a: Froslass
|turn|1
|l|☆paralyze u
|inactive|paralyze u disconnected and has a minute to reconnect!
|player|p2|
|j|☆paralyze u
|inactive|paralyze u reconnected and has 50 seconds left.
|player|p2|paralyze u|169|
|inactive|we_are_toasted has 30 seconds left.
|inactive|we_are_toasted has 20 seconds left.
|inactive|we_are_toasted has 15 seconds left.
|inactive|we_are_toasted has 10 seconds left.
|
|t:|1784508735
|detailschange|p1a: Froslass|Froslass-Mega, L50, F
|-mega|p1a: Froslass|Froslass|Froslassite
|-weather|Snowscape|[from] ability: Snow Warning|[of] p1a: Froslass
|detailschange|p2a: Gardevoir|Gardevoir-Mega, L50, M
|-mega|p2a: Gardevoir|Gardevoir|Gardevoirite
|move|p1b: Lycanroc|Protect|p1b: Lycanroc
|-singleturn|p1b: Lycanroc|Protect
|move|p2b: Basculegion|Flip Turn|p1b: Lycanroc
|-activate|p1b: Lycanroc|move: Protect
|move|p1a: Froslass|Blizzard|p2b: Basculegion|[spread] p2a,p2b
|-resisted|p2b: Basculegion|1
|-damage|p2a: Gardevoir|64/100
|-damage|p2b: Basculegion|76/100
|move|p2a: Gardevoir|Hyper Voice|p1b: Lycanroc|[spread] p1a
|-activate|p1b: Lycanroc|move: Protect
|-damage|p1a: Froslass|51/100
|
|-weather|Snowscape|[upkeep]
|upkeep
|turn|2
|
|t:|1784508760
|move|p2a: Gardevoir|Protect|p2a: Gardevoir
|-singleturn|p2a: Gardevoir|Protect
|move|p2b: Basculegion|Flip Turn|p1b: Lycanroc
|-supereffective|p1b: Lycanroc|1
|-enditem|p1b: Lycanroc|Focus Sash
|-damage|p1b: Lycanroc|1/100
|
|t:|1784508765
|switch|p2b: Talonflame|Talonflame, L50, F|100/100|[from] Flip Turn
|move|p1a: Froslass|Blizzard|p2a: Gardevoir|[spread] p2b
|-activate|p2a: Gardevoir|move: Protect
|-damage|p2b: Talonflame|41/100
|move|p1b: Lycanroc|Rock Slide|p2a: Gardevoir|[spread] p2b
|-activate|p2a: Gardevoir|move: Protect
|-supereffective|p2b: Talonflame|2
|-damage|p2b: Talonflame|0 fnt
|faint|p2b: Talonflame
|
|-weather|Snowscape|[upkeep]
|upkeep
|
|t:|1784508776
|switch|p2b: Kingambit|Kingambit, L50, M|100/100
|turn|3
|
|t:|1784508803
|move|p1b: Lycanroc|Accelerock|p2a: Gardevoir
|-damage|p2a: Gardevoir|17/100
|move|p2b: Kingambit|Sucker Punch||[still]
|-fail|p2b: Kingambit
|move|p1a: Froslass|Blizzard|p2b: Kingambit|[spread] p2a,p2b
|-resisted|p2b: Kingambit|1
|-damage|p2a: Gardevoir|0 fnt
|-damage|p2b: Kingambit|77/100
|faint|p2a: Gardevoir
|
|-weather|Snowscape|[upkeep]
|upkeep
|
|t:|1784508805
|switch|p2a: Basculegion|Basculegion, L50, M|76/100
|turn|4
|inactive|we_are_toasted has 30 seconds left.
|
|t:|1784508833
|move|p2a: Basculegion|Last Respects|p1a: Froslass
|-supereffective|p1a: Froslass|1
|-damage|p1a: Froslass|0 fnt
|faint|p1a: Froslass
|move|p1b: Lycanroc|Close Combat|p2b: Kingambit
|-supereffective|p2b: Kingambit|2
|-damage|p2b: Kingambit|0 fnt
|-unboost|p1b: Lycanroc|def|1
|-unboost|p1b: Lycanroc|spd|1
|faint|p2b: Kingambit
|
|-weather|Snowscape|[upkeep]
|upkeep
|
|t:|1784508839
|switch|p1a: Kingambit|Kingambit, L50, M, shiny|100/100
|turn|5
|-message|paralyze u forfeited.
|raw|we_are_toasted's rating: 1316 → 1338(+22 for winning)
|raw|paralyze u's rating: 1347 → 1325(-22 for losing)
|
|win|we_are_toasted
