|j|☆NicoViBrittania
|j|☆maish
|html|NicoViBrittaniamaish    
|uhtml|bestof|Game 3 of a best-of-3
|t:|1756557783
|gametype|doubles
|player|p1|NicoViBrittania|266|1248
|player|p2|maish|roxie|1161
|gen|9
|tier|[Gen 9] VGC 2025 Reg H (Bo3)
|rated|
|rule|Species Clause: Limit one of each Pokémon
|rule|Item Clause: Limit 1 of each item
|clearpoke
|poke|p1|Indeedee-F, L50, F|
|poke|p1|Armarouge, L50, M|
|poke|p1|Porygon2, L50|
|poke|p1|Primarina, L50, F|
|poke|p1|Ursaluna, L50, M|
|poke|p1|Torkoal, L50, F|
|poke|p2|Pelipper, L50, M|
|poke|p2|Archaludon, L50, M|
|poke|p2|Basculegion, L50, M|
|poke|p2|Amoonguss, L50, F|
|poke|p2|Incineroar, L50, M|
|poke|p2|Gholdengo, L50|
|teampreview|4
|showteam|p1|Indeedee-F||MentalHerb|PsychicSurge|FollowMe,HelpingHand,Psychic,TrickRoom|||F|||50|,,,,,Grass]Armarouge||PsychicSeed|FlashFire|ArmorCannon,WideGuard,TrickRoom,ExpandingForce|||M|||50|,,,,,Dragon]Porygon2||Eviolite|Trace|TrickRoom,TriAttack,Protect,Recover||||||50|,,,,,Fairy]Primarina||ThroatSpray|LiquidVoice|Moonblast,Protect,HyperVoice,TeraBlast|||F|||50|,,,,,Ground]Ursaluna||FlameOrb|Guts|Facade,HeadlongRush,Protect,ThroatChop|||M|||50|,,,,,Ghost]Torkoal||AssaultVest|Drought|HeatWave,SolarBeam,EarthPower,Eruption|||F|||50|,,,,,Fire
|showteam|p2|Pelipper||FocusSash|Drizzle|WeatherBall,Hurricane,Tailwind,Protect|||M|||50|,,,,,Ghost]Archaludon||AssaultVest|Stamina|DragonPulse,ElectroShot,Snarl,BodyPress|||M|||50|,,,,,Grass]Basculegion||ChoiceBand|SwiftSwim|WaveCrash,AquaJet,LastRespects,FlipTurn|||M|||50|,,,,,Grass]Amoonguss||RockyHelmet|Regenerator|RagePowder,PollenPuff,Spore,Protect|||F|||50|,,,,,Water]Incineroar||SafetyGoggles|Intimidate|FakeOut,FlareBlitz,PartingShot,KnockOff|||M|||50|,,,,,Water]Gholdengo||LifeOrb|GoodasGold|MakeItRain,ShadowBall,NastyPlot,Protect||||||50|,,,,,Dragon
|
|t:|1756557798
|teamsize|p1|4
|teamsize|p2|4
|start
|switch|p1a: Indeedee|Indeedee-F, L50, F|100/100
|switch|p1b: Primarina|Primarina, L50, F|100/100
|switch|p2a: Amoonguss|Amoonguss, L50, F, shiny|100/100
|switch|p2b: Gholdengo|Gholdengo, L50|100/100
|-fieldstart|move: Psychic Terrain|[from] ability: Psychic Surge|[of] p1a: Indeedee
|turn|1
|inactive|Battle timer is ON: inactive players will automatically lose when time's up. (requested by maish)
|inactive|NicoViBrittania has 60 seconds left.
|inactive|maish has 60 seconds left.
|
|t:|1756557834
|-terastallize|p2a: Amoonguss|Water
|move|p2b: Gholdengo|Protect|p2b: Gholdengo
|-singleturn|p2b: Gholdengo|Protect
|move|p1b: Primarina|Protect|p1b: Primarina
|-singleturn|p1b: Primarina|Protect
|move|p2a: Amoonguss|Spore|p1b: Primarina
|-activate|p1b: Primarina|move: Protect
|move|p1a: Indeedee|Trick Room|p1a: Indeedee
|-fieldstart|move: Trick Room|[of] p1a: Indeedee
|
|upkeep
|turn|2
|inactive|maish has 30 seconds left.
|
|t:|1756557863
|switch|p2b: Pelipper|Pelipper, L50, M, shiny|100/100
|-weather|RainDance|[from] ability: Drizzle|[of] p2b: Pelipper
|-terastallize|p1a: Indeedee|Grass
|move|p1a: Indeedee|Follow Me|p1a: Indeedee
|-singleturn|p1a: Indeedee|move: Follow Me
|move|p2a: Amoonguss|Spore|p1a: Indeedee
|-immune|p1a: Indeedee
|move|p1b: Primarina|Hyper Voice|p2a: Amoonguss|[spread] p2a,p2b
|-resisted|p2a: Amoonguss
|-resisted|p2b: Pelipper
|-damage|p2a: Amoonguss|77/100
|-damage|p2b: Pelipper|52/100
|-enditem|p1b: Primarina|Throat Spray
|-boost|p1b: Primarina|spa|1|[from] item: Throat Spray
|
|-weather|RainDance|[upkeep]
|upkeep
|turn|3
|
|t:|1756557882
|move|p1a: Indeedee|Follow Me|p1a: Indeedee
|-singleturn|p1a: Indeedee|move: Follow Me
|move|p2a: Amoonguss|Pollen Puff|p1a: Indeedee
|-supereffective|p1a: Indeedee
|-damage|p1a: Indeedee|68/100
|move|p1b: Primarina|Hyper Voice|p2b: Pelipper|[spread] p2a,p2b
|-resisted|p2a: Amoonguss
|-resisted|p2b: Pelipper
|-damage|p2a: Amoonguss|41/100
|-damage|p2b: Pelipper|0 fnt
|faint|p2b: Pelipper
|
|-weather|RainDance|[upkeep]
|upkeep
|-message|maish forfeited.
|
|win|NicoViBrittania
|raw|NicoViBrittania's rating: 1248 → 1267(+19 for winning)
|raw|maish's rating: 1161 → 1142(-19 for losing)
