|j|☆mjs_12
|j|☆Dawsonschris
|html|mjs_12Dawsonschris    
|uhtml|bestof|Game 1 of a best-of-3
|t:|1756435940
|gametype|doubles
|player|p1|mjs_12|2|1064
|player|p2|Dawsonschris|artist-gen4|1088
|gen|9
|tier|[Gen 9] VGC 2025 Reg H (Bo3)
|rated|
|rule|Species Clause: Limit one of each Pokémon
|rule|Item Clause: Limit 1 of each item
|clearpoke
|poke|p1|Tyranitar, L50, F|
|poke|p1|Kommo-o, L50, F|
|poke|p1|Sinistcha, L50|
|poke|p1|Talonflame, L50, M|
|poke|p1|Annihilape, L50, F|
|poke|p1|Ursaluna-Bloodmoon, L50, M|
|poke|p2|Ursaluna-Bloodmoon, L50, M|
|poke|p2|Electabuzz, L50, M|
|poke|p2|Sneasler, L50, M|
|poke|p2|Indeedee, L50, M|
|poke|p2|Incineroar, L50, M|
|poke|p2|Talonflame, L50, F|
|teampreview|4
|showteam|p1|Tyranitar||AssaultVest|SandStream|RockSlide,KnockOff,HeavySlam,Snarl|||F|||50|,,,,,Ghost]Kommo-o||ThroatSpray|Overcoat|ClangorousSoul,ClangingScales,AuraSphere,Protect|||F|||50|,,,,,Fire]Sinistcha||RockyHelmet|Hospitality|StrengthSap,RagePowder,MatchaGotcha,Protect||||||50|,,,,,Dark]Talonflame||MentalHerb|GaleWings|Tailwind,BraveBird,FlareBlitz,FlameCharge|||M|||50|,,,,,Ghost]Annihilape||ChoiceScarf|Defiant|FinalGambit,Coaching,RageFist,Uturn|||F|||50|,,,,,Fire]Ursaluna-Bloodmoon||CovertCloak|MindsEye|HyperVoice,BloodMoon,EarthPower,Protect|||M|||50|,,,,,Normal
|showteam|p2|Ursaluna-Bloodmoon||LifeOrb|MindsEye|Protect,BloodMoon,EarthPower,HyperVoice|||M|||50|,,,,,Normal]Electabuzz||Eviolite|VitalSpirit|FollowMe,Taunt,Electroweb,Protect|||M|||50|,,,,,Dragon]Sneasler||PsychicSeed|Unburden|ThroatChop,DireClaw,CloseCombat,Protect|||M|||50|,,,,,Dark]Indeedee||FocusSash|PsychicSurge|ExpandingForce,TrickRoom,HelpingHand,Protect|||M|||50|,,,,,Psychic]Incineroar||SafetyGoggles|Intimidate|FakeOut,KnockOff,PartingShot,FlareBlitz|||M|||50|,,,,,Dragon]Talonflame||CovertCloak|GaleWings|FlareBlitz,DualWingbeat,WillOWisp,Tailwind|||F|||50|,,,,,Fairy
|inactive|Battle timer is ON: inactive players will automatically lose when time's up. (requested by mjs_12)
|
|t:|1756435976
|teamsize|p1|4
|teamsize|p2|4
|start
|switch|p1a: Annihilape|Annihilape, L50, F|100/100
|switch|p1b: Kommo-o|Kommo-o, L50, F|100/100
|switch|p2a: Electabuzz|Electabuzz, L50, M|100/100
|switch|p2b: Ursaluna|Ursaluna-Bloodmoon, L50, M|100/100
|turn|1
|inactive|Dawsonschris has 30 seconds left.
|
|t:|1756436002
|move|p2a: Electabuzz|Follow Me|p2a: Electabuzz
|-singleturn|p2a: Electabuzz|move: Follow Me
|move|p1a: Annihilape|Final Gambit|p2a: Electabuzz
|-damage|p2a: Electabuzz|0 fnt
|faint|p1a: Annihilape
|faint|p2a: Electabuzz
|move|p1b: Kommo-o|Clangorous Soul|p1b: Kommo-o
|-boost|p1b: Kommo-o|atk|1
|-boost|p1b: Kommo-o|def|1
|-boost|p1b: Kommo-o|spa|1
|-boost|p1b: Kommo-o|spd|1
|-boost|p1b: Kommo-o|spe|1
|-damage|p1b: Kommo-o|68/100
|-enditem|p1b: Kommo-o|Throat Spray
|-boost|p1b: Kommo-o|spa|1|[from] item: Throat Spray
|move|p2b: Ursaluna|Hyper Voice|p1b: Kommo-o
|-damage|p1b: Kommo-o|22/100
|-damage|p2b: Ursaluna|91/100|[from] item: Life Orb
|
|upkeep
|
|t:|1756436019
|switch|p2a: Indeedee|Indeedee, L50, M|100/100
|switch|p1a: Sinistcha|Sinistcha, L50|100/100
|-fieldstart|move: Psychic Terrain|[from] ability: Psychic Surge|[of] p2a: Indeedee
|-heal|p1b: Kommo-o|46/100|[from] ability: Hospitality|[of] p1a: Sinistcha
|turn|2
|inactive|Dawsonschris has 30 seconds left.
|
|t:|1756436049
|switch|p1a: Tyranitar|Tyranitar, L50, F|100/100
|-weather|Sandstorm|[from] ability: Sand Stream|[of] p1a: Tyranitar
|-terastallize|p1b: Kommo-o|Fire
|-terastallize|p2a: Indeedee|Psychic
|move|p2b: Ursaluna|Protect|p2b: Ursaluna
|-singleturn|p2b: Ursaluna|Protect
|move|p1b: Kommo-o|Aura Sphere|p2b: Ursaluna
|-activate|p2b: Ursaluna|move: Protect
|move|p2a: Indeedee|Expanding Force|p1a: Tyranitar|[spread] p1b
|-immune|p1a: Tyranitar
|-damage|p1b: Kommo-o|0 fnt
|faint|p1b: Kommo-o
|
|-weather|Sandstorm|[upkeep]
|-damage|p2a: Indeedee|95/100|[from] Sandstorm
|upkeep
|
|t:|1756436063
|switch|p1b: Sinistcha|Sinistcha, L50|100/100
|turn|3
|
|t:|1756436087
|move|p2a: Indeedee|Expanding Force|p1a: Tyranitar|[spread] p1b
|-immune|p1a: Tyranitar
|-damage|p1b: Sinistcha|12/100
|move|p1b: Sinistcha|Matcha Gotcha|p2a: Indeedee|[spread] p2a,p2b
|-supereffective|p2b: Ursaluna
|-damage|p2a: Indeedee|55/100
|-heal|p1b: Sinistcha|27/100|[from] drain|[of] p2a: Indeedee
|-damage|p2b: Ursaluna|18/100
|-heal|p1b: Sinistcha|66/100|[from] drain|[of] p2b: Ursaluna
|move|p2b: Ursaluna|Hyper Voice|p1a: Tyranitar|[spread] p1a,p1b
|-resisted|p1a: Tyranitar
|-damage|p1a: Tyranitar|91/100
|-damage|p1b: Sinistcha|0 fnt
|faint|p1b: Sinistcha
|-damage|p2b: Ursaluna|8/100|[from] item: Life Orb
|move|p1a: Tyranitar|Snarl|p2b: Ursaluna|[spread] p2a,p2b
|-supereffective|p2a: Indeedee
|-damage|p2a: Indeedee|23/100
|-damage|p2b: Ursaluna|0 fnt
|-unboost|p2a: Indeedee|spa|1
|faint|p2b: Ursaluna
|
|-weather|Sandstorm|[upkeep]
|-damage|p2a: Indeedee|17/100|[from] Sandstorm
|upkeep
|
|t:|1756436109
|switch|p2b: Sneasler|Sneasler, L50, M|100/100
|-enditem|p2b: Sneasler|Psychic Seed
|-boost|p2b: Sneasler|spd|1|[from] item: Psychic Seed
|turn|4
|
|t:|1756436116
|move|p2a: Indeedee|Helping Hand|p2b: Sneasler
|-singleturn|p2b: Sneasler|Helping Hand|[of] p2a: Indeedee
|move|p2b: Sneasler|Close Combat|p1a: Tyranitar
|-supereffective|p1a: Tyranitar
|-damage|p1a: Tyranitar|0 fnt
|-unboost|p2b: Sneasler|def|1
|-unboost|p2b: Sneasler|spd|1
|faint|p1a: Tyranitar
|
|win|Dawsonschris
||mjs_12 is ready for game 2.
