|j|☆Oguri_sora
|j|☆loveforvgctest
|html|Oguri_soraloveforvgctest    
|uhtml|bestof|Game 1 of a best-of-3
|t:|1757768539
|gametype|doubles
|player|p1|Oguri_sora|1|1181
|player|p2|loveforvgctest|ghetsis|1224
|gen|9
|tier|[Gen 9] VGC 2025 Reg H (Bo3)
|rated|
|rule|Species Clause: Limit one of each Pokémon
|rule|Item Clause: Limit 1 of each item
|clearpoke
|poke|p1|Sneasler, L50, F|
|poke|p1|Indeedee, L50, M|
|poke|p1|Excadrill, L50, F|
|poke|p1|Corviknight, L50, F|
|poke|p1|Tyranitar, L50, F|
|poke|p1|Magmar, L50, F|
|poke|p2|Garchomp, L50, F|
|poke|p2|Tyranitar, L50, F|
|poke|p2|Talonflame, L50, M|
|poke|p2|Gholdengo, L50|
|poke|p2|Milotic, L50, F|
|poke|p2|Amoonguss, L50, F|
|teampreview|4
|showteam|p1|Sneasler||WhiteHerb|Unburden|CloseCombat,DireClaw,Coaching,FakeOut|||F|||50|,,,,,Flying]Indeedee||ChoiceScarf|PsychicSurge|ExpandingForce,TeraBlast,Trick,Protect|||M|||50|,,,,,Psychic]Excadrill||FocusSash|SandRush|Earthquake,IronHead,SwordsDance,Protect|||F|||50|,,,,,Ground]Corviknight||PsychicSeed|MirrorArmor|BraveBird,PowerTrip,BulkUp,Roost|||F|||50|,,,,,Water]Tyranitar||AssaultVest|SandStream|RockSlide,KnockOff,LowKick,TeraBlast|||F|||50|,,,,,Flying]Magmar||Eviolite|VitalSpirit|HeatWave,FollowMe,HelpingHand,Protect|||F|||50|,,,,,Flying
|showteam|p2|Garchomp||BrightPowder|SandVeil|Earthquake,DragonClaw,SwordsDance,Protect|||F|||50|,,,,,Steel]Tyranitar||AssaultVest|SandStream|RockSlide,KnockOff,TeraBlast,LowKick|||F|||50|,,,,,Flying]Talonflame||CovertCloak|GaleWings|DualWingbeat,Tailwind,WillOWisp,Taunt|||M|||50|,,,,,Grass]Gholdengo||MetalCoat|GoodasGold|MakeItRain,ShadowBall,NastyPlot,Protect||||||50|,,,,,Water]Milotic||SafetyGoggles|Competitive|Scald,IceBeam,Haze,Protect|||F|||50|,,,,,Dragon]Amoonguss||SitrusBerry|Regenerator|PollenPuff,RagePowder,Spore,Protect|||F|||50|,,,,,Water
|inactive|Battle timer is ON: inactive players will automatically lose when time's up. (requested by loveforvgctest)
|
|t:|1757768579
|teamsize|p1|4
|teamsize|p2|4
|start
|switch|p1a: Excadrill|Excadrill, L50, F, shiny|100/100
|switch|p1b: Tyranitar|Tyranitar, L50, F, shiny|100/100
|switch|p2a: Garchomp|Garchomp, L50, F|100/100
|switch|p2b: Talonflame|Talonflame, L50, M|100/100
|-weather|Sandstorm|[from] ability: Sand Stream|[of] p1b: Tyranitar
|turn|1
|inactive|loveforvgctest has 30 seconds left.
|
|t:|1757768610
|-terastallize|p1b: Tyranitar|Flying
|move|p1a: Excadrill|Protect|p1a: Excadrill
|-singleturn|p1a: Excadrill|Protect
|move|p2b: Talonflame|Tailwind|p2b: Talonflame
|-sidestart|p2: loveforvgctest|move: Tailwind
|move|p2a: Garchomp|Swords Dance|p2a: Garchomp
|-boost|p2a: Garchomp|atk|2
|move|p1b: Tyranitar|Rock Slide|p2a: Garchomp|[spread] p2a,p2b
|-resisted|p2a: Garchomp
|-supereffective|p2b: Talonflame
|-damage|p2a: Garchomp|83/100
|-damage|p2b: Talonflame|0 fnt
|faint|p2b: Talonflame
|
|-weather|Sandstorm|[upkeep]
|-damage|p1b: Tyranitar|95/100|[from] Sandstorm
|upkeep
|
|t:|1757768620
|switch|p2b: Tyranitar|Tyranitar, L50, F|100/100
|turn|2
|
|t:|1757768634
|-terastallize|p2b: Tyranitar|Flying
|move|p2a: Garchomp|Dragon Claw|p1b: Tyranitar
|-damage|p1b: Tyranitar|26/100
|move|p1a: Excadrill|Earthquake|p2b: Tyranitar|[spread] p2a
|-immune|p1b: Tyranitar
|-immune|p2b: Tyranitar
|-damage|p2a: Garchomp|39/100
|move|p2b: Tyranitar|Rock Slide|p1b: Tyranitar|[spread] p1a,p1b
|-resisted|p1a: Excadrill
|-supereffective|p1b: Tyranitar
|-damage|p1a: Excadrill|89/100
|-damage|p1b: Tyranitar|0 fnt
|faint|p1b: Tyranitar
|
|-weather|Sandstorm|[upkeep]
|-damage|p2b: Tyranitar|95/100|[from] Sandstorm
|upkeep
|
|t:|1757768647
|switch|p1b: Sneasler|Sneasler, L50, F, shiny|100/100
|turn|3
|
|t:|1757768664
|move|p1b: Sneasler|Fake Out|p2b: Tyranitar
|-damage|p2b: Tyranitar|82/100
|move|p2a: Garchomp|Earthquake|p1b: Sneasler|[spread] p1a,p1b
|-immune|p2b: Tyranitar
|-supereffective|p1a: Excadrill
|-supereffective|p1b: Sneasler
|-damage|p1a: Excadrill|0 fnt
|-damage|p1b: Sneasler|0 fnt
|faint|p1a: Excadrill
|faint|p1b: Sneasler
|cant|p2b: Tyranitar|flinch
|
|-weather|Sandstorm|[upkeep]
|-damage|p2b: Tyranitar|76/100|[from] Sandstorm
|upkeep
|-message|Oguri_sora forfeited.
|
|win|loveforvgctest
||loveforvgctest is ready for game 2.
||Oguri_sora is ready for game 2.
|uhtml|next|Next: Game 2 of 3
|l|☆Oguri_sora
|player|p1|
|l|☆loveforvgctest
|player|p2|
