|j|☆Sizzle2466
|j|☆tmjp01
|html|Sizzle2466tmjp01    
|uhtml|bestof|Game 3 of a best-of-3
|t:|1782253697
|gametype|doubles
|player|p1|Sizzle2466|2|1152
|player|p2|tmjp01|102|1173
|gen|9
|tier|[Gen 9 Champions] VGC 2026 Reg M-B (Bo3)
|rated|
|rule|Species Clause: Limit one of each Pokémon
|rule|Item Clause: Limit 1 of each item
|clearpoke
|poke|p1|Scrafty, L50, M|
|poke|p1|Reuniclus, L50, F|
|poke|p1|Gholdengo, L50|
|poke|p1|Sylveon, L50, F|
|poke|p1|Pidgeot, L50, F|
|poke|p1|Garchomp, L50, F|
|poke|p2|Corviknight, L50, F|
|poke|p2|Tyranitar, L50, F|
|poke|p2|Hydreigon, L50, M|
|poke|p2|Froslass, L50, F|
|poke|p2|Garchomp, L50, M|
|poke|p2|Arcanine-Hisui, L50, F|
|teampreview|4
|showteam|p1|Scrafty||Scraftinite|Intimidate|FakeOut,KnockOff,CloseCombat,Protect|Brave||M|||50|]Reuniclus||LifeOrb|MagicGuard|Psychic,Recover,TrickRoom,Protect|Quiet||F|||50|]Gholdengo||Leftovers|GoodasGold|NastyPlot,MakeItRain,ShadowBall,Protect|Modest|||||50|]Sylveon||FairyFeather|Pixilate|HyperVoice,Moonblast,Substitute,Protect|Modest||F|||50|]Pidgeot||Pidgeotite|KeenEye|Hurricane,HeatWave,Tailwind,Protect|Timid||F|||50|]Garchomp||SitrusBerry|RoughSkin|DragonClaw,StompingTantrum,RockSlide,Protect|Adamant||F|||50|
|showteam|p2|Corviknight||OccaBerry|MirrorArmor|BraveBird,Protect,IronHead,Tailwind|Adamant||F|||50|]Tyranitar||Tyranitarite|SandStream|Protect,KnockOff,RockSlide,DragonDance|Adamant||F|||50|]Hydreigon||ChoiceScarf|Levitate|DarkPulse,DracoMeteor,EarthPower,ZenHeadbutt|Timid||M|||50|]Froslass||Froslassite|SnowCloak|Blizzard,Protect,ShadowBall,WeatherBall|Timid||F|||50|]Garchomp||LifeOrb|RoughSkin|Protect,DragonClaw,RockSlide,Earthquake|Jolly||M|||50|]Arcanine-Hisui||FocusSash|RockHead|Protect,HeadSmash,ExtremeSpeed,FlareBlitz|Adamant||F|||50|
|
|t:|1782253769
|teamsize|p1|4
|teamsize|p2|4
|start
|switch|p1a: Reuniclus|Reuniclus, L50, F|100/100
|switch|p1b: Scrafty|Scrafty, L50, M|100/100
|switch|p2a: Corviknight|Corviknight, L50, F|100/100
|switch|p2b: Froslass|Froslass, L50, F|100/100
|-ability|p1b: Scrafty|Intimidate|boost
|-ability|p2a: Corviknight|Mirror Armor
|-unboost|p1b: Scrafty|atk|1
|-unboost|p2b: Froslass|atk|1
|turn|1
|inactive|Battle timer is ON: inactive players will automatically lose when time's up. (requested by tmjp01)
|
|t:|1782253791
|detailschange|p2b: Froslass|Froslass-Mega, L50, F
|-mega|p2b: Froslass|Froslass|Froslassite
|-weather|Snowscape|[from] ability: Snow Warning|[of] p2b: Froslass
|move|p2b: Froslass|Blizzard|p1a: Reuniclus|[spread] p1a,p1b
|-damage|p1a: Reuniclus|61/100
|-damage|p1b: Scrafty|62/100
|move|p2a: Corviknight|Brave Bird|p1b: Scrafty
|-supereffective|p1b: Scrafty|1
|-damage|p1b: Scrafty|0 fnt
|faint|p1b: Scrafty
|-damage|p2a: Corviknight|82/100|[from] Recoil
|move|p1a: Reuniclus|Psychic|p2b: Froslass
|-damage|p2b: Froslass|28/100
|
|-weather|Snowscape|[upkeep]
|upkeep
|
|t:|1782253806
|switch|p1b: Sylveon|Sylveon, L50, F|100/100
|turn|2
|inactive|tmjp01 has 30 seconds left.
|
|t:|1782253838
|switch|p1a: Garchomp|Garchomp, L50, F|100/100
|move|p2b: Froslass|Shadow Ball|p1a: Garchomp
|-damage|p1a: Garchomp|56/100
|move|p2a: Corviknight|Iron Head|p1b: Sylveon
|-supereffective|p1b: Sylveon|1
|-damage|p1b: Sylveon|43/100
|move|p1b: Sylveon|Hyper Voice|p2b: Froslass|[spread] p2a,p2b
|-resisted|p2a: Corviknight|1
|-damage|p2a: Corviknight|63/100
|-damage|p2b: Froslass|0 fnt
|faint|p2b: Froslass
|
|-weather|Snowscape|[upkeep]
|upkeep
|
|t:|1782253855
|switch|p2b: Garchomp|Garchomp, L50, M|100/100
|turn|3
|
|t:|1782253866
|move|p1a: Garchomp|Protect|p1a: Garchomp
|-singleturn|p1a: Garchomp|Protect
|move|p2b: Garchomp|Dragon Claw|p1a: Garchomp
|-activate|p1a: Garchomp|move: Protect
|move|p2a: Corviknight|Iron Head|p1b: Sylveon
|-supereffective|p1b: Sylveon|1
|-damage|p1b: Sylveon|0 fnt
|faint|p1b: Sylveon
|
|-weather|Snowscape|[upkeep]
|upkeep
|-message|Sizzle2466 forfeited.
|
|win|tmjp01
|raw|Sizzle2466's rating: 1152 → 1129(-23 for losing)
|raw|tmjp01's rating: 1173 → 1196(+23 for winning)
|l|☆Sizzle2466
|player|p1|
