|j|☆Sincubii
|j|☆ShabazXVGC
|html|SincubiiShabazXVGC    
|uhtml|bestof|Game 1 of a best-of-3
|t:|1756905940
|gametype|doubles
|player|p1|Sincubii|palmer|1036
|player|p2|ShabazXVGC|marlon|1108
|gen|9
|tier|[Gen 9] VGC 2025 Reg H (Bo3)
|rated|
|rule|Species Clause: Limit one of each Pokémon
|rule|Item Clause: Limit 1 of each item
|clearpoke
|poke|p1|Weavile, L50, M|
|poke|p1|Rillaboom, L50, M|
|poke|p1|Magnezone, L50|
|poke|p1|Dragonite, L50, F|
|poke|p1|Infernape, L50, M|
|poke|p1|Primarina, L50, M|
|poke|p2|Rillaboom, L50, M|
|poke|p2|Incineroar, L50, M|
|poke|p2|Weezing-Galar, L50, M|
|poke|p2|Dragapult, L50, F|
|poke|p2|Kingambit, L50, M|
|poke|p2|Porygon2, L50|
|teampreview|4
|showteam|p1|Weavile||LifeOrb|Pressure|IceSpinner,FakeOut,KnockOff,Protect|||M|||50|,,,,,Ghost]Rillaboom||MiracleSeed|GrassySurge|FakeOut,GrassyGlide,WoodHammer,Protect|||M|||50|,,,,,Grass]Magnezone||AssaultVest|Analytic|VoltSwitch,Electroweb,Thunderbolt,FlashCannon||||||50|,,,,,Grass]Dragonite||LoadedDice|Multiscale|Protect,ScaleShot,Tailwind,Haze|||F|||50|,,,,,Fairy]Infernape||FocusSash|Blaze|HeatWave,AuraSphere,NastyPlot,Protect|||M|||50|,,,,,Fire]Primarina||ThroatSpray|LiquidVoice|HyperVoice,Moonblast,Protect,CalmMind|||M|||50|,,,,,Steel
|showteam|p2|Rillaboom||GrassySeed|GrassySurge|FakeOut,HighHorsepower,GrassyGlide,WoodHammer|||M|||50|,,,,,Fire]Incineroar||AssaultVest|Intimidate|FlareBlitz,KnockOff,Uturn,FakeOut|||M|||50|,,,,,Ghost]Weezing-Galar||SitrusBerry|NeutralizingGas|Protect,PoisonGas,SludgeBomb,DazzlingGleam|||M|||50|,,,,,Water]Dragapult||LifeOrb|ClearBody|DragonDarts,PhantomForce,Uturn,Protect|||F|||50|,,,,,Dragon]Kingambit||SafetyGoggles|Defiant|SuckerPunch,KowtowCleave,Protect,SwordsDance|||M|||50|,,,,,Dragon]Porygon2||Eviolite|Download|TeraBlast,IceBeam,TrickRoom,Recover||||||50|,,,,,Poison
|inactive|Battle timer is ON: inactive players will automatically lose when time's up. (requested by ShabazXVGC)
|
|t:|1756906003
|teamsize|p1|4
|teamsize|p2|4
|start
|switch|p1a: Mr. Cool|Weavile, L50, M|100/100
|switch|p1b: Big Boss|Dragonite, L50, F, shiny|100/100
|switch|p2a: Caesar|Weezing-Galar, L50, M|100/100
|switch|p2b: Ace|Incineroar, L50, M|100/100
|-ability|p2a: Caesar|Neutralizing Gas
|turn|1
|inactive|ShabazXVGC has 30 seconds left.
|inactive|ShabazXVGC has 20 seconds left.
|
|t:|1756906041
|switch|p1a: Mr. Electro|Magnezone, L50|100/100
|move|p2b: Ace|Knock Off|p1b: Big Boss
|-damage|p1b: Big Boss|55/100
|-enditem|p1b: Big Boss|Loaded Dice|[from] move: Knock Off|[of] p2b: Ace
|move|p1b: Big Boss|Scale Shot|p2b: Ace
|-damage|p2b: Ace|86/100
|-damage|p2b: Ace|70/100
|-crit|p2b: Ace
|-damage|p2b: Ace|48/100
|-hitcount|p2b: Ace|3
|-unboost|p1b: Big Boss|def|1
|-boost|p1b: Big Boss|spe|1
|move|p2a: Caesar|Poison Gas|p1a: Mr. Electro|[spread] p1b
|-miss|p2a: Caesar|p1a: Mr. Electro
|-status|p1b: Big Boss|psn
|
|-damage|p1b: Big Boss|43/100 psn|[from] psn
|upkeep
|turn|2
|inactive|Sincubii has 30 seconds left.
|inactive|ShabazXVGC has 30 seconds left.
|
|t:|1756906076
|move|p2a: Caesar|Protect|p2a: Caesar
|-singleturn|p2a: Caesar|Protect
|move|p1b: Big Boss|Scale Shot|p2b: Ace
|-damage|p2b: Ace|31/100
|-damage|p2b: Ace|17/100
|-hitcount|p2b: Ace|2
|-unboost|p1b: Big Boss|def|1
|-boost|p1b: Big Boss|spe|1
|move|p2b: Ace|Flare Blitz|p1a: Mr. Electro
|-supereffective|p1a: Mr. Electro
|-damage|p1a: Mr. Electro|6/100
|-status|p1a: Mr. Electro|brn
|-damage|p2b: Ace|0 fnt|[from] Recoil
|faint|p2b: Ace
|move|p1a: Mr. Electro|Flash Cannon|p2a: Caesar
|-activate|p2a: Caesar|move: Protect
|
|-damage|p1b: Big Boss|31/100 psn|[from] psn
|-damage|p1a: Mr. Electro|0 fnt|[from] brn
|faint|p1a: Mr. Electro
|upkeep
|
|t:|1756906096
|switch|p2b: Liberation|Rillaboom, L50, M, shiny|100/100
|switch|p1a: Furnace God|Infernape, L50, M|100/100
|turn|3
|
|t:|1756906109
|move|p1b: Big Boss|Protect|p1b: Big Boss
|-singleturn|p1b: Big Boss|Protect
|move|p1a: Furnace God|Protect|p1a: Furnace God
|-singleturn|p1a: Furnace God|Protect
|move|p2b: Liberation|Fake Out|p1b: Big Boss
|-activate|p1b: Big Boss|move: Protect
|move|p2a: Caesar|Poison Gas|p1a: Furnace God|[spread] 
|-activate|p1a: Furnace God|move: Protect
|-activate|p1b: Big Boss|move: Protect
|
|-damage|p1b: Big Boss|19/100 psn|[from] psn
|upkeep
|turn|4
|
|t:|1756906133
|-terastallize|p2b: Liberation|Fire
|move|p1b: Big Boss|Scale Shot|p2b: Liberation
|-damage|p2b: Liberation|83/100
|-damage|p2b: Liberation|66/100
|-damage|p2b: Liberation|50/100
|-hitcount|p2b: Liberation|3
|-unboost|p1b: Big Boss|def|1
|-boost|p1b: Big Boss|spe|1
|move|p1a: Furnace God|Nasty Plot|p1a: Furnace God
|-boost|p1a: Furnace God|spa|2
|move|p2b: Liberation|High Horsepower|p1a: Furnace God
|-supereffective|p1a: Furnace God
|-crit|p1a: Furnace God
|-enditem|p1a: Furnace God|Focus Sash
|-damage|p1a: Furnace God|1/100
|move|p2a: Caesar|Dazzling Gleam|p1b: Big Boss|[spread] p1a,p1b
|-supereffective|p1b: Big Boss
|-damage|p1a: Furnace God|0 fnt
|-damage|p1b: Big Boss|0 fnt
|faint|p1a: Furnace God
|faint|p1b: Big Boss
|
|upkeep
|-message|Sincubii forfeited.
|
|win|ShabazXVGC
|l|☆Sincubii
|player|p1|
||Sincubii is ready for game 2.
