|j|☆Northgdh
|j|☆lowladdertanker
|html|Northgdhlowladdertanker    
|uhtml|bestof|Game 1 of a best-of-3
|t:|1784323036
|gametype|doubles
|player|p1|Northgdh|101|1260
|player|p2|lowladdertanker|2|1384
|gen|9
|tier|[Gen 9 Champions] VGC 2026 Reg M-B (Bo3)
|rated|
|rule|Species Clause: Limit one of each Pokémon
|rule|Item Clause: Limit 1 of each item
|clearpoke
|poke|p1|Incineroar, L50, M, shiny|
|poke|p1|Delphox, L50, F, shiny|
|poke|p1|Sinistcha, L50|
|poke|p1|Kingambit, L50, M, shiny|
|poke|p1|Blastoise, L50, M, shiny|
|poke|p1|Sneasler, L50, M|
|poke|p2|Camerupt, L50, M|
|poke|p2|Farigiraf, L50, F|
|poke|p2|Incineroar, L50, F|
|poke|p2|Vivillon, L50, F|
|poke|p2|Kingambit, L50, M|
|poke|p2|Blastoise, L50, F|
|teampreview|4
|showteam|p1|Incineroar||SitrusBerry|Intimidate|FlareBlitz,FakeOut,HelpingHand,PartingShot|Impish||M|||50|]Delphox||Delphoxite|Blaze|HeatWave,Psychic,NastyPlot,Protect|Timid||F|||50|]Sinistcha||KasibBerry|Hospitality|MatchaGotcha,RagePowder,LifeDew,Protect|Bold|||||50|]Kingambit||LifeOrb|Defiant|KowtowCleave,SuckerPunch,SwordsDance,Protect|Adamant||M|||50|]Blastoise||Blastoisinite|RainDish|WaterSpout,DarkPulse,ShellSmash,Protect|Modest||M|||50|]Sneasler||FocusSash|PoisonTouch|CloseCombat,PoisonJab,FakeOut,QuickGuard|Jolly||M|||50|
|showteam|p2|Camerupt||Cameruptite|SolidRock|EarthPower,HeatWave,AncientPower,Protect|Quiet||M|||50|]Farigiraf||SitrusBerry|ArmorTail|Psychic,HelpingHand,TrickRoom,Protect|Sassy||F|||50|]Incineroar||WhiteHerb|Intimidate|FakeOut,FlareBlitz,DarkestLariat,CloseCombat|Adamant||F|||50|]Vivillon||ChoiceScarf|CompoundEyes|Hurricane,SleepPowder,RagePowder,RainDance|Timid||F|||50|]Kingambit||BlackGlasses|Defiant|KowtowCleave,SuckerPunch,SwordsDance,IronHead|Brave||M|||50|]Blastoise||Blastoisinite|Torrent|WaterSpout,FakeOut,DarkPulse,ShellSmash|Modest||F|||50|
|inactive|Battle timer is ON: inactive players will automatically lose when time's up. (requested by lowladdertanker)
|inactive|Northgdh also wants the timer to be on.
|inactive|Northgdh has 60 seconds left.
|
|t:|1784323083
|teamsize|p1|4
|teamsize|p2|4
|start
|switch|p1a: purple|Delphox, L50, F, shiny|100/100
|switch|p1b: the cure|Sinistcha, L50|100/100
|switch|p2a: Incineroar|Incineroar, L50, F|100/100
|switch|p2b: Farigiraf|Farigiraf, L50, F|100/100
|-ability|p2a: Incineroar|Intimidate|boost
|-unboost|p1a: purple|atk|1
|-unboost|p1b: the cure|atk|1
|turn|1
|
|t:|1784323097
|switch|p1b: stupid song|Incineroar, L50, M, shiny|100/100
|-ability|p1b: stupid song|Intimidate|boost
|-unboost|p2a: Incineroar|atk|1
|-unboost|p2b: Farigiraf|atk|1
|-enditem|p2a: Incineroar|White Herb
|-clearnegativeboost|p2a: Incineroar|[silent]
|detailschange|p1a: purple|Delphox-Mega, L50, F, shiny
|-mega|p1a: purple|Delphox|Delphoxite
|move|p1a: purple|Nasty Plot|p1a: purple
|-boost|p1a: purple|spa|2
|move|p2a: Incineroar|Darkest Lariat|p1a: purple
|-supereffective|p1a: purple|1
|-crit|p1a: purple
|-damage|p1a: purple|0 fnt
|faint|p1a: purple
|move|p2b: Farigiraf|Trick Room|p2b: Farigiraf
|-fieldstart|move: Trick Room|[of] p2b: Farigiraf
|
|upkeep
|c|☆Northgdh|Realized too late
|
|t:|1784323113
|switch|p1a: drop dead|Kingambit, L50, M, shiny|100/100
|turn|2
|-message|Northgdh forfeited.
|
|win|lowladdertanker
