|j|☆milkandcereals
|j|☆WHERE IS MY WALLET
|html|milkandcerealsWHERE IS MY WALLET    
|uhtml|bestof|Game 1 of a best-of-3
|t:|1756644789
|gametype|doubles
|player|p1|milkandcereals|blue|1112
|player|p2|WHERE IS MY WALLET|miku-fire|1126
|gen|9
|tier|[Gen 9] VGC 2025 Reg H (Bo3)
|rated|
|rule|Species Clause: Limit one of each Pokémon
|rule|Item Clause: Limit 1 of each item
|clearpoke
|poke|p1|Porygon2, L50|
|poke|p1|Rillaboom, L50, F|
|poke|p1|Ursaluna, L50, M|
|poke|p1|Jumpluff, L50, F|
|poke|p1|Charizard, L50, F|
|poke|p1|Torkoal, L50, M|
|poke|p2|Dondozo, L50, M|
|poke|p2|Glimmora, L50, F|
|poke|p2|Ninetales-Alola, L50, F|
|poke|p2|Tatsugiri, L50, F|
|poke|p2|Annihilape, L50, F|
|poke|p2|Incineroar, L50, M|
|teampreview|4
|showteam|p1|Porygon2||Eviolite|Download|TeraBlast,IceBeam,TrickRoom,Recover||||||50|,,,,,Fighting]Rillaboom||AssaultVest|GrassySurge|FakeOut,GrassyGlide,WoodHammer,HighHorsepower|||F|||50|,,,,,Water]Ursaluna||FlameOrb|Guts|Protect,Facade,Earthquake,HeadlongRush|||M|||50|,,,,,Ghost]Jumpluff||CovertCloak|Chlorophyll|SleepPowder,SunnyDay,Tailwind,RagePowder|||F|||50|,,,,,Fire]Charizard||ChoiceSpecs|SolarPower|HeatWave,Overheat,WeatherBall,DragonPulse|||F|||50|,,,,,Ghost]Torkoal||EjectPack|Drought|Overheat,Eruption,HelpingHand,Protect|||M|||50|,,,,,Fire
|showteam|p2|Dondozo||Leftovers|Unaware|OrderUp,Earthquake,Substitute,Protect|||M|||50|,,,,,Dragon]Glimmora||AssaultVest|ToxicDebris|MortalSpin,PowerGem,EarthPower,SludgeBomb|||F|||50|,,,,,Grass]Ninetales-Alola||LightClay|SnowWarning|Blizzard,FreezeDry,Protect,AuroraVeil|||F|||50|,,,,,Fire]Tatsugiri||ChoiceScarf|Commander|MuddyWater,DracoMeteor,DragonPulse,IcyWind|||F|||50|,,,,,Stellar]Annihilape||FocusSash|Defiant|RageFist,CloseCombat,Coaching,Protect|||F|||50|,,,,,Stellar]Incineroar||SitrusBerry|Intimidate|FlareBlitz,KnockOff,FakeOut,Uturn|||M|||50|,,,,,Ghost
|inactive|Battle timer is ON: inactive players will automatically lose when time's up. (requested by milkandcereals)
|c|☆milkandcereals|glhf
|l|☆WHERE IS MY WALLET
|inactive|WHERE IS MY WALLET disconnected and has a minute to reconnect!
|player|p2|
|inactive|milkandcereals has 60 seconds left.
|j|☆WHERE IS MY WALLET
|inactive|WHERE IS MY WALLET reconnected and has 60 seconds left.
|player|p2|WHERE IS MY WALLET|miku-fire|
|inactive|milkandcereals has 30 seconds left.
|inactive|milkandcereals has 20 seconds left.
|j| PetFer
|inactive|milkandcereals has 15 seconds left.
|
|t:|1756644883
|teamsize|p1|4
|teamsize|p2|4
|start
|switch|p1a: Jumpluff|Jumpluff, L50, F|100/100
|switch|p1b: Torkoal|Torkoal, L50, M|100/100
|switch|p2a: Glimmora|Glimmora, L50, F|100/100
|switch|p2b: Dondozo|Dondozo, L50, M|100/100
|-weather|SunnyDay|[from] ability: Drought|[of] p1b: Torkoal
|turn|1
|l|☆WHERE IS MY WALLET
|inactive|WHERE IS MY WALLET disconnected and has a minute to reconnect!
|player|p2|
|inactive|milkandcereals has 30 seconds left.
|inactive|WHERE IS MY WALLET has 30 seconds left.
|j|☆WHERE IS MY WALLET
|inactive|WHERE IS MY WALLET reconnected and has 30 seconds left.
|player|p2|WHERE IS MY WALLET|miku-fire|
|inactive|milkandcereals has 20 seconds left.
|
|t:|1756644919
|move|p1a: Jumpluff|Tailwind|p1a: Jumpluff
|-sidestart|p1: milkandcereals|move: Tailwind
|move|p2a: Glimmora|Sludge Bomb|p1a: Jumpluff
|-supereffective|p1a: Jumpluff
|-damage|p1a: Jumpluff|4/100
|move|p1b: Torkoal|Overheat|p2a: Glimmora
|-resisted|p2a: Glimmora
|-damage|p2a: Glimmora|77/100
|-unboost|p1b: Torkoal|spa|2
|-enditem|p1b: Torkoal|Eject Pack
|
|t:|1756644932
|switch|p1b: Ursaluna|Ursaluna, L50, M|100/100
|move|p2b: Dondozo|Substitute|p2b: Dondozo
|-start|p2b: Dondozo|Substitute
|-damage|p2b: Dondozo|76/100
|
|-weather|SunnyDay|[upkeep]
|-heal|p2b: Dondozo|82/100|[from] item: Leftovers
|-status|p1b: Ursaluna|brn|[from] item: Flame Orb
|upkeep
|turn|2
|inactive|milkandcereals has 30 seconds left.
|inactive|WHERE IS MY WALLET has 30 seconds left.
|inactive|milkandcereals has 20 seconds left.
|inactive|milkandcereals has 15 seconds left.
|
|t:|1756644974
|move|p2b: Dondozo|Protect|p2b: Dondozo
|-singleturn|p2b: Dondozo|Protect
|move|p1a: Jumpluff|Sleep Powder|p2a: Glimmora
|-status|p2a: Glimmora|slp|[from] move: Sleep Powder
|move|p1b: Ursaluna|Earthquake|p2a: Glimmora|[spread] p2a
|-activate|p2b: Dondozo|move: Protect
|-immune|p1a: Jumpluff
|-supereffective|p2a: Glimmora
|-damage|p2a: Glimmora|0 fnt
|-activate|p2a: Glimmora|ability: Toxic Debris
|-sidestart|p1: milkandcereals|move: Toxic Spikes
|faint|p2a: Glimmora
|
|-weather|SunnyDay|[upkeep]
|-heal|p2b: Dondozo|88/100|[from] item: Leftovers
|-damage|p1b: Ursaluna|94/100 brn|[from] brn
|upkeep
|
|t:|1756644985
|switch|p2a: Tatsugiri|Tatsugiri, L50, F|100/100
|-activate|p2a: Tatsugiri|ability: Commander|[of] p2b: Dondozo
|-boost|p2b: Dondozo|atk|2
|-boost|p2b: Dondozo|spa|2
|-boost|p2b: Dondozo|spe|2
|-boost|p2b: Dondozo|def|2
|-boost|p2b: Dondozo|spd|2
|turn|3
|
|t:|1756644996
|switch|p1a: Porygon2|Porygon2, L50|100/100
|-status|p1a: Porygon2|psn
|-ability|p1a: Porygon2|Download|boost
|-boost|p1a: Porygon2|spa|1
|move|p1b: Ursaluna|Facade|p2b: Dondozo
|-end|p2b: Dondozo|Substitute
|move|p2b: Dondozo|Order Up|p1a: Porygon2
|-damage|p1a: Porygon2|74/100 psn
|-boost|p2b: Dondozo|atk|1
|
|-weather|SunnyDay|[upkeep]
|-heal|p2b: Dondozo|94/100|[from] item: Leftovers
|-damage|p1a: Porygon2|61/100 psn|[from] psn
|-damage|p1b: Ursaluna|88/100 brn|[from] brn
|upkeep
|turn|4
|inactive|milkandcereals has 30 seconds left.
|inactive|milkandcereals has 20 seconds left.
|
|t:|1756645035
|-terastallize|p2b: Dondozo|Dragon
|move|p1b: Ursaluna|Facade|p2b: Dondozo
|-damage|p2b: Dondozo|47/100
|move|p1a: Porygon2|Recover|p1a: Porygon2
|-heal|p1a: Porygon2|100/100 psn
|move|p2b: Dondozo|Order Up|p1a: Porygon2
|-damage|p1a: Porygon2|49/100 psn
|-boost|p2b: Dondozo|atk|1
|
|-weather|SunnyDay|[upkeep]
|-heal|p2b: Dondozo|53/100|[from] item: Leftovers
|-damage|p1a: Porygon2|36/100 psn|[from] psn
|-damage|p1b: Ursaluna|82/100 brn|[from] brn
|-sideend|p1: milkandcereals|move: Tailwind
|upkeep
|turn|5
|inactive|milkandcereals has 30 seconds left.
|inactive|milkandcereals has 20 seconds left.
|
|t:|1756645074
|move|p2b: Dondozo|Earthquake|p1b: Ursaluna|[spread] p1a,p1b
|-miss|p2b: Dondozo|p2a: Tatsugiri
|-damage|p1a: Porygon2|0 fnt
|-damage|p1b: Ursaluna|36/100 brn
|faint|p1a: Porygon2
|move|p1b: Ursaluna|Facade|p2b: Dondozo
|-damage|p2b: Dondozo|12/100
|
|-weather|none
|-heal|p2b: Dondozo|19/100|[from] item: Leftovers
|-damage|p1b: Ursaluna|29/100 brn|[from] brn
|upkeep
|
|t:|1756645085
|switch|p1a: Jumpluff|Jumpluff, L50, F|4/100
|turn|6
|
|t:|1756645110
|switch|p1b: Torkoal|Torkoal, L50, M|100/100
|-status|p1b: Torkoal|psn
|-weather|SunnyDay|[from] ability: Drought|[of] p1b: Torkoal
|move|p1a: Jumpluff|Tailwind|p1a: Jumpluff
|-sidestart|p1: milkandcereals|move: Tailwind
|move|p2b: Dondozo|Order Up|p1a: Jumpluff
|-damage|p1a: Jumpluff|0 fnt
|faint|p1a: Jumpluff
|-boost|p2b: Dondozo|atk|1
|
|-weather|SunnyDay|[upkeep]
|-heal|p2b: Dondozo|25/100|[from] item: Leftovers
|-damage|p1b: Torkoal|88/100 psn|[from] psn
|upkeep
|
|t:|1756645118
|switch|p1a: Ursaluna|Ursaluna, L50, M|29/100 brn
|turn|7
|inactive|milkandcereals has 30 seconds left.
|
|t:|1756645146
|move|p2b: Dondozo|Protect|p2b: Dondozo
|-singleturn|p2b: Dondozo|Protect
|move|p1a: Ursaluna|Facade|p2b: Dondozo
|-activate|p2b: Dondozo|move: Protect
|move|p1b: Torkoal|Eruption|p2a: Tatsugiri|[spread] 
|-miss|p1b: Torkoal|p2a: Tatsugiri
|-activate|p2b: Dondozo|move: Protect
|
|-weather|SunnyDay|[upkeep]
|-heal|p2b: Dondozo|31/100|[from] item: Leftovers
|-damage|p1b: Torkoal|76/100 psn|[from] psn
|-damage|p1a: Ursaluna|23/100 brn|[from] brn
|upkeep
|turn|8
|
|t:|1756645161
|move|p1a: Ursaluna|Facade|p2b: Dondozo
|-damage|p2b: Dondozo|0 fnt
|faint|p2b: Dondozo
|move|p1b: Torkoal|Overheat|p2a: Tatsugiri
|-resisted|p2a: Tatsugiri
|-damage|p2a: Tatsugiri|75/100
|-unboost|p1b: Torkoal|spa|2
|
|-weather|SunnyDay|[upkeep]
|-damage|p1b: Torkoal|64/100 psn|[from] psn
|-damage|p1a: Ursaluna|17/100 brn|[from] brn
|upkeep
|
|t:|1756645167
|switch|p2b: Ninetales|Ninetales-Alola, L50, F|100/100
|-weather|Snowscape|[from] ability: Snow Warning|[of] p2b: Ninetales
|turn|9
|inactive|milkandcereals has 30 seconds left.
|inactive|milkandcereals has 20 seconds left.
|inactive|milkandcereals has 15 seconds left.
|
|t:|1756645211
|move|p2b: Ninetales|Protect|p2b: Ninetales
|-singleturn|p2b: Ninetales|Protect
|move|p2a: Tatsugiri|Dragon Pulse|p1a: Ursaluna
|-damage|p1a: Ursaluna|0 fnt
|faint|p1a: Ursaluna
|move|p1b: Torkoal|Overheat|p2b: Ninetales
|-activate|p2b: Ninetales|move: Protect
|
|-weather|Snowscape|[upkeep]
|-damage|p1b: Torkoal|52/100 psn|[from] psn
|-sideend|p1: milkandcereals|move: Tailwind
|upkeep
|turn|10
|c|☆milkandcereals|wow scarf tatsu wasnt expecting that
|inactive|milkandcereals has 30 seconds left.
|inactive|milkandcereals has 20 seconds left.
|
|t:|1756645250
|-terastallize|p1b: Torkoal|Fire
|move|p2a: Tatsugiri|Dragon Pulse|p1b: Torkoal
|-damage|p1b: Torkoal|0 fnt
|faint|p1b: Torkoal
|
|win|WHERE IS MY WALLET
