|j|☆castoriceball
|j|☆ElXoXo21
|html|castoriceballElXoXo21    
|uhtml|bestof|Game 2 of a best-of-3
|t:|1784016608
|gametype|doubles
|player|p1|castoriceball|miku-flying|1295
|player|p2|ElXoXo21|1|1175
|gen|9
|tier|[Gen 9 Champions] VGC 2026 Reg M-B (Bo3)
|rated|
|rule|Species Clause: Limit one of each Pokémon
|rule|Item Clause: Limit 1 of each item
|clearpoke
|poke|p1|Garchomp, L50, M|
|poke|p1|Floette-Eternal, L50, F|
|poke|p1|Talonflame, L50, M|
|poke|p1|Rotom-Wash, L50, shiny|
|poke|p1|Sneasler, L50, F|
|poke|p1|Sinistcha, L50|
|poke|p2|Gengar, L50, F|
|poke|p2|Politoed, L50, F|
|poke|p2|Whimsicott, L50, F|
|poke|p2|Meganium, L50, M|
|poke|p2|Gholdengo, L50|
|poke|p2|Incineroar, L50, M, shiny|
|teampreview|4
|showteam|p1|Garchomp||LifeOrb|RoughSkin|DragonClaw,Earthquake,RockSlide,Protect|Adamant||M|||50|]Floette-Eternal||Floettite|FlowerVeil|Moonblast,DazzlingGleam,LightofRuin,Protect|Modest||F|||50|]Talonflame||SharpBeak|GaleWings|Tailwind,DualWingbeat,QuickGuard,Protect|Jolly||M|||50|]Rotom-Wash||Magnet|Levitate|Thunderbolt,HydroPump,Electroweb,Protect|Modest|||||50|]Sneasler||FocusSash|PoisonTouch|FakeOut,CloseCombat,DireClaw,Protect|Adamant||F|||50|]Sinistcha||MiracleSeed|Hospitality|TrickRoom,ShadowBall,RagePowder,MatchaGotcha|Modest|||||50|
|showteam|p2|Gengar||Gengarite|CursedBody|Protect,PerishSong,Disable,ShadowBall|Timid||F|||50|]Politoed||Leftovers|Drizzle|Protect,PerishSong,HelpingHand,WeatherBall|Bold||F|||50|]Whimsicott||FocusSash|Prankster|Protect,Encore,Tailwind,Moonblast|Timid||F|||50|]Meganium||Meganiumite|LeafGuard|Protect,WeatherBall,SolarBeam,DazzlingGleam|Modest||M|||50|]Gholdengo||LifeOrb|GoodasGold|Protect,NastyPlot,ShadowBall,MakeItRain|Modest|||||50|]Incineroar||WhiteHerb|Intimidate|FakeOut,PartingShot,DarkestLariat,CloseCombat|Adamant||M|||50|
|inactive|Battle timer is ON: inactive players will automatically lose when time's up. (requested by ElXoXo21)
|inactive|castoriceball has 60 seconds left.
|
|t:|1784016654
|teamsize|p1|4
|teamsize|p2|4
|start
|switch|p1a: Snoobler|Sneasler, L50, F|100/100
|switch|p1b: $70 flutter|Floette-Eternal, L50, F|100/100
|switch|p2a: Gengar|Gengar, L50, F|100/100
|switch|p2b: Incineroar|Incineroar, L50, M, shiny|100/100
|-ability|p2b: Incineroar|Intimidate|boost
|-unboost|p1a: Snoobler|atk|1
|-unboost|p1b: $70 flutter|atk|1
|turn|1
|inactive|castoriceball has 30 seconds left.
|inactive|ElXoXo21 has 30 seconds left.
|
|t:|1784016686
|switch|p1b: jarchomp|Garchomp, L50, M|100/100
|detailschange|p2a: Gengar|Gengar-Mega, L50, F
|-mega|p2a: Gengar|Gengar|Gengarite
|move|p1a: Snoobler|Fake Out|p2b: Incineroar
|-damage|p2b: Incineroar|88/100
|-status|p2b: Incineroar|psn|[from] ability: Poison Touch|[of] p1a: Snoobler
|cant|p2b: Incineroar|flinch
|move|p2a: Gengar|Shadow Ball|p1a: Snoobler
|-damage|p1a: Snoobler|29/100
|
|-damage|p2b: Incineroar|76/100 psn|[from] psn
|upkeep
|turn|2
|
|t:|1784016704
|switch|p2b: Whimsicott|Whimsicott, L50, F|100/100
|move|p2a: Gengar|Protect|p2a: Gengar
|-singleturn|p2a: Gengar|Protect
|move|p1a: Snoobler|Dire Claw|p2b: Whimsicott
|-supereffective|p2b: Whimsicott|2
|-enditem|p2b: Whimsicott|Focus Sash
|-damage|p2b: Whimsicott|1/100
|-status|p2b: Whimsicott|psn|[from] ability: Poison Touch|[of] p1a: Snoobler
|move|p1b: jarchomp|Earthquake|p2a: Gengar|[spread] p1a,p2b
|-activate|p2a: Gengar|move: Protect
|-supereffective|p1a: Snoobler|1
|-resisted|p2b: Whimsicott|1
|-damage|p1a: Snoobler|0 fnt
|-damage|p2b: Whimsicott|0 fnt
|faint|p1a: Snoobler
|faint|p2b: Whimsicott
|-damage|p1b: jarchomp|90/100|[from] item: Life Orb
|
|upkeep
|
|t:|1784016721
|switch|p2b: Incineroar|Incineroar, L50, M, shiny|76/100 psn
|switch|p1a: $70 flutter|Floette-Eternal, L50, F|100/100
|-ability|p2b: Incineroar|Intimidate|boost
|-unboost|p1a: $70 flutter|atk|1
|-unboost|p1b: jarchomp|atk|1
|turn|3
|inactive|ElXoXo21 has 30 seconds left.
|
|t:|1784016747
|detailschange|p1a: $70 flutter|Floette-Mega, L50, F
|-mega|p1a: $70 flutter|Floette|Floettite
|-ability|p1a: $70 flutter|Fairy Aura
|move|p1b: jarchomp|Protect|p1b: jarchomp
|-singleturn|p1b: jarchomp|Protect
|move|p2b: Incineroar|Fake Out|p1b: jarchomp
|-activate|p1b: jarchomp|move: Protect
|move|p2a: Gengar|Shadow Ball|p1b: jarchomp
|-activate|p1b: jarchomp|move: Protect
|move|p1a: $70 flutter|Moonblast|p2b: Incineroar
|-damage|p2b: Incineroar|0 fnt
|faint|p2b: Incineroar
|
|upkeep
|
|t:|1784016753
|switch|p2b: Politoed|Politoed, L50, F|100/100
|-weather|RainDance|[from] ability: Drizzle|[of] p2b: Politoed
|turn|4
|inactive|castoriceball has 30 seconds left.
|
|t:|1784016782
|move|p2b: Politoed|Helping Hand|p2a: Gengar
|-singleturn|p2a: Gengar|Helping Hand|[of] p2b: Politoed
|move|p2a: Gengar|Shadow Ball|p1b: jarchomp
|-damage|p1b: jarchomp|2/100
|move|p1b: jarchomp|Earthquake|p2b: Politoed|[spread] p1a,p2a,p2b
|-supereffective|p2a: Gengar|1
|-damage|p1a: $70 flutter|52/100
|-damage|p2a: Gengar|0 fnt
|-damage|p2b: Politoed|68/100
|faint|p2a: Gengar
|-damage|p1b: jarchomp|0 fnt|[from] item: Life Orb
|faint|p1b: jarchomp
|move|p1a: $70 flutter|Light of Ruin|p2b: Politoed
|-damage|p2b: Politoed|0 fnt
|faint|p2b: Politoed
|-damage|p1a: $70 flutter|13/100|[from] Recoil
|
|win|castoriceball
|raw|castoriceball's rating: 1295 → 1312(+17 for winning)
|raw|ElXoXo21's rating: 1175 → 1158(-17 for losing)
|l|☆ElXoXo21
|player|p2|
