|j|☆Meowstic Enjoyer
|j|☆johx123
|html|Meowstic Enjoyerjohx123    
|uhtml|bestof|Game 2 of a best-of-3
|t:|1784603810
|gametype|doubles
|player|p1|Meowstic Enjoyer|serena-masters2|1000
|player|p2|johx123|102|1041
|gen|9
|tier|[Gen 9 Champions] VGC 2026 Reg M-B (Bo3)
|rated|
|rule|Species Clause: Limit one of each Pokémon
|rule|Item Clause: Limit 1 of each item
|clearpoke
|poke|p1|Floette-Eternal, L50, F|
|poke|p1|Palafin, L50, F|
|poke|p1|Toxapex, L50, M|
|poke|p1|Incineroar, L50, F|
|poke|p1|Annihilape, L50, M|
|poke|p1|Delphox, L50, M|
|poke|p2|Farigiraf, L50, F|
|poke|p2|Staraptor, L50, F|
|poke|p2|Torkoal, L50, F|
|poke|p2|Blastoise, L50, F|
|poke|p2|Gardevoir, L50, M|
|poke|p2|Kingambit, L50, F|
|teampreview|4
|showteam|p1|Floette-Eternal||Floettite|FlowerVeil|Protect,DazzlingGleam,DrainingKiss,CalmMind|Modest||F|||50|]Palafin||LifeOrb|ZerotoHero|Protect,WaveCrash,CloseCombat,JetPunch|Adamant||F|||50|]Toxapex||Leftovers|Regenerator|BanefulBunker,Infestation,Toxic,WideGuard|Bold||M|||50|]Incineroar||SitrusBerry|Intimidate|PartingShot,DarkestLariat,FlareBlitz,FakeOut|Careful||F|||50|]Annihilape||FocusSash|Defiant|Protect,CloseCombat,RageFist,Coaching|Jolly||M|||50|]Delphox||Delphoxite|Blaze|Protect,HeatWave,Psyshock,NastyPlot|Timid||M|||50|
|showteam|p2|Farigiraf||ColburBerry|ArmorTail|Protect,TrickRoom,HelpingHand,TwinBeam|Relaxed||F|||50|]Staraptor||ChoiceScarf|Intimidate|FinalGambit,Protect,BraveBird,Uturn|Jolly||F|||50|]Torkoal||Charcoal|Drought|Eruption,SolarBeam,Flamethrower,Protect|Quiet||F|||50|]Blastoise||Blastoisinite|Torrent|WaterSpout,DarkPulse,WaterPulse,FakeOut|Quiet||F|||50|]Gardevoir||Gardevoirite|Synchronize|HyperVoice,Protect,Psychic,TrickRoom|Quiet||M|||50|]Kingambit||ExpertBelt|Defiant|KowtowCleave,IronHead,SuckerPunch,Protect|Brave||F|||50|
|inactive|Battle timer is ON: inactive players will automatically lose when time's up. (requested by johx123)
|
|t:|1784603854
|teamsize|p1|4
|teamsize|p2|4
|start
|switch|p1a: Toxapex|Toxapex, L50, M|100/100
|switch|p1b: Floette|Floette-Eternal, L50, F|100/100
|switch|p2a: Farigiraf|Farigiraf, L50, F|100/100
|switch|p2b: Staraptor|Staraptor, L50, F|100/100
|-ability|p2b: Staraptor|Intimidate|boost
|-unboost|p1a: Toxapex|atk|1
|-unboost|p1b: Floette|atk|1
|turn|1
|inactive|johx123 has 30 seconds left.
|
|t:|1784603879
|detailschange|p1b: Floette|Floette-Mega, L50, F
|-mega|p1b: Floette|Floette|Floettite
|-ability|p1b: Floette|Fairy Aura
|move|p2b: Staraptor|Final Gambit|p1a: Toxapex
|-damage|p1a: Toxapex|0 fnt
|faint|p2b: Staraptor
|faint|p1a: Toxapex
|move|p1b: Floette|Draining Kiss|p2a: Farigiraf
|-damage|p2a: Farigiraf|65/100
|move|p2a: Farigiraf|Trick Room|p2a: Farigiraf
|-fieldstart|move: Trick Room|[of] p2a: Farigiraf
|
|upkeep
|
|t:|1784603889
|switch|p1a: Incineroar|Incineroar, L50, F|100/100
|switch|p2b: Blastoise|Blastoise, L50, F|100/100
|-ability|p1a: Incineroar|Intimidate|boost
|-unboost|p2a: Farigiraf|atk|1
|-unboost|p2b: Blastoise|atk|1
|turn|2
|inactive|Meowstic Enjoyer has 30 seconds left.
|
|t:|1784603915
|switch|p1a: Palafin|Palafin, L50, F|100/100
|detailschange|p2b: Blastoise|Blastoise-Mega, L50, F
|-mega|p2b: Blastoise|Blastoise|Blastoisinite
|move|p2a: Farigiraf|Helping Hand|p2b: Blastoise
|-singleturn|p2b: Blastoise|Helping Hand|[of] p2a: Farigiraf
|move|p2b: Blastoise|Water Spout|p1b: Floette|[spread] p1a,p1b
|-resisted|p1a: Palafin|1
|-damage|p1a: Palafin|38/100
|-damage|p1b: Floette|25/100
|move|p1b: Floette|Dazzling Gleam|p2b: Blastoise|[spread] p2a,p2b
|-damage|p2a: Farigiraf|21/100
|-damage|p2b: Blastoise|62/100
|
|upkeep
|turn|3
|-message|Meowstic Enjoyer forfeited.
|
|win|johx123
|raw|Meowstic Enjoyer's rating: 1000 → 1000(+0 for losing)
|raw|johx123's rating: 1041 → 1071(+30 for winning)
