|j|☆Pauliii23
|j|☆TobiYume
|html|Pauliii23TobiYume    
|uhtml|bestof|Game 2 of a best-of-3
|t:|1756724125
|gametype|doubles
|player|p1|Pauliii23|102|
|player|p2|TobiYume|roxie|
|gen|9
|tier|[Gen 9] VGC 2025 Reg H (Bo3)
|rule|Species Clause: Limit one of each Pokémon
|rule|Item Clause: Limit 1 of each item
|clearpoke
|poke|p1|Archaludon, L50, M|
|poke|p1|Pelipper, L50, M|
|poke|p1|Basculegion, L50, M|
|poke|p1|Dragapult, L50, M|
|poke|p1|Sinistcha, L50|
|poke|p1|Ursaluna-Bloodmoon, L50, M|
|poke|p2|Decidueye-Hisui, L50, M|
|poke|p2|Sylveon, L50, F|
|poke|p2|Talonflame, L50, F|
|poke|p2|Tyranitar, L50, M|
|poke|p2|Garchomp, L50, M|
|poke|p2|Gholdengo, L50|
|teampreview|4
|showteam|p1|Archaludon||AssaultVest|Stamina|ElectroShot,FlashCannon,BodyPress,DracoMeteor|||M|||50|,,,,,Grass]Pelipper||FocusSash|Drizzle|Hurricane,WeatherBall,WideGuard,Tailwind|||M|||50|,,,,,Ghost]Basculegion||MysticWater|SwiftSwim|LastRespects,Protect,WaveCrash,AquaJet|||M|||50|,,,,,Water]Dragapult||ChoiceBand|ClearBody|DragonDarts,Outrage,PhantomForce,Uturn|||M|||50|,,,,,Dragon]Sinistcha||SitrusBerry|Hospitality|TrickRoom,MatchaGotcha,LifeDew,RagePowder||||||50|,,,,,Steel]Ursaluna-Bloodmoon||LifeOrb|MindsEye|HyperVoice,BloodMoon,EarthPower,Protect|||M|||50|,,,,,Grass
|showteam|p2|Decidueye-Hisui||RazorClaw|Scrappy|TripleArrows,LeafBlade,SuckerPunch,Protect|||M|||50|,,,,,Fire]Sylveon||ThroatSpray|Pixilate|HyperVoice,HyperBeam,TeraBlast,Protect|||F|||50|,,,,,Water]Talonflame||CovertCloak|GaleWings|Tailwind,WillOWisp,BraveBird,Taunt|||F|||50|,,,,,Grass]Tyranitar||AssaultVest|SandStream|RockSlide,KnockOff,TeraBlast,LowKick|||M|||50|,,,,,Flying]Garchomp||LifeOrb|RoughSkin|DragonClaw,StompingTantrum,Earthquake,Protect|||M|||50|,,,,,Steel]Gholdengo||Leftovers|GoodasGold|MakeItRain,ShadowBall,NastyPlot,Protect||||||50|,,,,,Dragon
|c|☆Pauliii23|randy hat mich zerstört :(
|
|t:|1756724159
|teamsize|p1|4
|teamsize|p2|4
|start
|switch|p1a: PelipperLP|Pelipper, L50, M|100/100
|switch|p1b: Muddy|Basculegion, L50, M|100/100
|switch|p2a: Elie|Talonflame, L50, F|100/100
|switch|p2b: Kevin|Decidueye-Hisui, L50, M, shiny|100/100
|-weather|RainDance|[from] ability: Drizzle|[of] p1a: PelipperLP
|turn|1
|
|t:|1756724177
|move|p1b: Muddy|Protect|p1b: Muddy
|-singleturn|p1b: Muddy|Protect
|move|p2a: Elie|Tailwind|p2a: Elie
|-sidestart|p2: TobiYume|move: Tailwind
|move|p2b: Kevin|Leaf Blade|p1b: Muddy
|-activate|p1b: Muddy|move: Protect
|move|p1a: PelipperLP|Hurricane|p2b: Kevin
|-supereffective|p2b: Kevin
|-damage|p2b: Kevin|0 fnt
|faint|p2b: Kevin
|
|-weather|RainDance|[upkeep]
|upkeep
|c|☆TobiYume|:/
|
|t:|1756724190
|switch|p2b: Randy|Tyranitar, L50, M|100/100
|-weather|Sandstorm|[from] ability: Sand Stream|[of] p2b: Randy
|turn|2
|
|t:|1756724205
|switch|p1a: Privatsache|Archaludon, L50, M|100/100
|-terastallize|p1b: Muddy|Water
|move|p2a: Elie|Taunt|p1a: Privatsache
|-start|p1a: Privatsache|move: Taunt
|move|p2b: Randy|Knock Off|p1b: Muddy
|-damage|p1b: Muddy|35/100
|-enditem|p1b: Muddy|Mystic Water|[from] move: Knock Off|[of] p2b: Randy
|move|p1b: Muddy|Wave Crash|p2b: Randy
|-supereffective|p2b: Randy
|-damage|p2b: Randy|0 fnt
|faint|p2b: Randy
|-damage|p1b: Muddy|4/100|[from] Recoil
|
|-weather|Sandstorm|[upkeep]
|-damage|p2a: Elie|94/100|[from] Sandstorm
|-damage|p1b: Muddy|0 fnt|[from] Sandstorm
|faint|p1b: Muddy
|upkeep
|
|t:|1756724219
|switch|p1b: PelipperLP|Pelipper, L50, M|100/100
|switch|p2b: Lloyd|Garchomp, L50, M|100/100
|-weather|RainDance|[from] ability: Drizzle|[of] p1b: PelipperLP
|turn|3
|
|t:|1756724252
|move|p2a: Elie|Taunt|p1b: PelipperLP
|-start|p1b: PelipperLP|move: Taunt
|move|p2b: Lloyd|Stomping Tantrum|p1a: Privatsache
|-supereffective|p1a: Privatsache
|-damage|p1a: Privatsache|28/100
|-ability|p1a: Privatsache|Stamina|boost
|-boost|p1a: Privatsache|def|1
|-damage|p2b: Lloyd|91/100|[from] item: Life Orb
|cant|p1b: PelipperLP|move: Taunt|Tailwind
|move|p1a: Privatsache|Electro Shot||[still]
|-prepare|p1a: Privatsache|Electro Shot
|-boost|p1a: Privatsache|spa|1
|-anim|p1a: Privatsache|Electro Shot|p2a: Elie
|-supereffective|p2a: Elie
|-damage|p2a: Elie|0 fnt
|faint|p2a: Elie
|
|-weather|RainDance|[upkeep]
|upkeep
|turn|4
|c|☆Pauliii23|Hapag lloyd :o
|c|☆TobiYume|haha
|
|t:|1756724289
|move|p2b: Lloyd|Stomping Tantrum|p1a: Privatsache
|-supereffective|p1a: Privatsache
|-damage|p1a: Privatsache|0 fnt
|faint|p1a: Privatsache
|-damage|p2b: Lloyd|81/100|[from] item: Life Orb
|move|p1b: PelipperLP|Weather Ball|p2b: Lloyd
|-damage|p2b: Lloyd|14/100
|
|-weather|RainDance|[upkeep]
|-sideend|p2: TobiYume|move: Tailwind
|upkeep
|
|t:|1756724292
|switch|p1a: Mittelalter|Dragapult, L50, M|100/100
|turn|5
|
|t:|1756724298
|move|p1a: Mittelalter|Phantom Force||[still]
|-prepare|p1a: Mittelalter|Phantom Force
|move|p2b: Lloyd|Dragon Claw|p1a: Mittelalter|[miss]
|-miss|p2b: Lloyd|p1a: Mittelalter
|move|p1b: PelipperLP|Weather Ball|p2b: Lloyd
|-damage|p2b: Lloyd|0 fnt
|faint|p2b: Lloyd
|
|win|Pauliii23
||Pauliii23 is ready for game 3.
||TobiYume is ready for game 3.
|uhtml|next|Next: Game 3 of 3
|l|☆Pauliii23
|player|p1|
