|j|☆blackstormgames
|j|☆OzzyUF
|html|blackstormgamesOzzyUF    
|uhtml|bestof|Game 2 of a best-of-3
|t:|1782415432
|gametype|doubles
|player|p1|blackstormgames|lance|1278
|player|p2|OzzyUF|medium|1195
|gen|9
|tier|[Gen 9 Champions] VGC 2026 Reg M-B (Bo3)
|rated|
|rule|Species Clause: Limit one of each Pokémon
|rule|Item Clause: Limit 1 of each item
|clearpoke
|poke|p1|Blaziken, L50, F|
|poke|p1|Aerodactyl, L50, M|
|poke|p1|Kingambit, L50, M|
|poke|p1|Basculegion, L50, M|
|poke|p1|Sylveon, L50, M|
|poke|p1|Torkoal, L50, F|
|poke|p2|Whimsicott, L50, M|
|poke|p2|Incineroar, L50, M|
|poke|p2|Mawile, L50, F|
|poke|p2|Farigiraf, L50, F|
|poke|p2|Basculegion, L50, M|
|poke|p2|Skeledirge, L50, F|
|teampreview|4
|showteam|p1|Blaziken||Blazikenite|SpeedBoost|FlareBlitz,CloseCombat,RockSlide,Protect|Adamant||F|||50|]Aerodactyl||Aerodactylite|Unnerve|RockSlide,DualWingbeat,IceFang,Tailwind|Jolly||M|||50|]Kingambit||LifeOrb|Defiant|KowtowCleave,SuckerPunch,IronHead,Protect|Adamant||M|||50|]Basculegion||FocusSash|Adaptability|Liquidation,AquaJet,LastRespects,Protect|Adamant||M|||50|]Sylveon||FairyFeather|Pixilate|HyperVoice,HyperBeam,QuickAttack,Detect|Modest||M|||50|]Torkoal||Leftovers|Drought|Eruption,Yawn,WeatherBall,Protect|Quiet||F|||50|
|showteam|p2|Whimsicott||FocusSash|Prankster|Memento,Moonblast,Encore,Tailwind|Modest||M|||50|]Incineroar||Charcoal|Intimidate|FlareBlitz,FakeOut,PartingShot,ThroatChop|Adamant||M|||50|]Mawile||Mawilite|HyperCutter|PlayRough,Protect,SuckerPunch,IronHead|Adamant||F|||50|]Farigiraf||LifeOrb|ArmorTail|CalmMind,HyperVoice,Psychic,TrickRoom|Quiet||F|||50|]Basculegion||MysticWater|Adaptability|AquaJet,LastRespects,WaveCrash,Protect|Adamant||M|||50|]Skeledirge||Leftovers|Unaware|TorchSong,EarthPower,WillOWisp,Protect|Modest||F|||50|
|inactive|Battle timer is ON: inactive players will automatically lose when time's up. (requested by OzzyUF)
|inactive|OzzyUF has 60 seconds left.
|
|t:|1782415464
|teamsize|p1|4
|teamsize|p2|4
|start
|switch|p1a: Blaziken|Blaziken, L50, F|100/100
|switch|p1b: Kingambit|Kingambit, L50, M|100/100
|switch|p2a: Incineroar|Incineroar, L50, M|100/100
|switch|p2b: Farigiraf|Farigiraf, L50, F|100/100
|-ability|p2a: Incineroar|Intimidate|boost
|-unboost|p1a: Blaziken|atk|1
|-unboost|p1b: Kingambit|atk|1
|-ability|p1b: Kingambit|Defiant|boost
|-boost|p1b: Kingambit|atk|2
|turn|1
|inactive|OzzyUF has 30 seconds left.
|
|t:|1782415496
|detailschange|p1a: Blaziken|Blaziken-Mega, L50, F
|-mega|p1a: Blaziken|Blaziken|Blazikenite
|move|p2a: Incineroar|Fake Out|p1b: Kingambit
|-resisted|p1b: Kingambit|1
|-damage|p1b: Kingambit|94/100
|move|p1a: Blaziken|Close Combat|p2a: Incineroar
|-supereffective|p2a: Incineroar|1
|-damage|p2a: Incineroar|0 fnt
|-unboost|p1a: Blaziken|def|1
|-unboost|p1a: Blaziken|spd|1
|faint|p2a: Incineroar
|cant|p1b: Kingambit|flinch
|move|p2b: Farigiraf|Trick Room|p2b: Farigiraf
|-fieldstart|move: Trick Room|[of] p2b: Farigiraf
|
|-ability|p1a: Blaziken|Speed Boost|boost
|-boost|p1a: Blaziken|spe|1
|upkeep
|
|t:|1782415520
|switch|p2a: Mawile|Mawile, L50, F|100/100
|turn|2
|
|t:|1782415533
|detailschange|p2a: Mawile|Mawile-Mega, L50, F
|-mega|p2a: Mawile|Mawile|Mawilite
|move|p2a: Mawile|Play Rough|p1b: Kingambit
|-damage|p1b: Kingambit|35/100
|-unboost|p1b: Kingambit|atk|1
|-ability|p1b: Kingambit|Defiant|boost
|-boost|p1b: Kingambit|atk|2
|move|p2b: Farigiraf|Psychic|p1a: Blaziken
|-supereffective|p1a: Blaziken|1
|-damage|p1a: Blaziken|0 fnt
|faint|p1a: Blaziken
|-damage|p2b: Farigiraf|90/100|[from] item: Life Orb
|move|p1b: Kingambit|Kowtow Cleave|p2b: Farigiraf
|-supereffective|p2b: Farigiraf|1
|-damage|p2b: Farigiraf|0 fnt
|faint|p2b: Farigiraf
|-damage|p1b: Kingambit|26/100|[from] item: Life Orb
|
|upkeep
|
|t:|1782415549
|switch|p2b: Skeledirge|Skeledirge, L50, F|100/100
|switch|p1a: Torkoal|Torkoal, L50, F|100/100
|-weather|SunnyDay|[from] ability: Drought|[of] p1a: Torkoal
|turn|3
|inactive|OzzyUF has 30 seconds left.
|
|t:|1782415578
|move|p2a: Mawile|Protect|p2a: Mawile
|-singleturn|p2a: Mawile|Protect
|move|p1b: Kingambit|Sucker Punch|p2b: Skeledirge
|-supereffective|p2b: Skeledirge|1
|-damage|p2b: Skeledirge|18/100
|-damage|p1b: Kingambit|16/100|[from] item: Life Orb
|move|p1a: Torkoal|Eruption|p2b: Skeledirge|[spread] p2b
|-activate|p2a: Mawile|move: Protect
|-resisted|p2b: Skeledirge|1
|-damage|p2b: Skeledirge|0 fnt
|faint|p2b: Skeledirge
|
|-weather|SunnyDay|[upkeep]
|upkeep
|turn|4
|-message|OzzyUF forfeited.
|raw|blackstormgames's rating: 1278 → 1297(+19 for winning)
|raw|OzzyUF's rating: 1195 → 1176(-19 for losing)
|
|win|blackstormgames
|l|☆OzzyUF
|player|p2|
