|j|☆Bulbi43
|j|☆KrsCrossAppleSauce
|html|Bulbi43KrsCrossAppleSauce    
|uhtml|bestof|Game 1 of a best-of-3
|t:|1756282087
|gametype|doubles
|player|p1|Bulbi43|170|1144
|player|p2|KrsCrossAppleSauce|green|1169
|gen|9
|tier|[Gen 9] VGC 2025 Reg H (Bo3)
|rated|
|rule|Species Clause: Limit one of each Pokémon
|rule|Item Clause: Limit 1 of each item
|clearpoke
|poke|p1|Indeedee, L50, M|
|poke|p1|Garchomp, L50, M|
|poke|p1|Tyranitar, L50, M|
|poke|p1|Archaludon, L50, F|
|poke|p1|Murkrow, L50, M|
|poke|p1|Primarina, L50, F|
|poke|p2|Sneasler, L50, F|
|poke|p2|Gholdengo, L50|
|poke|p2|Dondozo, L50, F|
|poke|p2|Rillaboom, L50, F|
|poke|p2|Volcarona, L50, M|
|poke|p2|Electabuzz, L50, F|
|teampreview|4
|showteam|p1|Indeedee||ChoiceScarf|PsychicSurge|ExpandingForce,ShadowBall,Protect,Trick|||M|||50|,,,,,Fairy]Garchomp||ClearAmulet|RoughSkin|Earthquake,DragonClaw,IronHead,Protect|||M|||50|,,,,,Steel]Tyranitar||AssaultVest|SandStream|RockSlide,KnockOff,ThunderPunch,TeraBlast|||M|||50|,,,,,Flying]Archaludon||PowerHerb|Stamina|ElectroShot,DragonPulse,BodyPress,Protect|||F|||50|,,,,,Flying]Murkrow||Eviolite|Prankster|Tailwind,Taunt,FoulPlay,RainDance|||M|||50|,,,,,Ghost]Primarina||SitrusBerry|LiquidVoice|HyperVoice,Moonblast,WeatherBall,Protect|||F|||50|,,,,,Grass
|showteam|p2|Sneasler||FocusSash|PoisonTouch|FakeOut,DireClaw,CloseCombat,Protect|||F|||50|,,,,,Dark]Gholdengo||LifeOrb|GoodasGold|MakeItRain,ShadowBall,NastyPlot,Protect||||||50|,,,,,Water]Dondozo||Leftovers|Unaware|WaveCrash,Yawn,Fissure,Protect|||F|||50|,,,,,Psychic]Rillaboom||AssaultVest|GrassySurge|FakeOut,WoodHammer,GrassyGlide,Uturn|||F|||50|,,,,,Fire]Volcarona||CovertCloak|FlameBody|HeatWave,QuiverDance,TeraBlast,Protect|||M|||50|,,,,,Fairy]Electabuzz||Eviolite|VitalSpirit|Thunderbolt,FollowMe,Taunt,Protect|||F|||50|,,,,,Ghost
|inactive|Battle timer is ON: inactive players will automatically lose when time's up. (requested by Bulbi43)
|inactive|Bulbi43 has 60 seconds left.
|inactive|KrsCrossAppleSauce has 60 seconds left.
|inactive|Bulbi43 has 30 seconds left.
|inactive|Bulbi43 has 20 seconds left.
|
|t:|1756282160
|teamsize|p1|4
|teamsize|p2|4
|start
|switch|p1a: Indeedee|Indeedee, L50, M|100/100
|switch|p1b: Garchomp|Garchomp, L50, M|100/100
|switch|p2a: Rillaboom|Rillaboom, L50, F|100/100
|switch|p2b: Sneasler|Sneasler, L50, F|100/100
|-fieldstart|move: Psychic Terrain|[from] ability: Psychic Surge|[of] p1a: Indeedee
|-fieldstart|move: Grassy Terrain|[from] ability: Grassy Surge|[of] p2a: Rillaboom
|turn|1
|inactive|KrsCrossAppleSauce has 30 seconds left.
|
|t:|1756282189
|switch|p1a: Murkrow|Murkrow, L50, M|100/100
|move|p1b: Garchomp|Protect|p1b: Garchomp
|-singleturn|p1b: Garchomp|Protect
|move|p2a: Rillaboom|Fake Out|p1a: Murkrow
|-damage|p1a: Murkrow|80/100
|move|p2b: Sneasler|Dire Claw|p1a: Murkrow
|-damage|p1a: Murkrow|23/100
|
|upkeep
|turn|2
|inactive|KrsCrossAppleSauce has 30 seconds left.
|
|t:|1756282221
|-terastallize|p1b: Garchomp|Steel
|move|p1a: Murkrow|Tailwind|p1a: Murkrow
|-sidestart|p1: Bulbi43|move: Tailwind
|move|p1b: Garchomp|Earthquake|p2b: Sneasler|[spread] p2a,p2b
|-immune|p1a: Murkrow
|-resisted|p2a: Rillaboom
|-supereffective|p2b: Sneasler
|-damage|p2a: Rillaboom|91/100
|-damage|p2b: Sneasler|26/100
|move|p2b: Sneasler|Close Combat|p1b: Garchomp
|-supereffective|p1b: Garchomp
|-damage|p1b: Garchomp|0 fnt
|-unboost|p2b: Sneasler|def|1
|-unboost|p2b: Sneasler|spd|1
|-damage|p2b: Sneasler|13/100|[from] ability: Rough Skin|[of] p1b: Garchomp
|faint|p1b: Garchomp
|move|p2a: Rillaboom|U-turn|p1a: Murkrow
|-damage|p1a: Murkrow|0 fnt
|faint|p1a: Murkrow
|
|t:|1756282241
|switch|p2a: Gholdengo|Gholdengo, L50|100/100|[from] U-turn
|
|-heal|p2b: Sneasler|19/100|[from] Grassy Terrain
|upkeep
|
|t:|1756282247
|switch|p1b: Indeedee|Indeedee, L50, M|100/100
|switch|p1a: Tyranitar|Tyranitar, L50, M|100/100
|-fieldstart|move: Psychic Terrain|[from] ability: Psychic Surge|[of] p1b: Indeedee
|-weather|Sandstorm|[from] ability: Sand Stream|[of] p1a: Tyranitar
|turn|3
|
|t:|1756282263
|move|p2b: Sneasler|Protect|p2b: Sneasler
|-singleturn|p2b: Sneasler|Protect
|move|p2a: Gholdengo|Protect|p2a: Gholdengo
|-singleturn|p2a: Gholdengo|Protect
|move|p1b: Indeedee|Expanding Force|p2a: Gholdengo|[spread] 
|-activate|p2a: Gholdengo|move: Protect
|-activate|p2b: Sneasler|move: Protect
|move|p1a: Tyranitar|Thunder Punch|p2a: Gholdengo
|-activate|p2a: Gholdengo|move: Protect
|
|-weather|Sandstorm|[upkeep]
|-damage|p1b: Indeedee|95/100|[from] Sandstorm
|-damage|p2b: Sneasler|13/100|[from] Sandstorm
|upkeep
|turn|4
|
|t:|1756282287
|switch|p2b: Rillaboom|Rillaboom, L50, F|91/100
|-fieldstart|move: Grassy Terrain|[from] ability: Grassy Surge|[of] p2b: Rillaboom
|move|p1b: Indeedee|Expanding Force|p2b: Rillaboom
|-damage|p2b: Rillaboom|61/100
|move|p1a: Tyranitar|Knock Off|p2a: Gholdengo
|-supereffective|p2a: Gholdengo
|-damage|p2a: Gholdengo|0 fnt
|-enditem|p2a: Gholdengo|Life Orb|[from] move: Knock Off|[of] p1a: Tyranitar
|faint|p2a: Gholdengo
|
|-weather|Sandstorm|[upkeep]
|-damage|p1b: Indeedee|89/100|[from] Sandstorm
|-damage|p2b: Rillaboom|55/100|[from] Sandstorm
|-heal|p1b: Indeedee|95/100|[from] Grassy Terrain
|-heal|p2b: Rillaboom|61/100|[from] Grassy Terrain
|upkeep
|
|t:|1756282297
|switch|p2a: Dondozo|Dondozo, L50, F|100/100
|turn|5
|
|t:|1756282314
|move|p2b: Rillaboom|Fake Out|p1a: Tyranitar
|-resisted|p1a: Tyranitar
|-damage|p1a: Tyranitar|95/100
|move|p1b: Indeedee|Expanding Force|p2b: Rillaboom
|-damage|p2b: Rillaboom|31/100
|cant|p1a: Tyranitar|flinch
|move|p2a: Dondozo|Yawn|p1a: Tyranitar
|-start|p1a: Tyranitar|move: Yawn|[of] p2a: Dondozo
|
|-weather|Sandstorm|[upkeep]
|-damage|p1b: Indeedee|89/100|[from] Sandstorm
|-damage|p2b: Rillaboom|25/100|[from] Sandstorm
|-damage|p2a: Dondozo|94/100|[from] Sandstorm
|-heal|p1b: Indeedee|95/100|[from] Grassy Terrain
|-heal|p1a: Tyranitar|100/100|[from] Grassy Terrain
|-heal|p2b: Rillaboom|31/100|[from] Grassy Terrain
|-heal|p2a: Dondozo|100/100|[from] Grassy Terrain
|-sideend|p1: Bulbi43|move: Tailwind
|upkeep
|turn|6
|
|t:|1756282330
|move|p2b: Rillaboom|Grassy Glide|p1a: Tyranitar
|-supereffective|p1a: Tyranitar
|-damage|p1a: Tyranitar|35/100
|move|p1b: Indeedee|Expanding Force|p2b: Rillaboom
|-damage|p2b: Rillaboom|0 fnt
|faint|p2b: Rillaboom
|move|p1a: Tyranitar|Knock Off|p2a: Dondozo
|-crit|p2a: Dondozo
|-damage|p2a: Dondozo|55/100
|-enditem|p2a: Dondozo|Leftovers|[from] move: Knock Off|[of] p1a: Tyranitar
|move|p2a: Dondozo|Wave Crash|p1a: Tyranitar
|-supereffective|p1a: Tyranitar
|-damage|p1a: Tyranitar|0 fnt
|faint|p1a: Tyranitar
|-damage|p2a: Dondozo|45/100|[from] Recoil
|
|-weather|Sandstorm|[upkeep]
|-damage|p1b: Indeedee|89/100|[from] Sandstorm
|-damage|p2a: Dondozo|39/100|[from] Sandstorm
|-heal|p1b: Indeedee|95/100|[from] Grassy Terrain
|-heal|p2a: Dondozo|45/100|[from] Grassy Terrain
|upkeep
|
|t:|1756282340
|switch|p2b: Sneasler|Sneasler, L50, F|13/100
|turn|7
|
|t:|1756282353
|move|p2b: Sneasler|Protect|p2b: Sneasler
|-singleturn|p2b: Sneasler|Protect
|move|p2a: Dondozo|Protect|p2a: Dondozo
|-singleturn|p2a: Dondozo|Protect
|move|p1b: Indeedee|Expanding Force|p2b: Sneasler
|-activate|p2b: Sneasler|move: Protect
|
|-weather|none
|-heal|p1b: Indeedee|100/100|[from] Grassy Terrain
|-heal|p2b: Sneasler|19/100|[from] Grassy Terrain
|-heal|p2a: Dondozo|51/100|[from] Grassy Terrain
|upkeep
|turn|8
|
|t:|1756282364
|-terastallize|p2b: Sneasler|Dark
|move|p1b: Indeedee|Expanding Force|p2b: Sneasler
|-immune|p2b: Sneasler
|move|p2b: Sneasler|Dire Claw|p1b: Indeedee
|-damage|p1b: Indeedee|13/100
|-status|p1b: Indeedee|psn|[from] ability: Poison Touch|[of] p2b: Sneasler
|move|p2a: Dondozo|Wave Crash|p1b: Indeedee
|-damage|p1b: Indeedee|0 fnt
|faint|p1b: Indeedee
|-damage|p2a: Dondozo|49/100|[from] Recoil
|
|win|KrsCrossAppleSauce
|l|☆Bulbi43
|player|p1|
||Bulbi43 is ready for game 2.
|inactive|KrsCrossAppleSauce has 30 seconds to confirm battle start!
