|j|☆angusgrind13
|j|☆toqjosh
|html|angusgrind13toqjosh    
|uhtml|bestof|Game 1 of a best-of-3
|t:|1784813233
|gametype|doubles
|player|p1|angusgrind13|steven|1078
|player|p2|toqjosh|pokemonranger-gen4|1090
|gen|9
|tier|[Gen 9 Champions] VGC 2026 Reg M-B (Bo3)
|rated|
|rule|Species Clause: Limit one of each Pokémon
|rule|Item Clause: Limit 1 of each item
|clearpoke
|poke|p1|Primarina, L50, F|
|poke|p1|Kingambit, L50, M|
|poke|p1|Froslass, L50, F|
|poke|p1|Sneasler, L50, F|
|poke|p1|Lycanroc-Dusk, L50, F|
|poke|p1|Dragonite, L50, M|
|poke|p2|Slowbro, L50, F|
|poke|p2|Delphox, L50, F|
|poke|p2|Decidueye-Hisui, L50, F|
|poke|p2|Aerodactyl, L50, M|
|poke|p2|Sinistcha, L50|
|poke|p2|Garchomp, L50, F|
|teampreview|4
|showteam|p1|Primarina||LifeOrb|LiquidVoice|HyperVoice,Moonblast,Haze,Protect|Modest||F|||50|]Kingambit||BlackGlasses|Defiant|KowtowCleave,SuckerPunch,SwordsDance,Protect|Adamant||M|||50|]Froslass||Froslassite|CursedBody|Blizzard,ShadowBall,AuroraVeil,Protect|Timid||F|||50|]Sneasler||WhiteHerb|Unburden|GunkShot,CloseCombat,FakeOut,Protect|Adamant||F|||50|]Lycanroc-Dusk||FocusSash|ToughClaws|RockSlide,Accelerock,CloseCombat,Protect|Adamant||F|||50|]Dragonite||Dragoninite|Multiscale|DragonPulse,Flamethrower,Tailwind,Protect|Modest||M|||50|
|showteam|p2|Slowbro||Slowbronite|Regenerator|SlackOff,Scald,Protect,BodyPress|Calm||F|||50|]Delphox||Delphoxite|Blaze|HeatWave,Psychic,Protect,DazzlingGleam|Modest||F|||50|]Decidueye-Hisui||ScopeLens|Scrappy|TripleArrows,LeafBlade,Protect,RockTomb|Adamant||F|||50|]Aerodactyl||FocusSash|Unnerve|Tailwind,RockSlide,WideGuard,Taunt|Jolly||M|||50|]Sinistcha||ColburBerry|Hospitality|MatchaGotcha,RagePowder,TrickRoom,Protect|Calm|||||50|]Garchomp||LifeOrb|RoughSkin|Earthquake,DragonClaw,RockTomb,Protect|Adamant||F|||50|
|inactive|Battle timer is ON: inactive players will automatically lose when time's up. (requested by toqjosh)
|
|t:|1784813275
|teamsize|p1|4
|teamsize|p2|4
|start
|switch|p1a: Froslass|Froslass, L50, F|100/100
|switch|p1b: Sneasler|Sneasler, L50, F|100/100
|switch|p2a: Slowbro|Slowbro, L50, F|100/100
|switch|p2b: Garchomp|Garchomp, L50, F|100/100
|turn|1
|
|t:|1784813291
|detailschange|p1a: Froslass|Froslass-Mega, L50, F
|-mega|p1a: Froslass|Froslass|Froslassite
|-weather|Snowscape|[from] ability: Snow Warning|[of] p1a: Froslass
|detailschange|p2a: Slowbro|Slowbro-Mega, L50, F
|-mega|p2a: Slowbro|Slowbro|Slowbronite
|move|p1b: Sneasler|Fake Out|p2a: Slowbro
|-damage|p2a: Slowbro|93/100
|move|p1a: Froslass|Blizzard|p2b: Garchomp|[spread] p2a,p2b
|-resisted|p2a: Slowbro|1
|-supereffective|p2b: Garchomp|2
|-crit|p2b: Garchomp
|-damage|p2a: Slowbro|74/100
|-damage|p2b: Garchomp|0 fnt
|faint|p2b: Garchomp
|cant|p2a: Slowbro|flinch
|
|-weather|Snowscape|[upkeep]
|upkeep
|
|t:|1784813302
|switch|p2b: Sinistcha|Sinistcha, L50|100/100
|-heal|p2a: Slowbro|99/100|[from] ability: Hospitality|[of] p2b: Sinistcha
|turn|2
|-message|toqjosh forfeited.
|raw|angusgrind13's rating: 1078 → 1107(+29 for winning)
|raw|toqjosh's rating: 1090 → 1066(-24 for losing)
|
|win|angusgrind13
|l|☆toqjosh
|player|p2|
