|j|☆fantasminha8
|j|☆CritHappens5
|html|fantasminha8CritHappens5    
|uhtml|bestof|Game 3 of a best-of-3
|t:|1756769266
|gametype|doubles
|player|p1|fantasminha8|101|1151
|player|p2|CritHappens5|101|1220
|gen|9
|tier|[Gen 9] VGC 2025 Reg H (Bo3)
|rated|
|rule|Species Clause: Limit one of each Pokémon
|rule|Item Clause: Limit 1 of each item
|clearpoke
|poke|p1|Charizard, L50, M|
|poke|p1|Indeedee-F, L50, F|
|poke|p1|Exeggutor, L50, M|
|poke|p1|Torkoal, L50, M|
|poke|p1|Ursaluna, L50, M|
|poke|p1|Gallade, L50, M|
|poke|p2|Sneasler, L50, M|
|poke|p2|Indeedee, L50, M|
|poke|p2|Volcarona, L50, F|
|poke|p2|Ursaluna-Bloodmoon, L50, M|
|poke|p2|Annihilape, L50, M|
|poke|p2|Tyranitar, L50, M|
|teampreview|4
|showteam|p1|Charizard||ChoiceScarf|SolarPower|HeatWave,SolarBeam,AirSlash,WeatherBall|||M|||50|,,,,,Fire]Indeedee-F||SafetyGoggles|PsychicSurge|FollowMe,HelpingHand,TrickRoom,AlluringVoice|||F|||50|,,,,,Fairy]Exeggutor||FocusSash|Chlorophyll|ExpandingForce,TrickRoom,EnergyBall,SleepPowder|||M|||50|,,,,,Psychic]Torkoal||EjectPack|Drought|Eruption,Overheat,Protect,ClearSmog|||M|||50|,,,,,Fire]Ursaluna||FlameOrb|Guts|Earthquake,Facade,Protect,HeadlongRush|||M|||50|,,,,,Ghost]Gallade||ClearAmulet|Sharpness|WideGuard,PsychoCut,SacredSword,TrickRoom|||M|||50|,,,,,Psychic
|showteam|p2|Sneasler||PsychicSeed|Unburden|CloseCombat,DireClaw,ThroatChop,Protect|||M|||50|,,,,,Dark]Indeedee||ChoiceScarf|PsychicSurge|ExpandingForce,TeraBlast,Trick,Protect|||M|||50|,,,,,Psychic]Volcarona||SitrusBerry|FlameBody|Overheat,StruggleBug,RagePowder,Tailwind|||F|||50|,,,,,Dragon]Ursaluna-Bloodmoon||LifeOrb|MindsEye|BloodMoon,HyperVoice,EarthPower,Protect|||M|||50|,,,,,Normal]Annihilape||SafetyGoggles|Defiant|CloseCombat,RageFist,Taunt,FinalGambit|||M|||50|,,,,,Fairy]Tyranitar||AssaultVest|SandStream|RockSlide,KnockOff,TeraBlast,LowKick|||M|||50|,,,,,Flying
|inactive|Battle timer is ON: inactive players will automatically lose when time's up. (requested by CritHappens5)
|
|t:|1756769298
|teamsize|p1|4
|teamsize|p2|4
|start
|switch|p1a: Indeedee|Indeedee-F, L50, F|100/100
|switch|p1b: Gallade|Gallade, L50, M, shiny|100/100
|switch|p2a: Ursaluna|Ursaluna-Bloodmoon, L50, M|100/100
|switch|p2b: Annihilape|Annihilape, L50, M|100/100
|-fieldstart|move: Psychic Terrain|[from] ability: Psychic Surge|[of] p1a: Indeedee
|turn|1
|inactive|CritHappens5 has 30 seconds left.
|inactive|fantasminha8 has 30 seconds left.
|inactive|fantasminha8 has 20 seconds left.
|inactive|fantasminha8 has 15 seconds left.
|inactive|fantasminha8 has 10 seconds left.
|
|t:|1756769354
|-terastallize|p2a: Ursaluna|Normal
|-terastallize|p1a: Indeedee|Fairy
|move|p1a: Indeedee|Follow Me|p1a: Indeedee
|-singleturn|p1a: Indeedee|move: Follow Me
|move|p2b: Annihilape|Final Gambit|p1a: Indeedee
|-damage|p1a: Indeedee|0 fnt
|faint|p2b: Annihilape
|faint|p1a: Indeedee
|move|p2a: Ursaluna|Blood Moon|p1b: Gallade
|-crit|p1b: Gallade
|-damage|p1b: Gallade|0 fnt
|faint|p1b: Gallade
|-damage|p2a: Ursaluna|91/100|[from] item: Life Orb
|
|upkeep
|
|t:|1756769370
|switch|p2b: Sneasler|Sneasler, L50, M|100/100
|switch|p1a: Torkoal|Torkoal, L50, M|100/100
|switch|p1b: Exeggutor|Exeggutor, L50, M|100/100
|-weather|SunnyDay|[from] ability: Drought|[of] p1a: Torkoal
|-enditem|p2b: Sneasler|Psychic Seed
|-boost|p2b: Sneasler|spd|1|[from] item: Psychic Seed
|turn|2
|
|t:|1756769384
|move|p1a: Torkoal|Protect|p1a: Torkoal
|-singleturn|p1a: Torkoal|Protect
|move|p2b: Sneasler|Dire Claw|p1b: Exeggutor
|-supereffective|p1b: Exeggutor
|-enditem|p1b: Exeggutor|Focus Sash
|-damage|p1b: Exeggutor|1/100
|move|p2a: Ursaluna|Hyper Voice|p1a: Torkoal|[spread] p1b
|-activate|p1a: Torkoal|move: Protect
|-damage|p1b: Exeggutor|0 fnt
|faint|p1b: Exeggutor
|-damage|p2a: Ursaluna|81/100|[from] item: Life Orb
|
|-weather|SunnyDay|[upkeep]
|upkeep
|turn|3
|-message|fantasminha8 forfeited.
|
|win|CritHappens5
|raw|fantasminha8's rating: 1151 → 1131(-20 for losing)
|raw|CritHappens5's rating: 1220 → 1240(+20 for winning)
|l|☆fantasminha8
|player|p1|
|c|☆CritHappens5|ggs
