|j|☆flameblade_0012
|j|☆ToastedArt
|html|flameblade_0012ToastedArt    
|uhtml|bestof|Game 1 of a best-of-3
|t:|1784397004
|gametype|doubles
|player|p1|flameblade_0012|dawn-gen4pt|1117
|player|p2|ToastedArt|iris|1029
|gen|9
|tier|[Gen 9 Champions] VGC 2026 Reg M-B (Bo3)
|rated|
|rule|Species Clause: Limit one of each Pokémon
|rule|Item Clause: Limit 1 of each item
|clearpoke
|poke|p1|Raichu, L50, M|
|poke|p1|Whimsicott, L50, M|
|poke|p1|Garchomp, L50, M|
|poke|p1|Farigiraf, L50, F|
|poke|p1|Basculegion, L50, M|
|poke|p1|Ceruledge, L50, M|
|poke|p2|Falinks, L50, shiny|
|poke|p2|Gholdengo, L50|
|poke|p2|Hydreigon, L50, F, shiny|
|poke|p2|Sneasler, L50, M|
|poke|p2|Talonflame, L50, M, shiny|
|poke|p2|Incineroar, L50, M|
|teampreview|4
|showteam|p1|Raichu||RaichuniteY|LightningRod|FakeOut,ZapCannon,Protect,FocusBlast|Modest||M|||50|]Whimsicott||FocusSash|Prankster|Tailwind,Moonblast,Protect,Encore|Timid||M|||50|]Garchomp||LifeOrb|RoughSkin|RockSlide,DragonClaw,StompingTantrum,Protect|Adamant||M|||50|]Farigiraf||ColburBerry|ArmorTail|TrickRoom,Psychic,HyperVoice,Protect|Serious||F|||50|]Basculegion||MysticWater|Adaptability|WaveCrash,AquaJet,Protect,LastRespects|Adamant||M|||50|]Ceruledge||Leftovers|FlashFire|BulkUp,BitterBlade,ShadowSneak,ShadowClaw|Adamant||M|||50|
|showteam|p2|Falinks||Falinksite|Defiant|NoRetreat,SwordsDance,CloseCombat,Protect|Careful|||||50|]Gholdengo||SpellTag|GoodasGold|MakeItRain,ShadowBall,PowerGem,Protect|Modest|||||50|]Hydreigon||LifeOrb|Levitate|DracoMeteor,Snarl,EarthPower,DarkPulse|Modest||F|||50|]Sneasler||FocusSash|PoisonTouch|CloseCombat,PoisonJab,Coaching,FakeOut|Jolly||M|||50|]Talonflame||SharpBeak|GaleWings|BraveBird,Tailwind,Uturn,QuickGuard|Adamant||M|||50|]Incineroar||SitrusBerry|Intimidate|FakeOut,FlareBlitz,Taunt,PartingShot|Careful||M|||50|
|inactive|Battle timer is ON: inactive players will automatically lose when time's up. (requested by ToastedArt)
|inactive|ToastedArt has 60 seconds left.
|inactive|ToastedArt has 30 seconds left.
|inactive|ToastedArt has 20 seconds left.
|inactive|ToastedArt has 15 seconds left.
|inactive|ToastedArt has 10 seconds left.
|
|t:|1784397087
|teamsize|p1|4
|teamsize|p2|4
|start
|switch|p1a: Raichu|Raichu, L50, M|100/100
|switch|p1b: Whimsicott|Whimsicott, L50, M|100/100
|switch|p2a: Talonflame|Talonflame, L50, M, shiny|100/100
|switch|p2b: Hydreigon|Hydreigon, L50, F, shiny|100/100
|turn|1
|inactive|flameblade_0012 has 30 seconds left.
|inactive|ToastedArt has 30 seconds left.
|inactive|flameblade_0012 has 20 seconds left.
|
|t:|1784397124
|detailschange|p1a: Raichu|Raichu-Mega-Y, L50, M
|-mega|p1a: Raichu|Raichu|Raichunite Y
|move|p2a: Talonflame|Quick Guard|p2a: Talonflame
|-singleturn|p2a: Talonflame|Quick Guard
|move|p1b: Whimsicott|Tailwind|p1b: Whimsicott
|-sidestart|p1: flameblade_0012|move: Tailwind
|move|p1a: Raichu|Focus Blast|p2b: Hydreigon
|-supereffective|p2b: Hydreigon|1
|-damage|p2b: Hydreigon|0 fnt
|faint|p2b: Hydreigon
|
|upkeep
|
|t:|1784397133
|switch|p2b: Gholdengo|Gholdengo, L50|100/100
|turn|2
|
|t:|1784397156
|switch|p1b: Garchomp|Garchomp, L50, M|100/100
|move|p2a: Talonflame|Tailwind|p2a: Talonflame
|-sidestart|p2: ToastedArt|move: Tailwind
|move|p1a: Raichu|Zap Cannon|p2a: Talonflame
|-supereffective|p2a: Talonflame|1
|-damage|p2a: Talonflame|0 fnt
|faint|p2a: Talonflame
|move|p2b: Gholdengo|Shadow Ball|p1a: Raichu
|-damage|p1a: Raichu|28/100
|
|upkeep
|
|t:|1784397166
|switch|p2a: Incineroar|Incineroar, L50, M|100/100
|-ability|p2a: Incineroar|Intimidate|boost
|-unboost|p1a: Raichu|atk|1
|-unboost|p1b: Garchomp|atk|1
|turn|3
|-message|ToastedArt forfeited.
|
|win|flameblade_0012
