|j|☆angelbee21
|j|☆liamvgc1
|html|angelbee21liamvgc1    
|uhtml|bestof|Game 2 of a best-of-3
|t:|1757185766
|gametype|doubles
|player|p1|angelbee21|lenora|1226
|player|p2|liamvgc1|unknown|1298
|gen|9
|tier|[Gen 9] VGC 2025 Reg H (Bo3)
|rated|
|rule|Species Clause: Limit one of each Pokémon
|rule|Item Clause: Limit 1 of each item
|clearpoke
|poke|p1|Flamigo, L50, M|
|poke|p1|Garchomp, L50, M|
|poke|p1|Kingambit, L50, M|
|poke|p1|Typhlosion-Hisui, L50, F|
|poke|p1|Ninetales-Alola, L50, F|
|poke|p1|Rillaboom, L50, M|
|poke|p2|Excadrill, L50, M|
|poke|p2|Tyranitar, L50, F|
|poke|p2|Sneasler, L50, M|
|poke|p2|Indeedee, L50, M|
|poke|p2|Corviknight, L50, M|
|poke|p2|Annihilape, L50, F|
|teampreview|4
|showteam|p1|Flamigo||FocusSash|Scrappy|CloseCombat,DualWingbeat,WideGuard,Protect|||M|||50|,,,,,Stellar]Garchomp||LifeOrb|RoughSkin|DragonClaw,StompingTantrum,PoisonJab,Protect|||M|||50|,,,,,Poison]Kingambit||BlackGlasses|Defiant|KowtowCleave,SuckerPunch,IronHead,Protect|||M|||50|,,,,,Dark]Typhlosion-Hisui||ChoiceScarf|Blaze|Eruption,ShadowBall,HeatWave,Overheat|||F|||50|,,,,,Fire]Ninetales-Alola||LightClay|SnowWarning|AuroraVeil,FreezeDry,Moonblast,Protect|||F|||50|,,,,,Water]Rillaboom||AssaultVest|GrassySurge|DrumBeating,FakeOut,GrassyGlide,HighHorsepower|||M|||50|,,,,,Fire
|showteam|p2|Excadrill||FocusSash|SandRush|IronHead,HighHorsepower,Earthquake,Protect|||M|||50|,,,,,Stellar]Tyranitar||AssaultVest|SandStream|RockSlide,KnockOff,TeraBlast,LowKick|||F|||50|,,,,,Flying]Sneasler||PsychicSeed|Unburden|DireClaw,CloseCombat,ThroatChop,Protect|||M|||50|,,,,,Dark]Indeedee||ChoiceScarf|PsychicSurge|ExpandingForce,TeraBlast,Protect,Trick|||M|||50|,,,,,Psychic]Corviknight||Leftovers|MirrorArmor|BraveBird,BulkUp,Roost,Tailwind|||M|||50|,,,,,Dragon]Annihilape||SafetyGoggles|Defiant|CloseCombat,FinalGambit,RageFist,Taunt|||F|||50|,,,,,Water
|inactive|Battle timer is ON: inactive players will automatically lose when time's up. (requested by liamvgc1)
|inactive|angelbee21 also wants the timer to be on.
|
|t:|1757185779
|teamsize|p1|4
|teamsize|p2|4
|start
|switch|p1a: Flamigo|Flamigo, L50, M|100/100
|switch|p1b: Garchomp|Garchomp, L50, M|100/100
|switch|p2a: Excadrill|Excadrill, L50, M, shiny|100/100
|switch|p2b: Tyranitar|Tyranitar, L50, F, shiny|100/100
|-weather|Sandstorm|[from] ability: Sand Stream|[of] p2b: Tyranitar
|turn|1
|
|t:|1757185791
|-terastallize|p2b: Tyranitar|Flying
|move|p1a: Flamigo|Protect|p1a: Flamigo
|-singleturn|p1a: Flamigo|Protect
|move|p2a: Excadrill|Iron Head|p1b: Garchomp
|-damage|p1b: Garchomp|62/100
|-damage|p2a: Excadrill|88/100|[from] ability: Rough Skin|[of] p1b: Garchomp
|cant|p1b: Garchomp|flinch
|move|p2b: Tyranitar|Tera Blast|p1a: Flamigo|[anim] Tera Blast Flying
|-activate|p1a: Flamigo|move: Protect
|
|-weather|Sandstorm|[upkeep]
|-damage|p1a: Flamigo|95/100|[from] Sandstorm
|-damage|p2b: Tyranitar|95/100|[from] Sandstorm
|upkeep
|turn|2
|
|t:|1757185815
|-terastallize|p1b: Garchomp|Poison
|move|p2a: Excadrill|Iron Head|p1b: Garchomp
|-damage|p1b: Garchomp|29/100
|-damage|p2a: Excadrill|76/100|[from] ability: Rough Skin|[of] p1b: Garchomp
|move|p1a: Flamigo|Close Combat|p2a: Excadrill
|-supereffective|p2a: Excadrill
|-damage|p2a: Excadrill|0 fnt
|-unboost|p1a: Flamigo|def|1
|-unboost|p1a: Flamigo|spd|1
|faint|p2a: Excadrill
|cant|p1b: Garchomp|flinch
|move|p2b: Tyranitar|Tera Blast|p1a: Flamigo|[anim] Tera Blast Flying
|-supereffective|p1a: Flamigo
|-damage|p1a: Flamigo|0 fnt
|faint|p1a: Flamigo
|
|-weather|Sandstorm|[upkeep]
|-damage|p1b: Garchomp|23/100|[from] Sandstorm
|-damage|p2b: Tyranitar|89/100|[from] Sandstorm
|upkeep
|
|t:|1757185830
|switch|p1a: Typhlosion|Typhlosion-Hisui, L50, F|100/100
|switch|p2a: Indeedee|Indeedee, L50, M, shiny|100/100
|-fieldstart|move: Psychic Terrain|[from] ability: Psychic Surge|[of] p2a: Indeedee
|turn|3
|
|t:|1757185840
|switch|p1b: Rillaboom|Rillaboom, L50, M|100/100
|-fieldstart|move: Grassy Terrain|[from] ability: Grassy Surge|[of] p1b: Rillaboom
|move|p1a: Typhlosion|Heat Wave|p2b: Tyranitar|[spread] 
|-miss|p1a: Typhlosion|p2a: Indeedee
|-miss|p1a: Typhlosion|p2b: Tyranitar
|move|p2a: Indeedee|Expanding Force|p1b: Rillaboom
|-damage|p1b: Rillaboom|71/100
|move|p2b: Tyranitar|Knock Off|p1a: Typhlosion
|-supereffective|p1a: Typhlosion
|-damage|p1a: Typhlosion|0 fnt
|-enditem|p1a: Typhlosion|Choice Scarf|[from] move: Knock Off|[of] p2b: Tyranitar
|faint|p1a: Typhlosion
|
|-weather|Sandstorm|[upkeep]
|-damage|p2a: Indeedee|95/100|[from] Sandstorm
|-damage|p1b: Rillaboom|65/100|[from] Sandstorm
|-damage|p2b: Tyranitar|83/100|[from] Sandstorm
|-heal|p2a: Indeedee|100/100|[from] Grassy Terrain
|-heal|p1b: Rillaboom|71/100|[from] Grassy Terrain
|upkeep
|-message|angelbee21 forfeited.
|
|win|liamvgc1
||angelbee21 is ready for game 3.
||liamvgc1 is ready for game 3.
|uhtml|next|Next: Game 3 of 3
