|j|☆Atrix MJ
|j|☆1700 for rogue
|html|Atrix MJ1700 for rogue    
|uhtml|bestof|Game 2 of a best-of-3
|t:|1756972726
|gametype|doubles
|player|p1|Atrix MJ|miku-fire|1311
|player|p2|1700 for rogue|scientist-gen4|1207
|gen|9
|tier|[Gen 9] VGC 2025 Reg H (Bo3)
|rated|
|rule|Species Clause: Limit one of each Pokémon
|rule|Item Clause: Limit 1 of each item
|clearpoke
|poke|p1|Tyranitar, L50, M|
|poke|p1|Excadrill, L50, M|
|poke|p1|Corviknight, L50, M|
|poke|p1|Amoonguss, L50, F|
|poke|p1|Annihilape, L50, M|
|poke|p1|Maushold, L50|
|poke|p2|Milotic, L50, F|
|poke|p2|Ceruledge, L50, F|
|poke|p2|Ninetales-Alola, L50, F|
|poke|p2|Rillaboom, L50, F|
|poke|p2|Kingambit, L50, M|
|poke|p2|Sneasler, L50, M|
|teampreview|4
|showteam|p1|Tyranitar||AssaultVest|SandStream|RockSlide,KnockOff,LowKick,TeraBlast|||M|||50|,,,,,Flying]Excadrill||FocusSash|SandRush|Earthquake,IronHead,SwordsDance,Protect|||M|||50|,,,,,Ground]Corviknight||Leftovers|MirrorArmor|BraveBird,BulkUp,Roost,BodyPress|||M|||50|,,,,,Water]Amoonguss||RockyHelmet|Regenerator|Spore,RagePowder,PollenPuff,Protect|||F|||50|,,,,,Dark]Annihilape||SafetyGoggles|Defiant|RageFist,DrainPunch,BulkUp,Protect|||M|||50|,,,,,Water]Maushold||CovertCloak|FriendGuard|FollowMe,Taunt,Protect,BeatUp||||||50|,,,,,Grass
|showteam|p2|Milotic||Leftovers|Competitive|Scald,IceBeam,LifeDew,Protect|||F|||50|,,,,,Grass]Ceruledge||ClearAmulet|FlashFire|BulkUp,BitterBlade,ShadowSneak,Protect|||F|||50|,,,,,Grass]Ninetales-Alola||LightClay|SnowWarning|AuroraVeil,Blizzard,IcyWind,Protect|||F|||50|,,,,,Ghost]Rillaboom||AssaultVest|GrassySurge|WoodHammer,FakeOut,Uturn,GrassyGlide|||F|||50|,,,,,Grass]Kingambit||BlackGlasses|Defiant|SuckerPunch,KowtowCleave,SwordsDance,Protect|||M|||50|,,,,,Dark]Sneasler||FocusSash|Unburden|CloseCombat,DireClaw,FakeOut,Protect|||M|||50|,,,,,Ghost
|inactive|Battle timer is ON: inactive players will automatically lose when time's up. (requested by 1700 for rogue)
|inactive|1700 for rogue has 60 seconds left.
|
|t:|1756972758
|teamsize|p1|4
|teamsize|p2|4
|start
|switch|p1a: Annihilape|Annihilape, L50, M|100/100
|switch|p1b: Maushold|Maushold, L50, shiny|100/100
|switch|p2a: Ninetales|Ninetales-Alola, L50, F|100/100
|switch|p2b: Milotic|Milotic, L50, F|100/100
|-weather|Snowscape|[from] ability: Snow Warning|[of] p2a: Ninetales
|turn|1
|
|t:|1756972778
|-terastallize|p1a: Annihilape|Water
|move|p1b: Maushold|Follow Me|p1b: Maushold
|-singleturn|p1b: Maushold|move: Follow Me
|move|p2a: Ninetales|Blizzard|p1b: Maushold|[spread] p1a,p1b
|-resisted|p1a: Annihilape
|-damage|p1a: Annihilape|91/100
|-damage|p1b: Maushold|70/100
|move|p1a: Annihilape|Bulk Up|p1a: Annihilape
|-boost|p1a: Annihilape|atk|1
|-boost|p1a: Annihilape|def|1
|move|p2b: Milotic|Scald|p1b: Maushold
|-damage|p1b: Maushold|19/100
|
|-weather|Snowscape|[upkeep]
|upkeep
|turn|2
|
|t:|1756972794
|move|p1b: Maushold|Beat Up|p1a: Annihilape
|-damage|p1a: Annihilape|89/100
|-crit|p1a: Annihilape
|-damage|p1a: Annihilape|85/100
|-damage|p1a: Annihilape|84/100
|-damage|p1a: Annihilape|81/100
|-hitcount|p1a: Annihilape|4
|move|p2a: Ninetales|Blizzard|p1a: Annihilape|[spread] p1a,p1b
|-resisted|p1a: Annihilape
|-damage|p1a: Annihilape|73/100
|-damage|p1b: Maushold|0 fnt
|faint|p1b: Maushold
|move|p1a: Annihilape|Rage Fist|p2b: Milotic
|-damage|p2b: Milotic|0 fnt
|faint|p2b: Milotic
|
|-weather|Snowscape|[upkeep]
|upkeep
|
|t:|1756972808
|switch|p1b: Corviknight|Corviknight, L50, M|100/100
|switch|p2b: Sneasler|Sneasler, L50, M|100/100
|turn|3
|
|t:|1756972821
|switch|p1a: Tyranitar|Tyranitar, L50, M|100/100
|-weather|Sandstorm|[from] ability: Sand Stream|[of] p1a: Tyranitar
|move|p2a: Ninetales|Aurora Veil||[still]
|-fail|p2a: Ninetales
|move|p2b: Sneasler|Dire Claw|p1a: Tyranitar
|-resisted|p1a: Tyranitar
|-damage|p1a: Tyranitar|83/100
|move|p1b: Corviknight|Brave Bird|p2b: Sneasler
|-supereffective|p2b: Sneasler
|-enditem|p2b: Sneasler|Focus Sash
|-damage|p2b: Sneasler|1/100
|-damage|p1b: Corviknight|76/100|[from] Recoil
|
|-weather|Sandstorm|[upkeep]
|-damage|p2b: Sneasler|0 fnt|[from] Sandstorm
|-damage|p2a: Ninetales|94/100|[from] Sandstorm
|faint|p2b: Sneasler
|-heal|p1b: Corviknight|81/100|[from] item: Leftovers
|upkeep
|-message|1700 for rogue forfeited.
|
|win|Atrix MJ
|raw|Atrix MJ's rating: 1311 → 1325(+14 for winning)
|raw|1700 for rogue's rating: 1207 → 1189(-18 for losing)
|l|☆1700 for rogue
|player|p2|
