|j|☆jANMxRin
|j|☆Alosson
|html|jANMxRinAlosson    
|uhtml|bestof|Game 1 of a best-of-3
|t:|1757009410
|gametype|doubles
|player|p1|jANMxRin|acerola-masters|1098
|player|p2|Alosson|ingo|1050
|gen|9
|tier|[Gen 9] VGC 2025 Reg H (Bo3)
|rated|
|rule|Species Clause: Limit one of each Pokémon
|rule|Item Clause: Limit 1 of each item
|clearpoke
|poke|p1|Indeedee, L50, M|
|poke|p1|Sneasler, L50, F|
|poke|p1|Excadrill, L50, M|
|poke|p1|Corviknight, L50, M|
|poke|p1|Tyranitar, L50, F|
|poke|p1|Annihilape, L50, F|
|poke|p2|Sneasler, L50, M|
|poke|p2|Torkoal, L50, M|
|poke|p2|Hatterene, L50, F|
|poke|p2|Ursaluna-Bloodmoon, L50, M|
|poke|p2|Indeedee, L50, M|
|poke|p2|Lilligant-Hisui, L50, F|
|teampreview|4
|showteam|p1|Indeedee||ChoiceScarf|PsychicSurge|ExpandingForce,TeraBlast,Trick,Protect|||M|||50|,,,,,Psychic]Sneasler||PsychicSeed|Unburden|ThroatChop,CloseCombat,DireClaw,Protect|||F|||50|,,,,,Flying]Excadrill||FocusSash|SandRush|Earthquake,IronHead,SwordsDance,Protect|||M|||50|,,,,,Ground]Corviknight||Leftovers|MirrorArmor|BraveBird,BulkUp,Roost,Protect|||M|||50|,,,,,Water]Tyranitar||AssaultVest|SandStream|RockSlide,KnockOff,LowKick,TeraBlast|||F|||50|,,,,,Flying]Annihilape||SafetyGoggles|Defiant|CloseCombat,FinalGambit,RageFist,Taunt|||F|||50|,,,,,Water
|showteam|p2|Sneasler||PsychicSeed|Unburden|Acrobatics,DireClaw,CloseCombat,Taunt|||M|||50|,,,,,Flying]Torkoal||AssaultVest|Drought|Eruption,BodyPress,WeatherBall,SolarBeam|||M|||50|,,,,,Grass]Hatterene||CovertCloak|MagicBounce|ExpandingForce,TrickRoom,MysticalFire,DazzlingGleam|||F|||50|,,,,,Fire]Ursaluna-Bloodmoon||ThroatSpray|MindsEye|HyperVoice,EarthPower,BloodMoon,Protect|||M|||50|,,,,,Normal]Indeedee||ChoiceScarf|PsychicSurge|TrickRoom,ExpandingForce,Trick,HelpingHand|||M|||50|,,,,,Dark]Lilligant-Hisui||FocusSash|Chlorophyll|AfterYou,SolarBlade,HelpingHand,LowKick|||F|||50|,,,,,Ghost
|inactive|Battle timer is ON: inactive players will automatically lose when time's up. (requested by jANMxRin)
|
|t:|1757009448
|teamsize|p1|4
|teamsize|p2|4
|start
|switch|p1a: Indeedee|Indeedee, L50, M|100/100
|switch|p1b: Sneasler|Sneasler, L50, F|100/100
|switch|p2a: Hatterene|Hatterene, L50, F, shiny|100/100
|switch|p2b: Indeedee|Indeedee, L50, M, shiny|100/100
|-fieldstart|move: Psychic Terrain|[from] ability: Psychic Surge|[of] p1a: Indeedee
|-enditem|p1b: Sneasler|Psychic Seed
|-boost|p1b: Sneasler|spd|1|[from] item: Psychic Seed
|turn|1
|inactive|jANMxRin has 30 seconds left.
|inactive|Alosson has 30 seconds left.
|inactive|jANMxRin has 20 seconds left.
|inactive|jANMxRin has 15 seconds left.
|inactive|jANMxRin has 10 seconds left.
|inactive|jANMxRin has 5 seconds left.
|inactive|Alosson has 20 seconds left.
|inactive|Alosson has 15 seconds left.
|inactive|Alosson has 10 seconds left.
|inactive|Alosson has 5 seconds left.
|
|t:|1757009514
|switch|p1a: Tyranitar|Tyranitar, L50, F|100/100
|-weather|Sandstorm|[from] ability: Sand Stream|[of] p1a: Tyranitar
|-terastallize|p1b: Sneasler|Flying
|-terastallize|p2a: Hatterene|Fire
|move|p1b: Sneasler|Dire Claw|p2a: Hatterene
|-damage|p2a: Hatterene|48/100
|move|p2b: Indeedee|Trick Room|p2b: Indeedee
|-fieldstart|move: Trick Room|[of] p2b: Indeedee
|move|p2a: Hatterene|Trick Room|p2a: Hatterene
|-fieldend|move: Trick Room
|
|-weather|Sandstorm|[upkeep]
|-damage|p1b: Sneasler|95/100|[from] Sandstorm
|-damage|p2b: Indeedee|94/100|[from] Sandstorm
|-damage|p2a: Hatterene|42/100|[from] Sandstorm
|upkeep
|turn|2
|inactive|jANMxRin has 30 seconds left.
|inactive|Alosson has 30 seconds left.
|inactive|jANMxRin has 20 seconds left.
|
|t:|1757009553
|switch|p2a: Lilligant|Lilligant-Hisui, L50, F, shiny|100/100
|move|p1b: Sneasler|Dire Claw|p2a: Lilligant
|-supereffective|p2a: Lilligant
|-enditem|p2a: Lilligant|Focus Sash
|-damage|p2a: Lilligant|1/100
|-status|p2a: Lilligant|par
|move|p1a: Tyranitar|Knock Off|p2b: Indeedee
|-supereffective|p2b: Indeedee
|-damage|p2b: Indeedee|0 fnt
|-enditem|p2b: Indeedee|Choice Scarf|[from] move: Knock Off|[of] p1a: Tyranitar
|faint|p2b: Indeedee
|
|-weather|Sandstorm|[upkeep]
|-damage|p1b: Sneasler|89/100|[from] Sandstorm
|-damage|p2a: Lilligant|0 fnt|[from] Sandstorm
|faint|p2a: Lilligant
|upkeep
|
|t:|1757009570
|switch|p2a: Torkoal|Torkoal, L50, M, shiny|100/100
|switch|p2b: Hatterene|Hatterene, L50, F, shiny, tera:Fire|42/100
|-weather|SunnyDay|[from] ability: Drought|[of] p2a: Torkoal
|turn|3
|inactive|jANMxRin has 30 seconds left.
|inactive|Alosson has 30 seconds left.
|inactive|jANMxRin has 20 seconds left.
|
|t:|1757009606
|move|p1b: Sneasler|Dire Claw|p2b: Hatterene
|-damage|p2b: Hatterene|0 fnt
|faint|p2b: Hatterene
|move|p1a: Tyranitar|Knock Off|p2a: Torkoal
|-damage|p2a: Torkoal|53/100
|-enditem|p2a: Torkoal|Assault Vest|[from] move: Knock Off|[of] p1a: Tyranitar
|move|p2a: Torkoal|Weather Ball|p1b: Sneasler
|-damage|p1b: Sneasler|35/100
|
|-weather|SunnyDay|[upkeep]
|upkeep
|turn|4
|
|t:|1757009623
|move|p1b: Sneasler|Dire Claw|p2a: Torkoal
|-damage|p2a: Torkoal|18/100
|move|p1a: Tyranitar|Knock Off|p2a: Torkoal
|-damage|p2a: Torkoal|0 fnt
|faint|p2a: Torkoal
|
|win|jANMxRin
