|j|☆Bruneauxx
|j|☆kelseyrobinsonvgc
|html|Bruneauxxkelseyrobinsonvgc    
|uhtml|bestof|Game 1 of a best-of-3
|t:|1756949857
|gametype|doubles
|player|p1|Bruneauxx|fisherman-gen4|1177
|player|p2|kelseyrobinsonvgc|clerkf|1099
|gen|9
|tier|[Gen 9] VGC 2025 Reg H (Bo3)
|rated|
|rule|Species Clause: Limit one of each Pokémon
|rule|Item Clause: Limit 1 of each item
|clearpoke
|poke|p1|Braviary-Hisui, L50, M|
|poke|p1|Sneasler, L50, M|
|poke|p1|Indeedee-F, L50, F|
|poke|p1|Pelipper, L50, F|
|poke|p1|Archaludon, L50, M|
|poke|p1|Maushold, L50|
|poke|p2|Gholdengo, L50|
|poke|p2|Amoonguss, L50, F|
|poke|p2|Incineroar, L50, F|
|poke|p2|Porygon2, L50|
|poke|p2|Ursaluna, L50, M|
|poke|p2|Flamigo, L50, F|
|teampreview|4
|showteam|p1|Braviary-Hisui||TwistedSpoon|TintedLens|ExpandingForce,AirSlash,EsperWing,Protect|||M|||50|,,,,,Psychic]Sneasler||PsychicSeed|Unburden|DireClaw,CloseCombat,ThroatChop,Protect|||M|||50|,,,,,Dark]Indeedee-F||SafetyGoggles|PsychicSurge|DazzlingGleam,FollowMe,TrickRoom,HelpingHand|||F|||50|,,,,,Fairy]Pelipper||FocusSash|Drizzle|Hurricane,WeatherBall,Tailwind,Protect|||F|||50|,,,,,Stellar]Archaludon||AssaultVest|Stamina|ElectroShot,FlashCannon,DragonPulse,BodyPress|||M|||50|,,,,,Grass]Maushold||WideLens|Technician|PopulationBomb,SuperFang,Encore,Protect||||||50|,,,,,Ghost
|showteam|p2|Gholdengo||LifeOrb|GoodasGold|MakeItRain,NastyPlot,Protect,ShadowBall||||||50|,,,,,Dragon]Amoonguss||SitrusBerry|Regenerator|Spore,RagePowder,SludgeBomb,Protect|||F|||50|,,,,,Dark]Incineroar||SafetyGoggles|Intimidate|FlareBlitz,KnockOff,PartingShot,FakeOut|||F|||50|,,,,,Ghost]Porygon2||Eviolite|Download|Recover,TeraBlast,IceBeam,TrickRoom||||||50|,,,,,Fighting]Ursaluna||FlameOrb|Guts|HeadlongRush,Facade,Protect,Earthquake|||M|||50|,,,,,Ghost]Flamigo||FocusSash|Scrappy|CloseCombat,BraveBird,Tailwind,Protect|||F|||50|,,,,,Steel
|inactive|Battle timer is ON: inactive players will automatically lose when time's up. (requested by kelseyrobinsonvgc)
|inactive|Bruneauxx has 60 seconds left.
|inactive|kelseyrobinsonvgc has 60 seconds left.
|inactive|Bruneauxx has 30 seconds left.
|
|t:|1756949926
|teamsize|p1|4
|teamsize|p2|4
|start
|switch|p1a: Braviary|Braviary-Hisui, L50, M|100/100
|switch|p1b: Indeedee|Indeedee-F, L50, F|100/100
|switch|p2a: Porygon2|Porygon2, L50|100/100
|switch|p2b: Incineroar|Incineroar, L50, F|100/100
|-fieldstart|move: Psychic Terrain|[from] ability: Psychic Surge|[of] p1b: Indeedee
|-ability|p2b: Incineroar|Intimidate|boost
|-unboost|p1a: Braviary|atk|1
|-unboost|p1b: Indeedee|atk|1
|-ability|p2a: Porygon2|Download|boost
|-boost|p2a: Porygon2|atk|1
|turn|1
|
|t:|1756949947
|-terastallize|p1a: Braviary|Psychic
|move|p1a: Braviary|Expanding Force|p2b: Incineroar|[spread] p2a
|-immune|p2b: Incineroar
|-damage|p2a: Porygon2|41/100
|move|p2b: Incineroar|Knock Off|p1b: Indeedee
|-supereffective|p1b: Indeedee
|-damage|p1b: Indeedee|23/100
|-enditem|p1b: Indeedee|Safety Goggles|[from] move: Knock Off|[of] p2b: Incineroar
|move|p1b: Indeedee|Trick Room|p1b: Indeedee
|-fieldstart|move: Trick Room|[of] p1b: Indeedee
|move|p2a: Porygon2|Trick Room|p2a: Porygon2
|-fieldend|move: Trick Room
|
|upkeep
|turn|2
|
|t:|1756949970
|move|p1b: Indeedee|Follow Me|p1b: Indeedee
|-singleturn|p1b: Indeedee|move: Follow Me
|move|p1a: Braviary|Esper Wing|p2a: Porygon2
|-damage|p2a: Porygon2|0 fnt
|-boost|p1a: Braviary|spe|1
|faint|p2a: Porygon2
|move|p2b: Incineroar|Knock Off|p1b: Indeedee
|-supereffective|p1b: Indeedee
|-damage|p1b: Indeedee|0 fnt
|faint|p1b: Indeedee
|
|upkeep
|
|t:|1756949981
|switch|p1b: Sneasler|Sneasler, L50, M|100/100
|switch|p2a: Amoonguss|Amoonguss, L50, F|100/100
|-enditem|p1b: Sneasler|Psychic Seed
|-boost|p1b: Sneasler|spd|1|[from] item: Psychic Seed
|turn|3
|inactive|kelseyrobinsonvgc has 30 seconds left.
|
|t:|1756950013
|-terastallize|p2a: Amoonguss|Dark
|move|p1a: Braviary|Protect|p1a: Braviary
|-singleturn|p1a: Braviary|Protect
|move|p1b: Sneasler|Close Combat|p2b: Incineroar
|-supereffective|p2b: Incineroar
|-damage|p2b: Incineroar|0 fnt
|-unboost|p1b: Sneasler|def|1
|-unboost|p1b: Sneasler|spd|1
|faint|p2b: Incineroar
|move|p2a: Amoonguss|Spore|p1a: Braviary
|-activate|p1a: Braviary|move: Protect
|
|upkeep
|
|t:|1756950024
|switch|p2b: Ursaluna|Ursaluna, L50, M|100/100
|turn|4
|
|t:|1756950034
|move|p1b: Sneasler|Close Combat|p2a: Amoonguss
|-supereffective|p2a: Amoonguss
|-damage|p2a: Amoonguss|0 fnt
|-unboost|p1b: Sneasler|def|1
|-unboost|p1b: Sneasler|spd|1
|faint|p2a: Amoonguss
|move|p1a: Braviary|Expanding Force|p2b: Ursaluna
|-damage|p2b: Ursaluna|10/100
|move|p2b: Ursaluna|Headlong Rush|p1b: Sneasler
|-supereffective|p1b: Sneasler
|-damage|p1b: Sneasler|0 fnt
|-unboost|p2b: Ursaluna|def|1
|-unboost|p2b: Ursaluna|spd|1
|faint|p1b: Sneasler
|
|-status|p2b: Ursaluna|brn|[from] item: Flame Orb
|upkeep
|-message|kelseyrobinsonvgc forfeited.
|
|win|Bruneauxx
|l|☆kelseyrobinsonvgc
|player|p2|
||kelseyrobinsonvgc is ready for game 2.
||Bruneauxx is ready for game 2.
|uhtml|next|Next: Game 2 of 3
|l|☆Bruneauxx
|player|p1|
|j|☆Bruneauxx
|player|p1|Bruneauxx|fisherman-gen4|
