|j|☆cocobennyy
|j|☆Its Sushiii
|html|cocobennyyIts Sushiii    
|uhtml|bestof|Game 1 of a best-of-3
|t:|1783460753
|gametype|doubles
|player|p1|cocobennyy|medium|1104
|player|p2|Its Sushiii|265|1202
|gen|9
|tier|[Gen 9 Champions] VGC 2026 Reg M-B (Bo3)
|rated|
|rule|Species Clause: Limit one of each Pokémon
|rule|Item Clause: Limit 1 of each item
|clearpoke
|poke|p1|Archaludon, L50, M|
|poke|p1|Swampert, L50, M|
|poke|p1|Politoed, L50, M|
|poke|p1|Incineroar, L50, M|
|poke|p1|Gengar, L50, M|
|poke|p1|Mimikyu, L50, F|
|poke|p2|Kingambit, L50, M|
|poke|p2|Charizard, L50, F|
|poke|p2|Aerodactyl, L50, M|
|poke|p2|Farigiraf, L50, M|
|poke|p2|Garchomp, L50, F|
|poke|p2|Sylveon, L50, M|
|teampreview|4
|showteam|p1|Archaludon||Leftovers|Stamina|Protect,ElectroShot,FlashCannon,DragonPulse|Modest||M|||50|]Swampert||Swampertite|Torrent|Protect,WaveCrash,HighHorsepower,IcePunch|Adamant||M|||50|]Politoed||SitrusBerry|Drizzle|Protect,PerishSong,IcyWind,WeatherBall|Calm||M|||50|]Incineroar||PasshoBerry|Intimidate|FakeOut,Protect,PartingShot,DarkestLariat|Careful||M|||50|]Gengar||Gengarite|CursedBody|Protect,PerishSong,Disable,ShadowBall|Modest||M|||50|]Mimikyu||LifeOrb|Disguise|TrickRoom,Protect,WoodHammer,PlayRough|Adamant||F|||50|
|showteam|p2|Kingambit||FocusSash|Defiant|KowtowCleave,IronHead,SuckerPunch,LowKick|Adamant||M|||50|]Charizard||CharizarditeY|Blaze|HeatWave,SolarBeam,WeatherBall,Protect|Modest||F|||50|]Aerodactyl||Aerodactylite|Unnerve|RockSlide,DualWingbeat,IceFang,Tailwind|Jolly||M|||50|]Farigiraf||SitrusBerry|ArmorTail|TwinBeam,Thunderbolt,TrickRoom,Protect|Bold||M|||50|]Garchomp||LifeOrb|RoughSkin|Earthquake,DragonClaw,StompingTantrum,Protect|Jolly||F|||50|]Sylveon||FairyFeather|Pixilate|HyperVoice,HyperBeam,QuickAttack,Protect|Modest||M|||50|
|inactive|Battle timer is ON: inactive players will automatically lose when time's up. (requested by Its Sushiii)
|inactive|Its Sushiii has 60 seconds left.
|
|t:|1783460822
|teamsize|p1|4
|teamsize|p2|4
|start
|switch|p1a: Swampert|Swampert, L50, M|100/100
|switch|p1b: Mimikyu|Mimikyu, L50, F|100/100
|switch|p2a: Aerodactyl|Aerodactyl, L50, M|100/100
|switch|p2b: Kingambit|Kingambit, L50, M|100/100
|-ability|p2a: Aerodactyl|Unnerve
|turn|1
|inactive|cocobennyy has 30 seconds left.
|inactive|Its Sushiii has 30 seconds left.
|inactive|cocobennyy has 20 seconds left.
|inactive|Its Sushiii has 20 seconds left.
|inactive|cocobennyy has 15 seconds left.
|inactive|Its Sushiii has 15 seconds left.
|inactive|Its Sushiii has 10 seconds left.
|
|t:|1783460869
|switch|p2a: Farigiraf|Farigiraf, L50, M|100/100
|detailschange|p1a: Swampert|Swampert-Mega, L50, M
|-mega|p1a: Swampert|Swampert|Swampertite
|move|p1a: Swampert|High Horsepower|p2b: Kingambit
|-supereffective|p2b: Kingambit|1
|-crit|p2b: Kingambit
|-enditem|p2b: Kingambit|Focus Sash
|-damage|p2b: Kingambit|1/100
|move|p2b: Kingambit|Kowtow Cleave|p1a: Swampert
|-damage|p1a: Swampert|56/100
|move|p1b: Mimikyu|Trick Room|p1b: Mimikyu
|-fieldstart|move: Trick Room|[of] p1b: Mimikyu
|
|upkeep
|turn|2
|inactive|cocobennyy has 30 seconds left.
|inactive|Its Sushiii has 30 seconds left.
|inactive|Its Sushiii has 20 seconds left.
|
|t:|1783460906
|switch|p2b: Sylveon|Sylveon, L50, M|100/100
|switch|p1a: Archaludon|Archaludon, L50, M|100/100
|move|p2a: Farigiraf|Twin Beam|p1b: Mimikyu
|-activate|p1b: Mimikyu|ability: Disguise
|-damage|p1b: Mimikyu|100/100
|detailschange|p1b: Mimikyu|Mimikyu-Busted, L50, F
|-damage|p1b: Mimikyu|87/100|[from] pokemon: Mimikyu-Busted
|-damage|p1b: Mimikyu|72/100
|-hitcount|p1b: Mimikyu|2
|move|p1b: Mimikyu|Wood Hammer|p2b: Sylveon
|-damage|p2b: Sylveon|43/100
|-damage|p1b: Mimikyu|51/100|[from] Recoil
|-damage|p1b: Mimikyu|41/100|[from] item: Life Orb
|
|upkeep
|turn|3
|inactive|cocobennyy has 30 seconds left.
|inactive|Its Sushiii has 30 seconds left.
|inactive|cocobennyy has 20 seconds left.
|inactive|Its Sushiii has 20 seconds left.
|inactive|cocobennyy has 15 seconds left.
|inactive|Its Sushiii has 15 seconds left.
|inactive|cocobennyy has 10 seconds left.
|inactive|Its Sushiii has 10 seconds left.
|
|t:|1783460954
|move|p2a: Farigiraf|Twin Beam|p1b: Mimikyu
|-damage|p1b: Mimikyu|25/100
|-damage|p1b: Mimikyu|8/100
|-hitcount|p1b: Mimikyu|2
|move|p2b: Sylveon|Hyper Beam|p1a: Archaludon
|-crit|p1a: Archaludon
|-damage|p1a: Archaludon|0 fnt
|-mustrecharge|p2b: Sylveon
|faint|p1a: Archaludon
|move|p1b: Mimikyu|Play Rough|p2b: Sylveon
|-damage|p2b: Sylveon|0 fnt
|faint|p2b: Sylveon
|-damage|p1b: Mimikyu|0 fnt|[from] item: Life Orb
|faint|p1b: Mimikyu
|
|upkeep
|
|t:|1783460974
|switch|p2b: Kingambit|Kingambit, L50, M|1/100
|switch|p1a: Politoed|Politoed, L50, M|100/100
|switch|p1b: Swampert|Swampert-Mega, L50, M|56/100
|-weather|RainDance|[from] ability: Drizzle|[of] p1a: Politoed
|turn|4
|inactive|Its Sushiii has 30 seconds left.
|
|t:|1783461004
|move|p1b: Swampert|Protect|p1b: Swampert
|-singleturn|p1b: Swampert|Protect
|move|p2a: Farigiraf|Thunderbolt|p1a: Politoed
|-supereffective|p1a: Politoed|1
|-damage|p1a: Politoed|67/100
|move|p1a: Politoed|Weather Ball|p2b: Kingambit
|-damage|p2b: Kingambit|0 fnt
|faint|p2b: Kingambit
|
|-weather|RainDance|[upkeep]
|upkeep
|
|t:|1783461013
|switch|p2b: Aerodactyl|Aerodactyl, L50, M|100/100
|-ability|p2b: Aerodactyl|Unnerve
|turn|5
|inactive|Its Sushiii has 30 seconds left.
|
|t:|1783461042
|detailschange|p2b: Aerodactyl|Aerodactyl-Mega, L50, M
|-mega|p2b: Aerodactyl|Aerodactyl|Aerodactylite
|move|p2a: Farigiraf|Thunderbolt|p1a: Politoed
|-supereffective|p1a: Politoed|1
|-damage|p1a: Politoed|32/100
|-enditem|p1a: Politoed|Sitrus Berry|[eat]
|-heal|p1a: Politoed|57/100|[from] item: Sitrus Berry
|move|p1a: Politoed|Weather Ball|p2a: Farigiraf
|-damage|p2a: Farigiraf|51/100
|move|p1b: Swampert|Wave Crash|p2b: Aerodactyl
|-supereffective|p2b: Aerodactyl|1
|-damage|p2b: Aerodactyl|0 fnt
|faint|p2b: Aerodactyl
|-damage|p1b: Swampert|24/100|[from] Recoil
|
|-weather|RainDance|[upkeep]
|-fieldend|move: Trick Room
|upkeep
|turn|6
|-message|Its Sushiii forfeited.
|
|win|cocobennyy
||Its Sushiii is ready for game 2.
|inactive|cocobennyy has 30 seconds to confirm battle start!
||cocobennyy is ready for game 2.
|uhtml|next|Next: Game 2 of 3
|l|☆cocobennyy
|player|p1|
