|j|☆Dymin
|j|☆chocokoala vgc
|html|Dyminchocokoala vgc    
|uhtml|bestof|Game 2 of a best-of-3
|t:|1784822653
|gametype|doubles
|player|p1|Dymin|burglar|1319
|player|p2|chocokoala vgc|benga|1287
|gen|9
|tier|[Gen 9 Champions] VGC 2026 Reg M-B (Bo3)
|rated|
|rule|Species Clause: Limit one of each Pokémon
|rule|Item Clause: Limit 1 of each item
|clearpoke
|poke|p1|Kangaskhan, L50, F|
|poke|p1|Farigiraf, L50, M|
|poke|p1|Decidueye-Hisui, L50, F|
|poke|p1|Mawile, L50, F|
|poke|p1|Camerupt, L50, M|
|poke|p1|Avalugg-Hisui, L50, F|
|poke|p2|Hydreigon, L50, M|
|poke|p2|Metagross, L50|
|poke|p2|Ninetales-Alola, L50, F|
|poke|p2|Sneasler, L50, M|
|poke|p2|Incineroar, L50, F|
|poke|p2|Charizard, L50, M|
|teampreview|4
|showteam|p1|Kangaskhan||SilkScarf|Scrappy|FakeOut,LastResort|Brave||F|||50|]Farigiraf||ColburBerry|ArmorTail|Thunderbolt,TrickRoom,Psychic,Protect|Relaxed||M|||50|]Decidueye-Hisui||ScopeLens|Scrappy|TripleArrows,LeafBlade,Protect,SuckerPunch|Brave||F|||50|]Mawile||Mawilite|Intimidate|IronHead,PlayRough,Protect,SuckerPunch|Brave||F|||50|]Camerupt||Cameruptite|SolidRock|HeatWave,EarthPower,AncientPower,Protect|Quiet||M|||50|]Avalugg-Hisui||WideLens|Sturdy|MountainGale,RockSlide,BodyPress,WideGuard|Brave||F|||50|
|showteam|p2|Hydreigon||ChoiceScarf|Levitate|DarkPulse,DracoMeteor,Snarl,HeatWave|Modest||M|||50|]Metagross||Metagrossite|ClearBody|BulletPunch,PsychicFangs,Protect,IronHead|Adamant|||||50|]Ninetales-Alola||LightClay|SnowWarning|Blizzard,FreezeDry,Protect,AuroraVeil|Timid||F|||50|]Sneasler||FocusSash|Unburden|FakeOut,DireClaw,CloseCombat,Coaching|Naive||M|||50|]Incineroar||SitrusBerry|Intimidate|FakeOut,PartingShot,FlareBlitz,ThroatChop|Calm||F|||50|]Charizard||CharizarditeX|Blaze|FlareBlitz,DragonClaw,Protect,DragonDance|Adamant||M|||50|
|inactive|Battle timer is ON: inactive players will automatically lose when time's up. (requested by chocokoala vgc)
|
|t:|1784822670
|teamsize|p1|4
|teamsize|p2|4
|start
|switch|p1a: Farigiraf|Farigiraf, L50, M|100/100
|switch|p1b: Camerupt|Camerupt, L50, M|100/100
|switch|p2a: Sneasler|Sneasler, L50, M|100/100
|switch|p2b: Metagross|Metagross, L50|100/100
|turn|1
|
|t:|1784822693
|switch|p2b: Hydreigon|Hydreigon, L50, M|100/100
|detailschange|p1b: Camerupt|Camerupt-Mega, L50, M
|-mega|p1b: Camerupt|Camerupt|Cameruptite
|move|p1a: Farigiraf|Protect|p1a: Farigiraf
|-singleturn|p1a: Farigiraf|Protect
|move|p2a: Sneasler|Close Combat|p1b: Camerupt
|-damage|p1b: Camerupt|32/100
|-unboost|p2a: Sneasler|def|1
|-unboost|p2a: Sneasler|spd|1
|move|p1b: Camerupt|Earth Power|p2b: Hydreigon
|-immune|p2b: Hydreigon|[from] ability: Levitate
|
|upkeep
|turn|2
|
|t:|1784822709
|move|p1b: Camerupt|Protect|p1b: Camerupt
|-singleturn|p1b: Camerupt|Protect
|move|p2b: Hydreigon|Dark Pulse|p1a: Farigiraf
|-supereffective|p1a: Farigiraf|1
|-enditem|p1a: Farigiraf|Colbur Berry|[eat]
|-enditem|p1a: Farigiraf|Colbur Berry|[weaken]
|-damage|p1a: Farigiraf|42/100
|move|p2a: Sneasler|Close Combat|p1a: Farigiraf
|-damage|p1a: Farigiraf|0 fnt
|-unboost|p2a: Sneasler|def|1
|-unboost|p2a: Sneasler|spd|1
|faint|p1a: Farigiraf
|
|upkeep
|
|t:|1784822719
|switch|p1a: Kangaskhan|Kangaskhan, L50, F|100/100
|turn|3
|
|t:|1784822726
|move|p1a: Kangaskhan|Fake Out|p2b: Hydreigon
|-damage|p2b: Hydreigon|73/100
|cant|p2b: Hydreigon|flinch
|move|p2a: Sneasler|Close Combat|p1a: Kangaskhan
|-supereffective|p1a: Kangaskhan|1
|-damage|p1a: Kangaskhan|0 fnt
|-unboost|p2a: Sneasler|def|1
|-unboost|p2a: Sneasler|spd|1
|faint|p1a: Kangaskhan
|move|p1b: Camerupt|Heat Wave|p2b: Hydreigon|[spread] p2a,p2b
|-resisted|p2b: Hydreigon|1
|-enditem|p2a: Sneasler|Focus Sash
|-damage|p2a: Sneasler|1/100
|-damage|p2b: Hydreigon|37/100
|
|upkeep
|
|t:|1784822733
|switch|p1a: Avalugg|Avalugg-Hisui, L50, F|100/100
|turn|4
|
|t:|1784822740
|move|p2a: Sneasler|Close Combat|p1a: Avalugg
|-supereffective|p1a: Avalugg|2
|-ability|p1a: Avalugg|Sturdy
|-damage|p1a: Avalugg|1/100
|-unboost|p2a: Sneasler|def|1
|-unboost|p2a: Sneasler|spd|1
|move|p2b: Hydreigon|Dark Pulse|p1a: Avalugg
|-damage|p1a: Avalugg|0 fnt
|faint|p1a: Avalugg
|move|p1b: Camerupt|Ancient Power|p2a: Sneasler
|-resisted|p2a: Sneasler|1
|-damage|p2a: Sneasler|0 fnt
|faint|p2a: Sneasler
|
|upkeep
|
|t:|1784822753
|switch|p2a: Metagross|Metagross, L50|100/100
|turn|5
|inactive|Dymin has 30 seconds left.
|inactive|Dymin has 20 seconds left.
|inactive|Dymin has 15 seconds left.
|inactive|Dymin has 10 seconds left.
|inactive|Dymin has 5 seconds left.
|
|t:|1784822808
|detailschange|p2a: Metagross|Metagross-Mega, L50
|-mega|p2a: Metagross|Metagross|Metagrossite
|move|p2b: Hydreigon|Dark Pulse|p1b: Camerupt
|-damage|p1b: Camerupt|0 fnt
|faint|p1b: Camerupt
|
|win|chocokoala vgc
|raw|Dymin's rating: 1319 → 1297(-22 for losing)
|raw|chocokoala vgc's rating: 1287 → 1314(+27 for winning)
