|j|☆mouseilluminati
|j|☆larpelorde
|html|mouseilluminatilarpelorde    
|uhtml|bestof|Game 2 of a best-of-3
|t:|1784317646
|gametype|doubles
|player|p1|mouseilluminati|n|1195
|player|p2|larpelorde|266|1097
|gen|9
|tier|[Gen 9 Champions] VGC 2026 Reg M-B (Bo3)
|rated|
|rule|Species Clause: Limit one of each Pokémon
|rule|Item Clause: Limit 1 of each item
|clearpoke
|poke|p1|Pyroar, L50, F|
|poke|p1|Basculegion, L50, M|
|poke|p1|Torkoal, L50, F|
|poke|p1|Whimsicott, L50, F|
|poke|p1|Mawile, L50, M|
|poke|p1|Farigiraf, L50, F|
|poke|p2|Staraptor, L50, F|
|poke|p2|Whimsicott, L50, F|
|poke|p2|Ceruledge, L50, F|
|poke|p2|Farigiraf, L50, F|
|poke|p2|Garchomp, L50, M|
|poke|p2|Metagross, L50|
|teampreview|4
|showteam|p1|Pyroar||Pyroarite|Unnerve|HeatWave,Overheat,Protect,SolarBeam|Timid||F|||50|]Basculegion||LifeOrb|Adaptability|AquaJet,WaveCrash,Protect,LastRespects|Adamant||M|||50|]Torkoal||Charcoal|Drought|Eruption,WeatherBall,Protect,HelpingHand|Quiet||F|||50|]Whimsicott||FocusSash|Prankster|Moonblast,SunnyDay,Protect,Tailwind|Timid||F|||50|]Mawile||Mawilite|HyperCutter|RockSlide,PlayRough,Protect,SuckerPunch|Adamant||M|||50|]Farigiraf||ColburBerry|ArmorTail|FoulPlay,Psychic,HelpingHand,TrickRoom|Relaxed||F|||50|
|showteam|p2|Staraptor||Staraptite|Intimidate|CloseCombat,Protect,Roost,BraveBird|Jolly||F|||50|]Whimsicott||FocusSash|Prankster|Tailwind,Moonblast,Charm,Encore|Timid||F|||50|]Ceruledge||ColburBerry|FlashFire|BitterBlade,ShadowSneak,BulkUp,Protect|Adamant||F|||50|]Farigiraf||SitrusBerry|ArmorTail|TrickRoom,HelpingHand,Psychic,Thunderbolt|Calm||F|||50|]Garchomp||LifeOrb|SandVeil|StompingTantrum,RockSlide,DragonClaw,Protect|Jolly||M|||50|]Metagross||Metagrossite|ClearBody|PsychicFangs,IronHead,StompingTantrum,Protect|Adamant|||||50|
|inactive|Battle timer is ON: inactive players will automatically lose when time's up. (requested by larpelorde)
|
|t:|1784317671
|teamsize|p1|4
|teamsize|p2|4
|start
|switch|p1a: Farigiraf|Farigiraf, L50, F|100/100
|switch|p1b: Mawile|Mawile, L50, M|100/100
|switch|p2a: Farigiraf|Farigiraf, L50, F|100/100
|switch|p2b: Metagross|Metagross, L50|100/100
|turn|1
|
|t:|1784317688
|switch|p1b: Torkoal|Torkoal, L50, F|100/100
|-weather|SunnyDay|[from] ability: Drought|[of] p1b: Torkoal
|move|p2a: Farigiraf|Helping Hand|p2b: Metagross
|-singleturn|p2b: Metagross|Helping Hand|[of] p2a: Farigiraf
|move|p2b: Metagross|Iron Head|p1a: Farigiraf
|-damage|p1a: Farigiraf|46/100
|move|p1a: Farigiraf|Trick Room|p1a: Farigiraf
|-fieldstart|move: Trick Room|[of] p1a: Farigiraf
|
|-weather|SunnyDay|[upkeep]
|upkeep
|turn|2
|inactive|mouseilluminati has 30 seconds left.
|inactive|mouseilluminati has 20 seconds left.
|
|t:|1784317724
|move|p1a: Farigiraf|Helping Hand|p1b: Torkoal
|-singleturn|p1b: Torkoal|Helping Hand|[of] p1a: Farigiraf
|move|p1b: Torkoal|Eruption|p2a: Farigiraf|[spread] p2a,p2b
|-supereffective|p2b: Metagross|1
|-damage|p2a: Farigiraf|0 fnt
|-damage|p2b: Metagross|0 fnt
|faint|p2a: Farigiraf
|faint|p2b: Metagross
|
|-weather|SunnyDay|[upkeep]
|upkeep
|
|t:|1784317733
|switch|p2a: Staraptor|Staraptor, L50, F|100/100
|switch|p2b: Whimsicott|Whimsicott, L50, F|100/100
|-ability|p2a: Staraptor|Intimidate|boost
|-unboost|p1a: Farigiraf|atk|1
|-unboost|p1b: Torkoal|atk|1
|turn|3
|
|t:|1784317757
|detailschange|p2a: Staraptor|Staraptor-Mega, L50, F
|-mega|p2a: Staraptor|Staraptor|Staraptite
|move|p1a: Farigiraf|Helping Hand|p1b: Torkoal
|-singleturn|p1b: Torkoal|Helping Hand|[of] p1a: Farigiraf
|move|p2b: Whimsicott|Charm|p2a: Staraptor
|-boost|p2a: Staraptor|atk|2
|move|p1b: Torkoal|Eruption|p2b: Whimsicott|[spread] p2a,p2b
|-supereffective|p2b: Whimsicott|1
|-crit|p2b: Whimsicott
|-damage|p2a: Staraptor|0 fnt
|-enditem|p2b: Whimsicott|Focus Sash
|-damage|p2b: Whimsicott|1/100
|faint|p2a: Staraptor
|
|-weather|SunnyDay|[upkeep]
|upkeep
|turn|4
|inactive|mouseilluminati has 30 seconds left.
|
|t:|1784317782
|move|p1a: Farigiraf|Helping Hand|p1b: Torkoal
|-singleturn|p1b: Torkoal|Helping Hand|[of] p1a: Farigiraf
|move|p1b: Torkoal|Protect|p1b: Torkoal
|-singleturn|p1b: Torkoal|Protect
|move|p2b: Whimsicott|Moonblast|p1a: Farigiraf
|-damage|p1a: Farigiraf|10/100
|
|-weather|SunnyDay|[upkeep]
|upkeep
|turn|5
|
|t:|1784317797
|move|p1b: Torkoal|Weather Ball|p2b: Whimsicott
|-supereffective|p2b: Whimsicott|1
|-damage|p2b: Whimsicott|0 fnt
|faint|p2b: Whimsicott
|
|win|mouseilluminati
|raw|mouseilluminati's rating: 1195 → 1213(+18 for winning)
|raw|larpelorde's rating: 1097 → 1079(-18 for losing)
|l|☆larpelorde
|player|p2|
