|j|☆PoorMonVgc
|j|☆dont make me walk
|html|PoorMonVgcdont make me walk    
|uhtml|bestof|Game 2 of a best-of-3
|t:|1756497595
|gametype|doubles
|player|p1|PoorMonVgc|169|1103
|player|p2|dont make me walk|red-masters3|1186
|gen|9
|tier|[Gen 9] VGC 2025 Reg H (Bo3)
|rated|
|rule|Species Clause: Limit one of each Pokémon
|rule|Item Clause: Limit 1 of each item
|clearpoke
|poke|p1|Electabuzz, L50, F|
|poke|p1|Kommo-o, L50, M|
|poke|p1|Sneasler, L50, M|
|poke|p1|Dondozo, L50, F|
|poke|p1|Rillaboom, L50, M|
|poke|p1|Gholdengo, L50|
|poke|p2|Ursaluna-Bloodmoon, L50, M|
|poke|p2|Indeedee, L50, M|
|poke|p2|Sneasler, L50, F|
|poke|p2|Incineroar, L50, F|
|poke|p2|Electabuzz, L50, F|
|poke|p2|Talonflame, L50, F|
|teampreview|4
|showteam|p1|Electabuzz||Eviolite|VitalSpirit|Protect,HelpingHand,FollowMe,Electroweb|||F|||50|,,,,,Grass]Kommo-o||ThroatSpray|Soundproof|ClangingScales,ClangorousSoul,Flamethrower,Protect|||M|||50|,,,,,Fire]Sneasler||FocusSash|Unburden|FakeOut,Protect,DireClaw,CloseCombat|||M|||50|,,,,,Stellar]Dondozo||Leftovers|Unaware|Protect,Yawn,WaveCrash,Fissure|||F|||50|,,,,,Flying]Rillaboom||AssaultVest|GrassySurge|FakeOut,GrassyGlide,WoodHammer,HighHorsepower|||M|||50|,,,,,Fire]Gholdengo||ChoiceSpecs|GoodasGold|DazzlingGleam,MakeItRain,ShadowBall,PowerGem||||||50|,,,,,Fairy
|showteam|p2|Ursaluna-Bloodmoon||LifeOrb|MindsEye|Protect,EarthPower,HyperVoice,BloodMoon|||M|||50|,,,,,Normal]Indeedee||FocusSash|PsychicSurge|ExpandingForce,TeraBlast,TrickRoom,Protect|||M|||50|,,,,,Fighting]Sneasler||PsychicSeed|Unburden|DireClaw,CloseCombat,ThroatChop,Protect|||F|||50|,,,,,Dark]Incineroar||AssaultVest|Intimidate|FakeOut,KnockOff,FlareBlitz,Uturn|||F|||50|,,,,,Grass]Electabuzz||Eviolite|VitalSpirit|Electroweb,Taunt,FollowMe,Protect|||F|||50|,,,,,Ghost]Talonflame||CovertCloak|GaleWings|FlareBlitz,DualWingbeat,WillOWisp,Tailwind|||F|||50|,,,,,Fairy
|inactive|Battle timer is ON: inactive players will automatically lose when time's up. (requested by dont make me walk)
|inactive|PoorMonVgc has 60 seconds left.
|
|t:|1756497627
|teamsize|p1|4
|teamsize|p2|4
|start
|switch|p1a: Gholdengo|Gholdengo, L50|100/100
|switch|p1b: Rillaboom|Rillaboom, L50, M|100/100
|switch|p2a: Talonflame|Talonflame, L50, F|100/100
|switch|p2b: Ursaluna|Ursaluna-Bloodmoon, L50, M|100/100
|-fieldstart|move: Grassy Terrain|[from] ability: Grassy Surge|[of] p1b: Rillaboom
|turn|1
|inactive|PoorMonVgc has 30 seconds left.
|inactive|dont make me walk has 30 seconds left.
|
|t:|1756497660
|-terastallize|p1a: Gholdengo|Fairy
|move|p2b: Ursaluna|Protect|p2b: Ursaluna
|-singleturn|p2b: Ursaluna|Protect
|move|p2a: Talonflame|Tailwind|p2a: Talonflame
|-sidestart|p2: dont make me walk|move: Tailwind
|move|p1b: Rillaboom|Grassy Glide|p2a: Talonflame
|-resisted|p2a: Talonflame
|-damage|p2a: Talonflame|90/100
|move|p1a: Gholdengo|Dazzling Gleam|p2b: Ursaluna|[spread] p2a
|-activate|p2b: Ursaluna|move: Protect
|-resisted|p2a: Talonflame
|-damage|p2a: Talonflame|53/100
|
|upkeep
|turn|2
|
|t:|1756497679
|-terastallize|p2b: Ursaluna|Normal
|move|p1b: Rillaboom|Grassy Glide|p2b: Ursaluna
|-damage|p2b: Ursaluna|67/100
|move|p2a: Talonflame|Will-O-Wisp|p1b: Rillaboom
|-status|p1b: Rillaboom|brn
|move|p2b: Ursaluna|Blood Moon|p1a: Gholdengo
|-damage|p1a: Gholdengo|0 fnt
|faint|p1a: Gholdengo
|-damage|p2b: Ursaluna|58/100|[from] item: Life Orb
|
|-heal|p2b: Ursaluna|64/100|[from] Grassy Terrain
|-damage|p1b: Rillaboom|95/100 brn|[from] brn
|upkeep
|
|t:|1756497698
|switch|p1a: Dondozo|Dondozo, L50, F|100/100
|turn|3
|
|t:|1756497706
|move|p2b: Ursaluna|Protect|p2b: Ursaluna
|-singleturn|p2b: Ursaluna|Protect
|move|p1b: Rillaboom|Grassy Glide|p2b: Ursaluna
|-activate|p2b: Ursaluna|move: Protect
|move|p2a: Talonflame|Flare Blitz|p1b: Rillaboom
|-supereffective|p1b: Rillaboom
|-damage|p1b: Rillaboom|27/100 brn
|-damage|p2a: Talonflame|27/100|[from] Recoil
|move|p1a: Dondozo|Yawn|p2b: Ursaluna
|-activate|p2b: Ursaluna|move: Protect
|
|-heal|p2b: Ursaluna|70/100|[from] Grassy Terrain
|-heal|p1b: Rillaboom|33/100 brn|[from] Grassy Terrain
|-damage|p1b: Rillaboom|27/100 brn|[from] brn
|upkeep
|turn|4
|-message|PoorMonVgc forfeited.
|raw|PoorMonVgc's rating: 1103 → 1084(-19 for losing)
|raw|dont make me walk's rating: 1186 → 1205(+19 for winning)
|
|win|dont make me walk
|l|☆PoorMonVgc
|player|p1|
