|j|☆b1kope
|j|☆palle synchro
|html|b1kopepalle synchro    
|uhtml|bestof|Game 2 of a best-of-3
|t:|1757082838
|gametype|doubles
|player|p1|b1kope|266|1212
|player|p2|palle synchro|volkner|1409
|gen|9
|tier|[Gen 9] VGC 2025 Reg H (Bo3)
|rated|
|rule|Species Clause: Limit one of each Pokémon
|rule|Item Clause: Limit 1 of each item
|clearpoke
|poke|p1|Dragonite, L50, F|
|poke|p1|Chandelure, L50, M|
|poke|p1|Incineroar, L50, F|
|poke|p1|Gastrodon, L50, M|
|poke|p1|Snorlax, L50, M|
|poke|p1|Amoonguss, L50, F|
|poke|p2|Whimsicott, L50, M|
|poke|p2|Annihilape, L50, M|
|poke|p2|Indeedee, L50, M|
|poke|p2|Sneasler, L50, F|
|poke|p2|Ursaluna-Bloodmoon, L50, M|
|poke|p2|Archaludon, L50, F|
|teampreview|4
|showteam|p1|Dragonite||LoadedDice|Multiscale|DragonDance,ScaleShot,Protect,Roost|||F|||50|,,,,,Fairy]Chandelure||ChoiceSpecs|FlashFire|HeatWave,Overheat,ShadowBall,EnergyBall|||M|||50|,,,,,Fire]Incineroar||SitrusBerry|Intimidate|FlareBlitz,FakeOut,KnockOff,Taunt|||F|||50|,,,,,Ghost]Gastrodon||ExpertBelt|StormDrain|EarthPower,Yawn,Recover,Protect|||M|||50|,,,,,Poison]Snorlax||AguavBerry|Gluttony|BellyDrum,BodySlam,Recycle,Protect|||M|||50|,,,,,Ghost]Amoonguss||RockyHelmet|Regenerator|Spore,SludgeBomb,RagePowder,Protect|||F|||50|,,,,,Fairy
|showteam|p2|Whimsicott||CovertCloak|Prankster|Moonblast,Taunt,Tailwind,FakeTears|||M|||50|,,,,,Water]Annihilape||SafetyGoggles|Defiant|CloseCombat,RageFist,FinalGambit,Taunt|||M|||50|,,,,,Water]Indeedee||FocusSash|PsychicSurge|ExpandingForce,TeraBlast,Imprison,TrickRoom|||M|||50|,,,,,Psychic]Sneasler||PsychicSeed|Unburden|CloseCombat,DireClaw,ThroatChop,Protect|||F|||50|,,,,,Dark]Ursaluna-Bloodmoon||LifeOrb|MindsEye|HyperVoice,BloodMoon,EarthPower,Protect|||M|||50|,,,,,Normal]Archaludon||PowerHerb|Sturdy|ElectroShot,DragonPulse,Thunderbolt,Protect|||F|||50|,,,,,Electric
|inactive|Battle timer is ON: inactive players will automatically lose when time's up. (requested by palle synchro)
|inactive|b1kope has 60 seconds left.
|
|t:|1757082879
|teamsize|p1|4
|teamsize|p2|4
|start
|switch|p1a: Amoonguss|Amoonguss, L50, F|100/100
|switch|p1b: Incineroar|Incineroar, L50, F|100/100
|switch|p2a: Whimsicott|Whimsicott, L50, M|100/100
|switch|p2b: Ursaluna|Ursaluna-Bloodmoon, L50, M|100/100
|-ability|p1b: Incineroar|Intimidate|boost
|-unboost|p2a: Whimsicott|atk|1
|-unboost|p2b: Ursaluna|atk|1
|turn|1
|
|t:|1757082891
|-terastallize|p2a: Whimsicott|Water
|move|p1a: Amoonguss|Protect|p1a: Amoonguss
|-singleturn|p1a: Amoonguss|Protect
|move|p2a: Whimsicott|Taunt|p1a: Amoonguss
|-activate|p1a: Amoonguss|move: Protect
|move|p2b: Ursaluna|Earth Power|p1b: Incineroar
|-supereffective|p1b: Incineroar
|-damage|p1b: Incineroar|0 fnt
|faint|p1b: Incineroar
|-damage|p2b: Ursaluna|91/100|[from] item: Life Orb
|
|upkeep
|
|t:|1757082901
|switch|p1b: Chandelure|Chandelure, L50, M|100/100
|turn|2
|
|t:|1757082922
|switch|p1a: Snorlax|Snorlax, L50, M|100/100
|move|p2a: Whimsicott|Tailwind|p2a: Whimsicott
|-sidestart|p2: palle synchro|move: Tailwind
|move|p2b: Ursaluna|Blood Moon|p1b: Chandelure
|-damage|p1b: Chandelure|0 fnt
|faint|p1b: Chandelure
|-damage|p2b: Ursaluna|81/100|[from] item: Life Orb
|
|upkeep
|-message|b1kope forfeited.
|raw|b1kope's rating: 1212 → 1200(-12 for losing)
|raw|palle synchro's rating: 1409 → 1419(+10 for winning)
|
|win|palle synchro
