|j|☆oteri92
|j|☆vilan333
|html|oteri92vilan333    
|uhtml|bestof|Game 1 of a best-of-3
|t:|1756252011
|gametype|doubles
|player|p1|oteri92|169|1046
|player|p2|vilan333|marshal|1042
|gen|9
|tier|[Gen 9] VGC 2025 Reg H (Bo3)
|rated|
|rule|Species Clause: Limit one of each Pokémon
|rule|Item Clause: Limit 1 of each item
|clearpoke
|poke|p1|Weezing-Galar, L50, M|
|poke|p1|Dragapult, L50, F|
|poke|p1|Incineroar, L50, M|
|poke|p1|Palafin, L50, M|
|poke|p1|Ursaluna-Bloodmoon, L50, M|
|poke|p1|Talonflame, L50, M|
|poke|p2|Sneasler, L50, M|
|poke|p2|Indeedee, L50, M|
|poke|p2|Ursaluna-Bloodmoon, L50, M|
|poke|p2|Electabuzz, L50, F|
|poke|p2|Talonflame, L50, M|
|poke|p2|Incineroar, L50, M|
|teampreview|4
|showteam|p1|Weezing-Galar||FocusSash|NeutralizingGas|SludgeBomb,WillOWisp,StrangeSteam,Protect|||M|||50|,,,,,Flying]Dragapult||ChoiceBand|ClearBody|DragonDarts,Uturn,TeraBlast,PhantomForce|||F|||50|,,,,,Ghost]Incineroar||AbilityShield|Intimidate|FlareBlitz,PartingShot,KnockOff,FakeOut|||M|||50|,,,,,Ghost]Palafin||MysticWater|ZerotoHero|WaveCrash,JetPunch,Haze,Protect|||M|||50|,,,,,Water]Ursaluna-Bloodmoon||LifeOrb|MindsEye|EarthPower,BloodMoon,HyperVoice,Protect|||M|||50|,,,,,Ghost]Talonflame||CovertCloak|GaleWings|BraveBird,Tailwind,Taunt,QuickGuard|||M|||50|,,,,,Fairy
|showteam|p2|Sneasler||PsychicSeed|Unburden|Protect,CloseCombat,DireClaw,ThroatChop|||M|||50|,,,,,Dark]Indeedee||FocusSash|PsychicSurge|Imprison,TrickRoom,ExpandingForce,TeraBlast|||M|||50|,,,,,Fighting]Ursaluna-Bloodmoon||LifeOrb|MindsEye|Protect,HyperVoice,BloodMoon,EarthPower|||M|||50|,,,,,Normal]Electabuzz||Eviolite|VitalSpirit|Electroweb,Protect,Taunt,FollowMe|||F|||50|,,,,,Ghost]Talonflame||CovertCloak|GaleWings|Tailwind,WillOWisp,DualWingbeat,FlareBlitz|||M|||50|,,,,,Fairy]Incineroar||SafetyGoggles|Intimidate|FakeOut,KnockOff,PartingShot,FlareBlitz|||M|||50|,,,,,Ghost
|
|t:|1756252071
|teamsize|p1|4
|teamsize|p2|4
|start
|switch|p1a: Dragapult|Dragapult, L50, F|100/100
|switch|p1b: Weezing|Weezing-Galar, L50, M|100/100
|switch|p2a: Ursaluna|Ursaluna-Bloodmoon, L50, M|100/100
|switch|p2b: Ryo|Incineroar, L50, M|100/100
|-ability|p1b: Weezing|Neutralizing Gas
|turn|1
|
|t:|1756252094
|move|p1b: Weezing|Protect|p1b: Weezing
|-singleturn|p1b: Weezing|Protect
|move|p1a: Dragapult|Dragon Darts|p2b: Ryo
|-damage|p2b: Ryo|66/100
|-anim|p1a: Dragapult|Dragon Darts|p2a: Ursaluna
|-damage|p2a: Ursaluna|70/100
|move|p2b: Ryo|Knock Off|p1a: Dragapult
|-supereffective|p1a: Dragapult
|-damage|p1a: Dragapult|0 fnt
|-enditem|p1a: Dragapult|Choice Band|[from] move: Knock Off|[of] p2b: Ryo
|faint|p1a: Dragapult
|move|p2a: Ursaluna|Earth Power|p1b: Weezing
|-activate|p1b: Weezing|move: Protect
|
|upkeep
|
|t:|1756252112
|switch|p1a: Talonflame|Talonflame, L50, M|100/100
|turn|2
|
|t:|1756252130
|-terastallize|p2a: Ursaluna|Normal
|move|p1a: Talonflame|Tailwind|p1a: Talonflame
|-sidestart|p1: oteri92|move: Tailwind
|move|p1b: Weezing|Strange Steam|p2a: Ursaluna|[miss]
|-miss|p1b: Weezing|p2a: Ursaluna
|move|p2b: Ryo|Flare Blitz|p1b: Weezing
|-damage|p1b: Weezing|52/100
|-damage|p2b: Ryo|54/100|[from] Recoil
|move|p2a: Ursaluna|Hyper Voice|p1a: Talonflame|[spread] p1a,p1b
|-damage|p1a: Talonflame|0 fnt
|-damage|p1b: Weezing|0 fnt
|faint|p1a: Talonflame
|faint|p1b: Weezing
|-end|p1b: Weezing|ability: Neutralizing Gas
|-damage|p2a: Ursaluna|61/100|[from] item: Life Orb
|
|upkeep
|
|t:|1756252148
|switch|p1b: Ursaluna|Ursaluna-Bloodmoon, L50, M|100/100
|turn|3
|
|t:|1756252156
|move|p1b: Ursaluna|Earth Power|p2b: Ryo
|-supereffective|p2b: Ryo
|-damage|p2b: Ryo|0 fnt
|faint|p2b: Ryo
|-damage|p1b: Ursaluna|91/100|[from] item: Life Orb
|move|p2a: Ursaluna|Blood Moon|p1b: Ursaluna
|-crit|p1b: Ursaluna
|-damage|p1b: Ursaluna|0 fnt
|faint|p1b: Ursaluna
|-damage|p2a: Ursaluna|51/100|[from] item: Life Orb
|
|win|vilan333
|inactive|oteri92 has 30 seconds to confirm battle start!
|inactive|vilan333 has 30 seconds to confirm battle start!
||oteri92 is ready for game 2.
