|j|ŌśåSurfingJackal
|j|Ōśåshrimplyasapphic
|html|SurfingJackalshrimplyasapphic    
|uhtml|bestof|Game 1 of a best-of-3
|t:|1783780222
|gametype|doubles
|player|p1|SurfingJackal|archie-gen6|
|player|p2|shrimplyasapphic|169|
|gen|9
|tier|[Gen 9 Champions] VGC 2026 Reg M-B (Bo3)
|rule|Species Clause: Limit one of each Pok├®mon
|rule|Item Clause: Limit 1 of each item
|clearpoke
|poke|p1|Farigiraf, L50, F|
|poke|p1|Incineroar, L50, M|
|poke|p1|Camerupt, L50, M|
|poke|p1|Kingambit, L50, F|
|poke|p1|Vivillon-Pokeball, L50, M|
|poke|p1|Abomasnow, L50, M|
|poke|p2|Froslass, L50, F|
|poke|p2|Kingambit, L50, F|
|poke|p2|Sinistcha, L50|
|poke|p2|Sneasler, L50, M|
|poke|p2|Aerodactyl, L50, F|
|poke|p2|Aegislash, L50, M|
|teampreview|4
|showteam|p1|Farigiraf||SitrusBerry|ArmorTail|Protect,Psychic,HelpingHand,TrickRoom|Sassy||F|||50|]Incineroar||LifeOrb|Intimidate|FlareBlitz,DarkestLariat,FakeOut,PartingShot|Brave||M|||50|]Camerupt||Cameruptite|SolidRock|Protect,HeatWave,EarthPower,AncientPower|Quiet||M|||50|]Kingambit||BlackGlasses|Defiant|SwordsDance,KowtowCleave,IronHead,SuckerPunch|Brave||F|||50|]Vivillon-Pokeball||FocusSash|CompoundEyes|Hurricane,SleepPowder,RagePowder,Protect|Timid||M|||50|]Abomasnow||Abomasite|SnowWarning|GrassKnot,Blizzard,IceShard,EarthPower|Quiet||M|||50|
|showteam|p2|Froslass||Froslassite|CursedBody|Blizzard,ShadowBall,Protect,AuroraVeil|Modest||F|||50|]Kingambit||FocusSash|Defiant|KowtowCleave,SuckerPunch,IronHead,LowKick|Adamant||F|||50|]Sinistcha||SitrusBerry|Hospitality|MatchaGotcha,TrickRoom,RagePowder,Protect|Bold|||||50|]Sneasler||WhiteHerb|Unburden|CloseCombat,GunkShot,FakeOut,Protect|Adamant||M|||50|]Aerodactyl||Aerodactylite|Unnerve|RockSlide,DualWingbeat,IceFang,Tailwind|Jolly||F|||50|]Aegislash||SpellTag|StanceChange|WideGuard,KingsShield,Poltergeist,ShadowSneak|Adamant||M|||50|
|c|ŌśåSurfingJackal|Sent!
|c|Ōśåshrimplyasapphic|sending in main chat
|j| Hudie EU
|c|Ōśåshrimplyasapphic|sent!
|c|Ōśåshrimplyasapphic|glhf
|c|ŌśåSurfingJackal|GLHF
|inactive|Battle timer is ON: inactive players will automatically lose when time's up. (requested by SurfingJackal)
|j| vrocehpalon
|j| magnetman210
|j| tung cubed
|inactive|shrimplyasapphic has 60 seconds left.
|inactive|shrimplyasapphic has 30 seconds left.
|inactive|shrimplyasapphic has 20 seconds left.
|inactive|shrimplyasapphic has 15 seconds left.
|
|t:|1783780356
|teamsize|p1|4
|teamsize|p2|4
|start
|switch|p1a: Farigiraf|Farigiraf, L50, F|100/100
|switch|p1b: Incineroar|Incineroar, L50, M|100/100
|switch|p2a: Froslass|Froslass, L50, F|100/100
|switch|p2b: Sneasler|Sneasler, L50, M|100/100
|-ability|p1b: Incineroar|Intimidate|boost
|-unboost|p2a: Froslass|atk|1
|-unboost|p2b: Sneasler|atk|1
|-enditem|p2b: Sneasler|White Herb
|-clearnegativeboost|p2b: Sneasler|[silent]
|turn|1
|inactive|SurfingJackal has 30 seconds left.
|inactive|shrimplyasapphic has 30 seconds left.
|j| Blizz.vg
|l| Blizz.vg
|j| Cos(wt)
|inactive|shrimplyasapphic has 20 seconds left.
|inactive|shrimplyasapphic has 15 seconds left.
|j| Autin Mago
|inactive|shrimplyasapphic has 10 seconds left.
|j| Blizz.vg
|
|t:|1783780404
|detailschange|p2a: Froslass|Froslass-Mega, L50, F
|-mega|p2a: Froslass|Froslass|Froslassite
|-weather|Snowscape|[from] ability: Snow Warning|[of] p2a: Froslass
|move|p1b: Incineroar|Fake Out|p2b: Sneasler
|-damage|p2b: Sneasler|78/100
|-damage|p1b: Incineroar|90/100|[from] item: Life Orb
|cant|p2b: Sneasler|flinch
|move|p2a: Froslass|Aurora Veil|p2a: Froslass
|-sidestart|p2: shrimplyasapphic|move: Aurora Veil
|move|p1a: Farigiraf|Trick Room|p1a: Farigiraf
|-fieldstart|move: Trick Room|[of] p1a: Farigiraf
|
|-weather|Snowscape|[upkeep]
|upkeep
|turn|2
|l| tung cubed
|j| tung cubed
|j| shmon
|inactive|shrimplyasapphic has 30 seconds left.
|l| shmon
|inactive|shrimplyasapphic has 20 seconds left.
|
|t:|1783780443
|switch|p2b: Kingambit|Kingambit, L50, F|100/100
|move|p1a: Farigiraf|Psychic|p2a: Froslass
|-damage|p2a: Froslass|73/100
|move|p1b: Incineroar|Flare Blitz|p2b: Kingambit
|-supereffective|p2b: Kingambit|1
|-damage|p2b: Kingambit|8/100
|-damage|p1b: Incineroar|60/100|[from] Recoil
|-damage|p1b: Incineroar|51/100|[from] item: Life Orb
|move|p2a: Froslass|Blizzard|p1a: Farigiraf|[spread] p1a,p1b
|-resisted|p1b: Incineroar|1
|-damage|p1a: Farigiraf|59/100
|-damage|p1b: Incineroar|27/100
|
|-weather|Snowscape|[upkeep]
|upkeep
|turn|3
|inactive|SurfingJackal has 30 seconds left.
|inactive|shrimplyasapphic has 30 seconds left.
|inactive|shrimplyasapphic has 20 seconds left.
|inactive|shrimplyasapphic has 15 seconds left.
|inactive|shrimplyasapphic has 10 seconds left.
|
|t:|1783780492
|move|p2a: Froslass|Protect|p2a: Froslass
|-singleturn|p2a: Froslass|Protect
|move|p1a: Farigiraf|Psychic|p2a: Froslass
|-activate|p2a: Froslass|move: Protect
|move|p1b: Incineroar|Flare Blitz|p2b: Kingambit
|-supereffective|p2b: Kingambit|1
|-damage|p2b: Kingambit|0 fnt
|faint|p2b: Kingambit
|-damage|p1b: Incineroar|24/100|[from] Recoil
|-damage|p1b: Incineroar|15/100|[from] item: Life Orb
|
|-weather|Snowscape|[upkeep]
|upkeep
|
|t:|1783780502
|switch|p2b: Sinistcha|Sinistcha, L50|100/100
|-heal|p2a: Froslass|98/100|[from] ability: Hospitality|[of] p2b: Sinistcha
|turn|4
|inactive|SurfingJackal has 30 seconds left.
|inactive|shrimplyasapphic has 30 seconds left.
|inactive|shrimplyasapphic has 20 seconds left.
|inactive|shrimplyasapphic has 15 seconds left.
|
|t:|1783780546
|move|p1a: Farigiraf|Helping Hand|p1b: Incineroar
|-singleturn|p1b: Incineroar|Helping Hand|[of] p1a: Farigiraf
|move|p2b: Sinistcha|Rage Powder|p2b: Sinistcha
|-singleturn|p2b: Sinistcha|move: Rage Powder
|move|p1b: Incineroar|Flare Blitz|p2b: Sinistcha
|-supereffective|p2b: Sinistcha|1
|-damage|p2b: Sinistcha|0 fnt
|faint|p2b: Sinistcha
|-damage|p1b: Incineroar|0 fnt|[from] Recoil
|faint|p1b: Incineroar
|move|p2a: Froslass|Blizzard|p1a: Farigiraf
|-damage|p1a: Farigiraf|9/100
|-enditem|p1a: Farigiraf|Sitrus Berry|[eat]
|-heal|p1a: Farigiraf|33/100|[from] item: Sitrus Berry
|
|-weather|Snowscape|[upkeep]
|upkeep
|
|t:|1783780558
|switch|p1b: Camerupt|Camerupt, L50, M|100/100
|switch|p2b: Sneasler|Sneasler, L50, M|78/100
|turn|5
|
|t:|1783780571
|detailschange|p1b: Camerupt|Camerupt-Mega, L50, M
|-mega|p1b: Camerupt|Camerupt|Cameruptite
|move|p1a: Farigiraf|Protect|p1a: Farigiraf
|-singleturn|p1a: Farigiraf|Protect
|move|p2b: Sneasler|Protect|p2b: Sneasler
|-singleturn|p2b: Sneasler|Protect
|move|p2a: Froslass|Protect|p2a: Froslass
|-singleturn|p2a: Froslass|Protect
|move|p1b: Camerupt|Heat Wave|p2b: Sneasler|[spread] 
|-activate|p2a: Froslass|move: Protect
|-activate|p2b: Sneasler|move: Protect
|
|-weather|none
|-sideend|p2: shrimplyasapphic|move: Aurora Veil
|-fieldend|move: Trick Room
|upkeep
|turn|6
|inactive|shrimplyasapphic has 30 seconds left.
|
|t:|1783780602
|move|p2a: Froslass|Blizzard|p1a: Farigiraf|[spread] p1a
|-miss|p2a: Froslass|p1b: Camerupt
|-damage|p1a: Farigiraf|0 fnt
|faint|p1a: Farigiraf
|move|p2b: Sneasler|Close Combat|p1b: Camerupt
|-damage|p1b: Camerupt|40/100
|-unboost|p2b: Sneasler|def|1
|-unboost|p2b: Sneasler|spd|1
|move|p1b: Camerupt|Heat Wave|p2b: Sneasler|[spread] p2a,p2b
|-supereffective|p2a: Froslass|1
|-damage|p2a: Froslass|0 fnt
|-damage|p2b: Sneasler|0 fnt
|faint|p2a: Froslass
|faint|p2b: Sneasler
|
|win|SurfingJackal
||shrimplyasapphic is ready for game 2.
|inactive|SurfingJackal has 30 seconds to confirm battle start!
||SurfingJackal is ready for game 2.
|uhtml|next|Next: Game 2 of 3
|l| tung cubed
|j| dangernoodlevgc
|l| dangernoodlevgc
|j| dangernoodlevgc
|l| dangernoodlevgc
|l| Autin Mago
|l| vrocehpalon
|l| Blizz.vg
|l| Hudie EU
|l|ŌśåSurfingJackal
|player|p1|
|l| Cos(wt)
