|j|☆N8NoDog
|j|☆breloomb01
|html|N8NoDogbreloomb01    
|uhtml|bestof|Game 2 of a best-of-3
|t:|1757168673
|gametype|doubles
|player|p1|N8NoDog|archer|1115
|player|p2|breloomb01|101|1168
|gen|9
|tier|[Gen 9] VGC 2025 Reg H (Bo3)
|rated|
|rule|Species Clause: Limit one of each Pokémon
|rule|Item Clause: Limit 1 of each item
|clearpoke
|poke|p1|Weavile, L50, M|
|poke|p1|Sneasler, L50, F|
|poke|p1|Rillaboom, L50, M|
|poke|p1|Milotic, L50, M|
|poke|p1|Gholdengo, L50|
|poke|p1|Dragonite, L50, F|
|poke|p2|Amoonguss, L50, M|
|poke|p2|Pelipper, L50, F|
|poke|p2|Archaludon, L50, M|
|poke|p2|Basculegion, L50, M|
|poke|p2|Gholdengo, L50|
|poke|p2|Weavile, L50, F|
|teampreview|4
|showteam|p1|Weavile||FocusSash|Pickpocket|IceSpinner,KnockOff,LowKick,Protect|||M|||50|,,,,,Ghost]Sneasler||GrassySeed|Unburden|DireClaw,CloseCombat,Acrobatics,Protect|||F|||50|,,,,,Flying]Rillaboom||AssaultVest|GrassySurge|FakeOut,WoodHammer,GrassyGlide,HighHorsepower|||M|||50|,,,,,Fire]Milotic||CovertCloak|Competitive|Scald,IcyWind,Haze,Protect|||M|||50|,,,,,Grass]Gholdengo||Leftovers|GoodasGold|MakeItRain,ShadowBall,NastyPlot,Protect||||||50|,,,,,Water]Dragonite||LoadedDice|Multiscale|ScaleShot,Tailwind,Protect,LowKick|||F|||50|,,,,,Fairy
|showteam|p2|Amoonguss||CovertCloak|Regenerator|PollenPuff,RagePowder,Spore,ClearSmog|||M|||50|,,,,,Water]Pelipper||SafetyGoggles|Drizzle|WeatherBall,Hurricane,Tailwind,Protect|||F|||50|,,,,,Ghost]Archaludon||AssaultVest|Stamina|DragonPulse,ElectroShot,FlashCannon,BodyPress|||M|||50|,,,,,Bug]Basculegion||ChoiceScarf|Adaptability|WaveCrash,AquaJet,LastRespects,FlipTurn|||M|||50|,,,,,Grass]Gholdengo||MetalCoat|GoodasGold|MakeItRain,NastyPlot,ShadowBall,Protect||||||50|,,,,,Water]Weavile||FocusSash|Pickpocket|FakeOut,TripleAxel,KnockOff,Taunt|||F|||50|,,,,,Ghost
|inactive|Battle timer is ON: inactive players will automatically lose when time's up. (requested by N8NoDog)
|inactive|N8NoDog has 60 seconds left.
|inactive|breloomb01 has 60 seconds left.
|inactive|N8NoDog has 30 seconds left.
|inactive|N8NoDog has 20 seconds left.
|inactive|N8NoDog has 15 seconds left.
|inactive|N8NoDog has 10 seconds left.
|
|t:|1757168766
|teamsize|p1|4
|teamsize|p2|4
|start
|switch|p1a: Weavile|Weavile, L50, M|100/100
|switch|p1b: Dragonite|Dragonite, L50, F|100/100
|switch|p2a: Pelipper|Pelipper, L50, F|100/100
|switch|p2b: Weavile|Weavile, L50, F|100/100
|-weather|RainDance|[from] ability: Drizzle|[of] p2a: Pelipper
|turn|1
|
|t:|1757168787
|switch|p1b: Rillaboom|Rillaboom, L50, M|100/100
|-fieldstart|move: Grassy Terrain|[from] ability: Grassy Surge|[of] p1b: Rillaboom
|move|p2b: Weavile|Triple Axel|p1b: Rillaboom
|-supereffective|p1b: Rillaboom
|-damage|p1b: Rillaboom|80/100
|-supereffective|p1b: Rillaboom
|-damage|p1b: Rillaboom|38/100
|-supereffective|p1b: Rillaboom
|-damage|p1b: Rillaboom|0 fnt
|faint|p1b: Rillaboom
|-hitcount|p1: Rillaboom|3
|move|p1a: Weavile|Knock Off|p2a: Pelipper
|-damage|p2a: Pelipper|42/100
|-enditem|p2a: Pelipper|Safety Goggles|[from] move: Knock Off|[of] p1a: Weavile
|move|p2a: Pelipper|Tailwind|p2a: Pelipper
|-sidestart|p2: breloomb01|move: Tailwind
|
|-weather|RainDance|[upkeep]
|upkeep
|
|t:|1757168795
|switch|p1b: Dragonite|Dragonite, L50, F|100/100
|turn|2
|c|☆breloomb01|TRIPLE AXEL BABY
|
|t:|1757168814
|-terastallize|p1b: Dragonite|Fairy
|move|p2b: Weavile|Triple Axel|p1b: Dragonite
|-damage|p1b: Dragonite|95/100
|-damage|p1b: Dragonite|73/100
|-damage|p1b: Dragonite|39/100
|-hitcount|p1b: Dragonite|3
|move|p2a: Pelipper|Weather Ball|p1a: Weavile
|-damage|p1a: Weavile|22/100
|move|p1a: Weavile|Low Kick|p2b: Weavile
|-supereffective|p2b: Weavile
|-enditem|p2b: Weavile|Focus Sash
|-damage|p2b: Weavile|1/100
|-enditem|p1a: Weavile|Focus Sash|[silent]|[from] ability: Pickpocket|[of] p1a: Weavile
|-item|p2b: Weavile|Focus Sash|[from] ability: Pickpocket|[of] p1a: Weavile
|move|p1b: Dragonite|Tailwind|p1b: Dragonite
|-sidestart|p1: N8NoDog|move: Tailwind
|
|-weather|RainDance|[upkeep]
|-heal|p2b: Weavile|7/100|[from] Grassy Terrain
|-heal|p1a: Weavile|28/100|[from] Grassy Terrain
|-heal|p1b: Dragonite|45/100|[from] Grassy Terrain
|upkeep
|turn|3
|inactive|N8NoDog has 30 seconds left.
|inactive|breloomb01 has 30 seconds left.
|inactive|N8NoDog has 20 seconds left.
|inactive|breloomb01 has 20 seconds left.
|
|t:|1757168853
|switch|p2a: Archaludon|Archaludon, L50, M|100/100
|move|p2b: Weavile|Triple Axel|p1a: Weavile
|-resisted|p1a: Weavile
|-damage|p1a: Weavile|20/100
|-resisted|p1a: Weavile
|-damage|p1a: Weavile|1/100
|-resisted|p1a: Weavile
|-damage|p1a: Weavile|0 fnt
|faint|p1a: Weavile
|-hitcount|p1: Weavile|3
|move|p1b: Dragonite|Scale Shot|p2a: Archaludon
|-damage|p2a: Archaludon|91/100
|-ability|p2a: Archaludon|Stamina|boost
|-boost|p2a: Archaludon|def|1
|-damage|p2a: Archaludon|84/100
|-ability|p2a: Archaludon|Stamina|boost
|-boost|p2a: Archaludon|def|1
|-damage|p2a: Archaludon|79/100
|-ability|p2a: Archaludon|Stamina|boost
|-boost|p2a: Archaludon|def|1
|-damage|p2a: Archaludon|74/100
|-ability|p2a: Archaludon|Stamina|boost
|-boost|p2a: Archaludon|def|1
|-damage|p2a: Archaludon|70/100
|-ability|p2a: Archaludon|Stamina|boost
|-boost|p2a: Archaludon|def|1
|-hitcount|p2a: Archaludon|5
|-unboost|p1b: Dragonite|def|1
|-boost|p1b: Dragonite|spe|1
|
|-weather|RainDance|[upkeep]
|-heal|p1b: Dragonite|51/100|[from] Grassy Terrain
|-heal|p2b: Weavile|14/100|[from] Grassy Terrain
|-heal|p2a: Archaludon|76/100|[from] Grassy Terrain
|upkeep
|
|t:|1757168855
|switch|p1a: Sneasler|Sneasler, L50, F|100/100
|-enditem|p1a: Sneasler|Grassy Seed
|-boost|p1a: Sneasler|def|1|[from] item: Grassy Seed
|turn|4
|c|☆breloomb01|ALL 9 HITS
|inactive|breloomb01 has 30 seconds left.
|inactive|breloomb01 has 20 seconds left.
|
|t:|1757168894
|-terastallize|p2a: Archaludon|Bug
|move|p1a: Sneasler|Close Combat|p2a: Archaludon
|-resisted|p2a: Archaludon
|-damage|p2a: Archaludon|69/100
|-unboost|p1a: Sneasler|def|1
|-unboost|p1a: Sneasler|spd|1
|-ability|p2a: Archaludon|Stamina|boost
|-boost|p2a: Archaludon|def|1
|move|p1b: Dragonite|Scale Shot|p2b: Weavile
|-damage|p2b: Weavile|0 fnt
|faint|p2b: Weavile
|-hitcount|p2: Weavile|1
|-unboost|p1b: Dragonite|def|1
|-boost|p1b: Dragonite|spe|1
|move|p2a: Archaludon|Electro Shot||[still]
|-prepare|p2a: Archaludon|Electro Shot
|-boost|p2a: Archaludon|spa|1
|-anim|p2a: Archaludon|Electro Shot|p1b: Dragonite
|-damage|p1b: Dragonite|0 fnt
|faint|p1b: Dragonite
|
|-weather|RainDance|[upkeep]
|-heal|p2a: Archaludon|75/100|[from] Grassy Terrain
|-sideend|p2: breloomb01|move: Tailwind
|upkeep
|-message|N8NoDog forfeited.
|
|win|breloomb01
|raw|N8NoDog's rating: 1115 → 1094(-21 for losing)
|raw|breloomb01's rating: 1168 → 1189(+21 for winning)
|l|☆N8NoDog
|player|p1|
|c|☆breloomb01|Ggs
|l|☆breloomb01
|player|p2|
|j|☆breloomb01
|player|p2|breloomb01|101|
