|j|☆spellbreakvgc
|j|☆oporrinovgc
|html|spellbreakvgcoporrinovgc    
|uhtml|bestof|Game 2 of a best-of-3
|t:|1756210275
|gametype|doubles
|player|p1|spellbreakvgc|lance|1113
|player|p2|oporrinovgc|benga|1069
|gen|9
|tier|[Gen 9] VGC 2025 Reg H (Bo3)
|rated|
|rule|Species Clause: Limit one of each Pokémon
|rule|Item Clause: Limit 1 of each item
|clearpoke
|poke|p1|Whimsicott, L50, F|
|poke|p1|Typhlosion-Hisui, L50, F|
|poke|p1|Dragapult, L50, F|
|poke|p1|Electabuzz, L50, F|
|poke|p1|Torkoal, L50, M|
|poke|p1|Lilligant-Hisui, L50, F|
|poke|p2|Ninetales-Alola, L50, F|
|poke|p2|Glaceon, L50, F|
|poke|p2|Dragonite, L50, M|
|poke|p2|Incineroar, L50, F|
|poke|p2|Sneasler, L50, F|
|poke|p2|Araquanid, L50, M|
|teampreview|4
|showteam|p1|Whimsicott||CovertCloak|Prankster|Tailwind,SunnyDay,Encore,Moonblast|||F|||50|,,,,,Ghost]Typhlosion-Hisui||ChoiceSpecs|Blaze|Eruption,HeatWave,ShadowBall,Overheat|||F|||50|,,,,,Fire]Dragapult||ChoiceBand|ClearBody|DragonDarts,Outrage,SuckerPunch,Uturn|||F|||50|,,,,,Dragon]Electabuzz||Eviolite|VitalSpirit|VoltSwitch,FollowMe,Feint,Protect|||F|||50|,,,,,Ghost]Torkoal||LifeOrb|Drought|Eruption,HeatWave,WeatherBall,EarthPower|||M|||50|,,,,,Fire]Lilligant-Hisui||FocusSash|Chlorophyll|CloseCombat,SleepPowder,AfterYou,LeafBlade|||F|||50|,,,,,Ghost
|showteam|p2|Ninetales-Alola||LightClay|SnowWarning|Blizzard,AuroraVeil,Protect,FreezeDry|||F|||50|,,,,,Ghost]Glaceon||AssaultVest|SnowCloak|Blizzard,TeraBlast,FreezeDry,ShadowBall|||F|||50|,,,,,Ground]Dragonite||LoadedDice|Multiscale|ScaleShot,Protect,Haze,ExtremeSpeed|||M|||50|,,,,,Fairy]Incineroar||SafetyGoggles|Intimidate|FakeOut,KnockOff,PartingShot,FlareBlitz|||F|||50|,,,,,Ghost]Sneasler||FocusSash|Unburden|CloseCombat,DireClaw,Coaching,FakeOut|||F|||50|,,,,,Stellar]Araquanid||MysticWater|WaterBubble|Liquidation,WideGuard,Protect,LeechLife|||M|||50|,,,,,Water
|inactive|Battle timer is ON: inactive players will automatically lose when time's up. (requested by oporrinovgc)
|
|t:|1756210306
|teamsize|p1|4
|teamsize|p2|4
|start
|switch|p1a: Typhlosion|Typhlosion-Hisui, L50, F|100/100
|switch|p1b: Dragapult|Dragapult, L50, F|100/100
|switch|p2a: Sneasler|Sneasler, L50, F|100/100
|switch|p2b: Dragonite|Dragonite, L50, M|100/100
|turn|1
|
|t:|1756210328
|-terastallize|p1a: Typhlosion|Fire
|move|p1b: Dragapult|U-turn|p2b: Dragonite
|-resisted|p2b: Dragonite
|-crit|p2b: Dragonite
|-damage|p2b: Dragonite|84/100
|
|t:|1756210333
|switch|p1b: Torkoal|Torkoal, L50, M|100/100|[from] U-turn
|-weather|SunnyDay|[from] ability: Drought|[of] p1b: Torkoal
|move|p2a: Sneasler|Coaching|p2b: Dragonite
|-boost|p2b: Dragonite|atk|1
|-boost|p2b: Dragonite|def|1
|move|p1a: Typhlosion|Eruption|p2b: Dragonite|[spread] p2a,p2b
|-resisted|p2b: Dragonite
|-enditem|p2a: Sneasler|Focus Sash
|-damage|p2a: Sneasler|1/100
|-damage|p2b: Dragonite|0 fnt
|faint|p2b: Dragonite
|
|-weather|SunnyDay|[upkeep]
|upkeep
|-message|oporrinovgc forfeited.
|raw|spellbreakvgc's rating: 1113 → 1135(+22 for winning)
|raw|oporrinovgc's rating: 1069 → 1051(-18 for losing)
|
|win|spellbreakvgc
