|j|☆blfuller_4
|j|☆crimsonkidd
|html|blfuller_4crimsonkidd    
|uhtml|bestof|Game 2 of a best-of-3
|t:|1755454298
|gametype|doubles
|player|p1|blfuller_4|169|1211
|player|p2|crimsonkidd|lance|1366
|gen|9
|tier|[Gen 9] VGC 2025 Reg H (Bo3)
|rated|
|rule|Species Clause: Limit one of each Pokémon
|rule|Item Clause: Limit 1 of each item
|clearpoke
|poke|p1|Tyranitar, L50, M|
|poke|p1|Excadrill, L50, F|
|poke|p1|Sneasler, L50, M|
|poke|p1|Indeedee, L50, M|
|poke|p1|Gholdengo, L50|
|poke|p1|Whimsicott, L50, M|
|poke|p2|Tyranitar, L50, F|
|poke|p2|Excadrill, L50, M|
|poke|p2|Houndstone, L50, M|
|poke|p2|Milotic, L50, F|
|poke|p2|Amoonguss, L50, F|
|poke|p2|Volcarona, L50, F|
|teampreview|4
|showteam|p1|Tyranitar||AssaultVest|SandStream|RockSlide,TeraBlast,KnockOff,LowKick|||M|||50|,,,,,Flying]Excadrill||FocusSash|SandRush|Protect,Earthquake,HighHorsepower,IronHead|||F|||50|,,,,,Stellar]Sneasler||PsychicSeed|Unburden|ThroatChop,Protect,CloseCombat,DireClaw|||M|||50|,,,,,Dark]Indeedee||ChoiceScarf|PsychicSurge|ExpandingForce,DazzlingGleam,ShadowBall,Trick|||M|||50|,,,,,Psychic]Gholdengo||ChoiceSpecs|GoodasGold|MakeItRain,ShadowBall,Thunderbolt,PowerGem||||||50|,,,,,Steel]Whimsicott||CovertCloak|Prankster|Tailwind,Moonblast,Encore,FakeTears|||M|||50|,,,,,Dark
|showteam|p2|Tyranitar||AssaultVest|SandStream|KnockOff,RockSlide,TeraBlast,LowKick|||F|||50|,,,,,Flying]Excadrill||FocusSash|SandRush|HighHorsepower,IronHead,Protect,Earthquake|||M|||50|,,,,,Fire]Houndstone||LifeOrb|SandRush|LastRespects,ShadowSneak,BodyPress,Protect|||M|||50|,,,,,Normal]Milotic||SitrusBerry|Competitive|Scald,IcyWind,Protect,Haze|||F|||50|,,,,,Poison]Amoonguss||RockyHelmet|Regenerator|RagePowder,Spore,PollenPuff,SludgeBomb|||F|||50|,,,,,Water]Volcarona||Leftovers|FlameBody|QuiverDance,HeatWave,GigaDrain,Protect|||F|||50|,,,,,Grass
|
|t:|1755454328
|teamsize|p1|4
|teamsize|p2|4
|start
|switch|p1a: Sneasler|Sneasler, L50, M|100/100
|switch|p1b: Excadrill|Excadrill, L50, F|100/100
|switch|p2a: Tyranitar|Tyranitar, L50, F, shiny|100/100
|switch|p2b: Excadrill|Excadrill, L50, M|100/100
|-weather|Sandstorm|[from] ability: Sand Stream|[of] p2a: Tyranitar
|turn|1
|inactive|Battle timer is ON: inactive players will automatically lose when time's up. (requested by crimsonkidd)
|
|t:|1755454364
|-terastallize|p1a: Sneasler|Dark
|move|p2b: Excadrill|Protect|p2b: Excadrill
|-singleturn|p2b: Excadrill|Protect
|move|p1b: Excadrill|High Horsepower|p2b: Excadrill
|-activate|p2b: Excadrill|move: Protect
|move|p1a: Sneasler|Throat Chop|p2b: Excadrill
|-activate|p2b: Excadrill|move: Protect
|move|p2a: Tyranitar|Rock Slide|p1b: Excadrill|[spread] p1b
|-miss|p2a: Tyranitar|p1a: Sneasler
|-resisted|p1b: Excadrill
|-damage|p1b: Excadrill|89/100
|
|-weather|Sandstorm|[upkeep]
|-damage|p1a: Sneasler|94/100|[from] Sandstorm
|upkeep
|turn|2
|inactive|crimsonkidd has 30 seconds left.
|
|t:|1755454391
|switch|p1b: Whimsicott|Whimsicott, L50, M|100/100
|-terastallize|p2a: Tyranitar|Flying
|move|p2b: Excadrill|Earthquake|p1b: Whimsicott|[spread] p1a,p1b
|-immune|p2a: Tyranitar
|-resisted|p1b: Whimsicott
|-damage|p1a: Sneasler|28/100
|-damage|p1b: Whimsicott|73/100
|move|p1a: Sneasler|Close Combat|p2b: Excadrill
|-supereffective|p2b: Excadrill
|-enditem|p2b: Excadrill|Focus Sash
|-damage|p2b: Excadrill|1/100
|-unboost|p1a: Sneasler|def|1
|-unboost|p1a: Sneasler|spd|1
|move|p2a: Tyranitar|Low Kick|p1a: Sneasler
|-supereffective|p1a: Sneasler
|-damage|p1a: Sneasler|0 fnt
|faint|p1a: Sneasler
|
|-weather|Sandstorm|[upkeep]
|-damage|p1b: Whimsicott|67/100|[from] Sandstorm
|-damage|p2a: Tyranitar|94/100|[from] Sandstorm
|upkeep
|
|t:|1755454409
|switch|p1a: Tyranitar|Tyranitar, L50, M|100/100
|turn|3
|
|t:|1755454426
|move|p1b: Whimsicott|Tailwind|p1b: Whimsicott
|-sidestart|p1: blfuller_4|move: Tailwind
|move|p2b: Excadrill|Iron Head|p1b: Whimsicott
|-supereffective|p1b: Whimsicott
|-damage|p1b: Whimsicott|0 fnt
|faint|p1b: Whimsicott
|move|p1a: Tyranitar|Rock Slide|p2b: Excadrill|[spread] p2a,p2b
|-supereffective|p2a: Tyranitar
|-resisted|p2b: Excadrill
|-damage|p2a: Tyranitar|40/100
|-damage|p2b: Excadrill|0 fnt
|faint|p2b: Excadrill
|move|p2a: Tyranitar|Low Kick|p1a: Tyranitar
|-supereffective|p1a: Tyranitar
|-damage|p1a: Tyranitar|0 fnt
|faint|p1a: Tyranitar
|
|-weather|Sandstorm|[upkeep]
|-damage|p2a: Tyranitar|34/100|[from] Sandstorm
|upkeep
|
|t:|1755454443
|switch|p2b: Houndstone|Houndstone, L50, M|100/100
|switch|p1a: Excadrill|Excadrill, L50, F|89/100
|turn|4
|
|t:|1755454454
|move|p2b: Houndstone|Shadow Sneak|p1a: Excadrill
|-damage|p1a: Excadrill|53/100
|-damage|p2b: Houndstone|91/100|[from] item: Life Orb
|move|p1a: Excadrill|Iron Head|p2b: Houndstone
|-damage|p2b: Houndstone|32/100
|move|p2a: Tyranitar|Low Kick|p1a: Excadrill
|-supereffective|p1a: Excadrill
|-damage|p1a: Excadrill|0 fnt
|faint|p1a: Excadrill
|
|win|crimsonkidd
|raw|blfuller_4's rating: 1211 → 1196(-15 for losing)
|raw|crimsonkidd's rating: 1366 → 1378(+12 for winning)
|l|☆blfuller_4
|player|p1|
