|j|☆gwen1126
|j|‽You got the duds
|html|gwen1126You got the duds    
|uhtml|bestof|Game 2 of a best-of-3
|t:|1784712745
|gametype|doubles
|player|p1|gwen1126|265|1060
|player|p2|You got the duds|harlequin|1000
|gen|9
|tier|[Gen 9 Champions] VGC 2026 Reg M-B (Bo3)
|rated|
|rule|Species Clause: Limit one of each Pokémon
|rule|Item Clause: Limit 1 of each item
|clearpoke
|poke|p1|Decidueye-Hisui, L50, M|
|poke|p1|Chandelure, L50, M|
|poke|p1|Liepard, L50, M|
|poke|p1|Scizor, L50, F|
|poke|p1|Greninja, L50, M|
|poke|p1|Aerodactyl, L50, F|
|poke|p2|Tsareena, L50, F|
|poke|p2|Maushold-Four, L50|
|poke|p2|Raichu, L50, F|
|poke|p2|Sneasler, L50, M|
|poke|p2|Samurott-Hisui, L50, F|
|poke|p2|Charizard, L50, F|
|teampreview|4
|showteam|p1|Decidueye-Hisui||ScopeLens|Scrappy|LeafBlade,TripleArrows,KnockOff,Protect|Adamant||M|||50|]Chandelure||ColburBerry|FlashFire|ShadowBall,HeatWave,Taunt,Protect|Modest||M|||50|]Liepard||FocusBand|Prankster|ThroatChop,Yawn,Encore,PsychicFangs|Serious||M|||50|]Scizor||Scizorite|Technician|IronHead,CloseCombat,Lunge,Protect|Adamant||F|||50|]Greninja||LifeOrb|Protean|IceBeam,LowKick,RockTomb,Protect|Hasty||M|||50|]Aerodactyl||Aerodactylite|RockHead|RockSlide,AerialAce,PsychicFangs,Protect|Jolly||F|||50|
|showteam|p2|Tsareena||WideLens|QueenlyMajesty|TripleAxel,PowerWhip,HighJumpKick,Protect|Adamant||F|||50|]Maushold-Four||KingsRock|FriendGuard|FollowMe,Encore,SuperFang,PopulationBomb|Jolly|||||50|]Raichu||RaichuniteY|LightningRod|FakeOut,FocusBlast,ZapCannon,Protect|Hasty||F|||50|]Sneasler||WhiteHerb|Unburden|FakeOut,Protect,DireClaw,CloseCombat|Adamant||M|||50|]Samurott-Hisui||LifeOrb|Sharpness|CeaselessEdge,AquaCutter,Protect,SacredSword|Jolly||F|||50|]Charizard||CharizarditeY|SolarPower|SolarBeam,HeatWave,WeatherBall,Protect|Timid||F|||50|
|
|t:|1784712768
|teamsize|p1|4
|teamsize|p2|4
|start
|switch|p1a: Greninja|Greninja, L50, M|100/100
|switch|p1b: Liepard|Liepard, L50, M|100/100
|switch|p2a: Charizard|Charizard, L50, F|100/100
|switch|p2b: Samurott|Samurott-Hisui, L50, F|100/100
|turn|1
|
|t:|1784712823
|move|p2a: Charizard|Protect|p2a: Charizard
|-singleturn|p2a: Charizard|Protect
|move|p1b: Liepard|Yawn|p2a: Charizard
|-activate|p2a: Charizard|move: Protect
|move|p1a: Greninja|Low Kick|p2b: Samurott
|-start|p1a: Greninja|typechange|Fighting|[from] ability: Protean
|-supereffective|p2b: Samurott|1
|-crit|p2b: Samurott
|-damage|p2b: Samurott|0 fnt
|faint|p2b: Samurott
|-damage|p1a: Greninja|90/100|[from] item: Life Orb
|
|upkeep
|
|t:|1784712839
|switch|p2b: Sneasler|Sneasler, L50, M|100/100
|turn|2
|
|t:|1784712865
|switch|p2b: Tsareena|Tsareena, L50, F|100/100
|detailschange|p2a: Charizard|Charizard-Mega-Y, L50, F
|-mega|p2a: Charizard|Charizard|Charizardite Y
|-weather|SunnyDay|[from] ability: Drought|[of] p2a: Charizard
|move|p1a: Greninja|Rock Tomb|p2a: Charizard
|-supereffective|p2a: Charizard|2
|-damage|p2a: Charizard|0 fnt
|faint|p2a: Charizard
|-damage|p1a: Greninja|80/100|[from] item: Life Orb
|move|p1b: Liepard|Psychic Fangs|p2b: Tsareena
|-crit|p2b: Tsareena
|-damage|p2b: Tsareena|62/100
|
|-weather|SunnyDay|[upkeep]
|upkeep
|-message|You got the duds forfeited.
|
|win|gwen1126
|l|‽You got the duds
|player|p2|
|raw|gwen1126's rating: 1060 → 1086(+26 for winning)
|raw|You got the duds's rating: 1000 → 1000(+0 for losing)
