|j|☆ko1d_lol
|j|☆kheld
|html|ko1d_lolkheld    
|uhtml|bestof|Game 2 of a best-of-3
|t:|1783950773
|gametype|doubles
|player|p1|ko1d_lol|1|1314
|player|p2|kheld|170|1331
|gen|9
|tier|[Gen 9 Champions] VGC 2026 Reg M-B (Bo3)
|rated|
|rule|Species Clause: Limit one of each Pokémon
|rule|Item Clause: Limit 1 of each item
|clearpoke
|poke|p1|Charizard, L50, M|
|poke|p1|Whimsicott, L50, M|
|poke|p1|Kingambit, L50, M|
|poke|p1|Basculegion, L50, M|
|poke|p1|Garchomp, L50, F|
|poke|p1|Glimmora, L50, F|
|poke|p2|Gardevoir, L50, M, shiny|
|poke|p2|Basculegion, L50, M|
|poke|p2|Talonflame, L50, F|
|poke|p2|Kingambit, L50, F|
|poke|p2|Kommo-o, L50, F|
|poke|p2|Maushold, L50|
|teampreview|4
|showteam|p1|Charizard||CharizarditeY|Blaze|HeatWave,SolarBeam,WeatherBall,Protect|Modest||M|||50|]Whimsicott||FairyFeather|Prankster|Moonblast,Tailwind,Encore,Protect|Timid||M|||50|]Kingambit||ChopleBerry|Defiant|KowtowCleave,LowKick,SuckerPunch,Protect|Adamant||M|||50|]Basculegion||MysticWater|Adaptability|WaveCrash,LastRespects,AquaJet,Protect|Adamant||M|||50|]Garchomp||SitrusBerry|RoughSkin|DragonClaw,Earthquake,RockSlide,PoisonJab|Jolly||F|||50|]Glimmora||FocusSash|ToxicDebris|PowerGem,SludgeBomb,EarthPower,SpikyShield|Modest||F|||50|
|showteam|p2|Gardevoir||Gardevoirite|Trace|HyperVoice,Psychic,Thunderbolt,Protect|Modest||M|||50|]Basculegion||ChoiceScarf|Adaptability|WaveCrash,LastRespects,FlipTurn,AquaJet|Jolly||M|||50|]Talonflame||SharpBeak|GaleWings|DualWingbeat,FlareBlitz,Tailwind,Protect|Jolly||F|||50|]Kingambit||ExpertBelt|Defiant|KowtowCleave,SuckerPunch,IronHead,LowKick|Jolly||F|||50|]Kommo-o||LifeOrb|Soundproof|ClangingScales,DracoMeteor,AuraSphere,Protect|Modest||F|||50|]Maushold||FocusSash|FriendGuard|SuperFang,Feint,FollowMe,Protect|Jolly|||||50|
|inactive|Battle timer is ON: inactive players will automatically lose when time's up. (requested by kheld)
|
|t:|1783950818
|teamsize|p1|4
|teamsize|p2|4
|start
|switch|p1a: Garchomp|Garchomp, L50, F|100/100
|switch|p1b: Whimsicott|Whimsicott, L50, M|100/100
|switch|p2a: Gardevoir|Gardevoir, L50, M, shiny|100/100
|switch|p2b: Talonflame|Talonflame, L50, F|100/100
|-ability|p2a: Gardevoir|Rough Skin|Trace|[from] ability: Trace|[of] p1a: Garchomp
|turn|1
|
|t:|1783950834
|detailschange|p2a: Gardevoir|Gardevoir-Mega, L50, M, shiny
|-mega|p2a: Gardevoir|Gardevoir|Gardevoirite
|move|p2b: Talonflame|Tailwind|p2b: Talonflame
|-sidestart|p2: kheld|move: Tailwind
|move|p1b: Whimsicott|Tailwind|p1b: Whimsicott
|-sidestart|p1: ko1d_lol|move: Tailwind
|move|p1a: Garchomp|Rock Slide|p2a: Gardevoir|[spread] p2a,p2b
|-supereffective|p2b: Talonflame|2
|-damage|p2a: Gardevoir|71/100
|-damage|p2b: Talonflame|0 fnt
|faint|p2b: Talonflame
|move|p2a: Gardevoir|Hyper Voice|p1a: Garchomp|[spread] p1a,p1b
|-supereffective|p1a: Garchomp|1
|-damage|p1a: Garchomp|0 fnt
|-damage|p1b: Whimsicott|8/100
|faint|p1a: Garchomp
|
|upkeep
|
|t:|1783950850
|switch|p2b: Kingambit|Kingambit, L50, F|100/100
|switch|p1a: Charizard|Charizard, L50, M|100/100
|turn|2
|
|t:|1783950866
|move|p1b: Whimsicott|Protect|p1b: Whimsicott
|-singleturn|p1b: Whimsicott|Protect
|move|p1a: Charizard|Protect|p1a: Charizard
|-singleturn|p1a: Charizard|Protect
|move|p2b: Kingambit|Sucker Punch||[still]
|-fail|p2b: Kingambit
|move|p2a: Gardevoir|Thunderbolt|p1a: Charizard
|-activate|p1a: Charizard|move: Protect
|
|upkeep
|turn|3
|inactive|ko1d_lol has 30 seconds left.
|
|t:|1783950897
|switch|p1a: Kingambit|Kingambit, L50, M|100/100
|move|p1b: Whimsicott|Encore|p2b: Kingambit
|-hint|Since gen 7, Dark is immune to Prankster moves.
|-immune|p2b: Kingambit
|move|p2a: Gardevoir|Hyper Voice|p1a: Kingambit|[spread] p1a,p1b
|-damage|p1a: Kingambit|45/100
|-damage|p1b: Whimsicott|0 fnt
|faint|p1b: Whimsicott
|move|p2b: Kingambit|Low Kick|p1a: Kingambit
|-supereffective|p1a: Kingambit|2
|-enditem|p1a: Kingambit|Chople Berry|[eat]
|-enditem|p1a: Kingambit|Chople Berry|[weaken]
|-damage|p1a: Kingambit|0 fnt
|faint|p1a: Kingambit
|
|upkeep
|
|t:|1783950908
|switch|p1b: Charizard|Charizard, L50, M|100/100
|turn|4
|
|t:|1783950928
|detailschange|p1b: Charizard|Charizard-Mega-Y, L50, M
|-mega|p1b: Charizard|Charizard|Charizardite Y
|-weather|SunnyDay|[from] ability: Drought|[of] p1b: Charizard
|move|p2b: Kingambit|Sucker Punch|p1b: Charizard
|-damage|p1b: Charizard|62/100
|move|p2a: Gardevoir|Thunderbolt|p1b: Charizard
|-supereffective|p1b: Charizard|1
|-damage|p1b: Charizard|0 fnt
|faint|p1b: Charizard
|
|win|kheld
|raw|ko1d_lol's rating: 1314 → 1295(-19 for losing)
|raw|kheld's rating: 1331 → 1350(+19 for winning)
|l|☆ko1d_lol
|player|p1|
