|j|☆mikelpoyarzabal
|j|☆SleepD2
|html|mikelpoyarzabalSleepD2    
|uhtml|bestof|Game 1 of a best-of-3
|t:|1784735999
|gametype|doubles
|player|p1|mikelpoyarzabal|arven-s|1319
|player|p2|SleepD2|170|1301
|gen|9
|tier|[Gen 9 Champions] VGC 2026 Reg M-B (Bo3)
|rated|
|rule|Species Clause: Limit one of each Pokémon
|rule|Item Clause: Limit 1 of each item
|clearpoke
|poke|p1|Charizard, L50, M|
|poke|p1|Garchomp, L50, F|
|poke|p1|Incineroar, L50, M|
|poke|p1|Venusaur, L50, M|
|poke|p1|Toxapex, L50, F|
|poke|p1|Sylveon, L50, F|
|poke|p2|Hydreigon, L50, F|
|poke|p2|Talonflame, L50, M|
|poke|p2|Basculegion, L50, M|
|poke|p2|Metagross, L50|
|poke|p2|Floette-Eternal, L50, F|
|poke|p2|Sinistcha, L50|
|teampreview|4
|showteam|p1|Charizard||CharizarditeY|SolarPower|WeatherBall,HeatWave,AncientPower,Protect|Modest||M|||50|]Garchomp||ChoiceScarf|RoughSkin|RockSlide,DragonClaw,Earthquake,StompingTantrum|Adamant||F|||50|]Incineroar||SitrusBerry|Intimidate|FlareBlitz,FakeOut,DarkestLariat,PartingShot|Impish||M|||50|]Venusaur||LifeOrb|Chlorophyll|SludgeBomb,LeafStorm,EarthPower,Protect|Modest||M|||50|]Toxapex||Leftovers|Regenerator|Infestation,Toxic,WideGuard,BanefulBunker|Bold||F|||50|]Sylveon||FairyFeather|Pixilate|HyperVoice,QuickAttack,Yawn,Detect|Modest||F|||50|
|showteam|p2|Hydreigon||LifeOrb|Levitate|Protect,DracoMeteor,DarkPulse,EarthPower|Modest||F|||50|]Talonflame||SharpBeak|GaleWings|Protect,DualWingbeat,Tailwind,QuickGuard|Jolly||M|||50|]Basculegion||MysticWater|Adaptability|Protect,WaveCrash,AquaJet,LastRespects|Adamant||M|||50|]Metagross||Metagrossite|ClearBody|BodyPress,IronHead,PsychicFangs,Protect|Jolly|||||50|]Floette-Eternal||Floettite|FlowerVeil|Protect,DazzlingGleam,LightofRuin,Moonblast|Modest||F|||50|]Sinistcha||KasibBerry|Hospitality|RagePowder,MatchaGotcha,LifeDew,Protect|Bold|||||50|
|inactive|Battle timer is ON: inactive players will automatically lose when time's up. (requested by mikelpoyarzabal)
|inactive|mikelpoyarzabal has 60 seconds left.
|inactive|mikelpoyarzabal has 30 seconds left.
|inactive|mikelpoyarzabal has 20 seconds left.
|inactive|mikelpoyarzabal has 15 seconds left.
|inactive|mikelpoyarzabal has 10 seconds left.
|
|t:|1784736084
|teamsize|p1|4
|teamsize|p2|4
|start
|switch|p1a: Charizard|Charizard, L50, M|100/100
|switch|p1b: Garchomp|Garchomp, L50, F|100/100
|switch|p2a: Talonflame|Talonflame, L50, M|100/100
|switch|p2b: Hydreigon|Hydreigon, L50, F|100/100
|turn|1
|
|t:|1784736094
|switch|p1b: Sylveon|Sylveon, L50, F|100/100
|detailschange|p1a: Charizard|Charizard-Mega-Y, L50, M
|-mega|p1a: Charizard|Charizard|Charizardite Y
|-weather|SunnyDay|[from] ability: Drought|[of] p1a: Charizard
|move|p2a: Talonflame|Tailwind|p2a: Talonflame
|-sidestart|p2: SleepD2|move: Tailwind
|move|p2b: Hydreigon|Draco Meteor|p1b: Sylveon
|-immune|p1b: Sylveon
|move|p1a: Charizard|Ancient Power|p2a: Talonflame
|-supereffective|p2a: Talonflame|2
|-damage|p2a: Talonflame|0 fnt
|faint|p2a: Talonflame
|
|-weather|SunnyDay|[upkeep]
|upkeep
|
|t:|1784736098
|switch|p2a: Metagross|Metagross, L50|100/100
|turn|2
|
|t:|1784736112
|detailschange|p2a: Metagross|Metagross-Mega, L50
|-mega|p2a: Metagross|Metagross|Metagrossite
|move|p1a: Charizard|Protect|p1a: Charizard
|-singleturn|p1a: Charizard|Protect
|move|p2a: Metagross|Psychic Fangs|p1a: Charizard
|-activate|p1a: Charizard|move: Protect
|move|p2b: Hydreigon|Dark Pulse|p1a: Charizard
|-activate|p1a: Charizard|move: Protect
|move|p1b: Sylveon|Hyper Voice|p2a: Metagross|[spread] p2a,p2b
|-resisted|p2a: Metagross|1
|-supereffective|p2b: Hydreigon|2
|-damage|p2a: Metagross|78/100
|-damage|p2b: Hydreigon|0 fnt
|faint|p2b: Hydreigon
|
|-weather|SunnyDay|[upkeep]
|upkeep
|-message|SleepD2 forfeited.
|
|win|mikelpoyarzabal
