|j|☆okaytokayyt
|j|☆spingle23
|html|okaytokayytspingle23    
|uhtml|bestof|Game 3 of a best-of-3
|t:|1784032743
|gametype|doubles
|player|p1|okaytokayyt|265|
|player|p2|spingle23|169|
|gen|9
|tier|[Gen 9 Champions] VGC 2026 Reg M-B (Bo3)
|rule|Species Clause: Limit one of each Pokémon
|rule|Item Clause: Limit 1 of each item
|clearpoke
|poke|p1|Scovillain, L50, M|
|poke|p1|Aerodactyl, L50, M|
|poke|p1|Kommo-o, L50, M|
|poke|p1|Sneasler, L50, F|
|poke|p1|Basculegion, L50, M|
|poke|p1|Pelipper, L50, M|
|poke|p2|Sceptile, L50, M|
|poke|p2|Maushold-Four, L50|
|poke|p2|Incineroar, L50, F|
|poke|p2|Floette-Eternal, L50, F|
|poke|p2|Basculegion, L50, M|
|poke|p2|Jolteon, L50, F|
|teampreview|4
|showteam|p1|Scovillain||Scovillainite|Chlorophyll|Overheat,LeechSeed,RagePowder,Protect|Calm||M|||50|]Aerodactyl||Aerodactylite|Unnerve|DualWingbeat,RockSlide,Tailwind,Protect|Jolly||M|||50|]Kommo-o||Leftovers|Soundproof|ClangingScales,AuraSphere,ClangorousSoul,Protect|Modest||M|||50|]Sneasler||WhiteHerb|Unburden|DireClaw,CloseCombat,FakeOut,Protect|Adamant||F|||50|]Basculegion||ChoiceScarf|Adaptability|WaveCrash,LastRespects,AquaJet,FlipTurn|Adamant||M|||50|]Pelipper||SitrusBerry|Drizzle|Hurricane,WeatherBall,WideGuard,Protect|Bold||M|||50|
|showteam|p2|Sceptile||Sceptilite|Overgrow|Detect,EarthPower,DragonPulse,LeafStorm|Modest||M|||50|]Maushold-Four||WideLens|Technician|PopulationBomb,Protect,FollowMe,BulletSeed|Jolly|||||50|]Incineroar||SitrusBerry|Intimidate|FakeOut,PartingShot,ThroatChop,FlareBlitz|Adamant||F|||50|]Floette-Eternal||Floettite|FlowerVeil|Protect,CalmMind,DrainingKiss,DazzlingGleam|Timid||F|||50|]Basculegion||ChoiceScarf|Adaptability|WaveCrash,FlipTurn,HeadSmash,LastRespects|Jolly||M|||50|]Jolteon||FocusSash|VoltAbsorb|Detect,Yawn,Electroweb,Discharge|Timid||F|||50|
|j| Draxolotl
|
|t:|1784032808
|teamsize|p1|4
|teamsize|p2|4
|start
|switch|p1a: Scovillain|Scovillain, L50, M|100/100
|switch|p1b: Kommo-o|Kommo-o, L50, M|100/100
|switch|p2a: Jolteon|Jolteon, L50, F|100/100
|switch|p2b: Sceptile|Sceptile, L50, M|100/100
|turn|1
|l| Draxolotl
|
|t:|1784032846
|detailschange|p2b: Sceptile|Sceptile-Mega, L50, M
|-mega|p2b: Sceptile|Sceptile|Sceptilite
|detailschange|p1a: Scovillain|Scovillain-Mega, L50, M
|-mega|p1a: Scovillain|Scovillain|Scovillainite
|move|p1a: Scovillain|Rage Powder|p1a: Scovillain
|-singleturn|p1a: Scovillain|move: Rage Powder
|move|p2a: Jolteon|Discharge|p1a: Scovillain|[spread] p1a,p1b
|-ability|p2b: Sceptile|Lightning Rod|boost
|-boost|p2b: Sceptile|spa|1
|-resisted|p1a: Scovillain|1
|-resisted|p1b: Kommo-o|1
|-crit|p1b: Kommo-o
|-damage|p1a: Scovillain|87/100
|-damage|p1b: Kommo-o|78/100
|-status|p1b: Kommo-o|par
|-status|p2a: Jolteon|brn|[from] ability: Spicy Spray|[of] p1a: Scovillain
|move|p2b: Sceptile|Dragon Pulse|p1b: Kommo-o
|-supereffective|p1b: Kommo-o|1
|-damage|p1b: Kommo-o|0 fnt
|faint|p1b: Kommo-o
|
|-damage|p2a: Jolteon|94/100 brn|[from] brn
|upkeep
|j| Draxolotl
|j| asmrticuno
|
|t:|1784032871
|switch|p1b: Basculegion|Basculegion, L50, M|100/100
|turn|2
|l| Draxolotl
|j| Draxolotl
|
|t:|1784032911
|switch|p1b: Sneasler|Sneasler, L50, F|100/100
|move|p2a: Jolteon|Electroweb|p1b: Sneasler|[spread] p1a,p1b
|-resisted|p1a: Scovillain|1
|-damage|p1a: Scovillain|77/100
|-damage|p1b: Sneasler|73/100
|-unboost|p1a: Scovillain|spe|1
|-unboost|p1b: Sneasler|spe|1
|-enditem|p1b: Sneasler|White Herb
|-clearnegativeboost|p1b: Sneasler|[silent]
|move|p2b: Sceptile|Dragon Pulse|p1b: Sneasler
|-damage|p1b: Sneasler|0 fnt
|faint|p1b: Sneasler
|move|p1a: Scovillain|Overheat|p2a: Jolteon
|-damage|p2a: Jolteon|20/100y brn
|-unboost|p1a: Scovillain|spa|2
|
|-damage|p2a: Jolteon|14/100 brn|[from] brn
|upkeep
|
|t:|1784032929
|switch|p1b: Basculegion|Basculegion, L50, M|100/100
|turn|3
|
|t:|1784032960
|move|p1a: Scovillain|Protect|p1a: Scovillain
|-singleturn|p1a: Scovillain|Protect
|move|p2a: Jolteon|Discharge|p1b: Basculegion|[spread] p1b
|-activate|p1a: Scovillain|move: Protect
|-ability|p2b: Sceptile|Lightning Rod|boost
|-boost|p2b: Sceptile|spa|1
|-supereffective|p1b: Basculegion|1
|-damage|p1b: Basculegion|32/100
|-status|p1b: Basculegion|par
|move|p2b: Sceptile|Leaf Storm|p1b: Basculegion
|-supereffective|p1b: Basculegion|1
|-damage|p1b: Basculegion|0 fnt
|-unboost|p2b: Sceptile|spa|2
|faint|p1b: Basculegion
|
|-damage|p2a: Jolteon|9/100 brn|[from] brn
|upkeep
|turn|4
|-message|okaytokayyt forfeited.
|
|win|spingle23
|l|☆okaytokayyt
|player|p1|
|l| Draxolotl
|j|☆okaytokayyt
|player|p1|okaytokayyt|265|
|c|☆okaytokayyt|ggs!
|c|☆spingle23|gg wp!
|l| asmrticuno
|l|☆okaytokayyt
|player|p1|
|j| asmrticuno
|l| asmrticuno
