|j|☆palle synchro
|j|☆Sazandoramx
|html|palle synchroSazandoramx    
|uhtml|bestof|Game 3 of a best-of-3
|t:|1757084789
|gametype|doubles
|player|p1|palle synchro|volkner|1458
|player|p2|Sazandoramx|266|1347
|gen|9
|tier|[Gen 9] VGC 2025 Reg H (Bo3)
|rated|
|rule|Species Clause: Limit one of each Pokémon
|rule|Item Clause: Limit 1 of each item
|clearpoke
|poke|p1|Whimsicott, L50, M|
|poke|p1|Annihilape, L50, F|
|poke|p1|Indeedee, L50, M|
|poke|p1|Sneasler, L50, F|
|poke|p1|Ursaluna-Bloodmoon, L50, M|
|poke|p1|Archaludon, L50, F|
|poke|p2|Armarouge, L50, F|
|poke|p2|Kingambit, L50, M|
|poke|p2|Indeedee-F, L50, F|
|poke|p2|Annihilape, L50, M|
|poke|p2|Hatterene, L50, F|
|poke|p2|Torkoal, L50, F|
|teampreview|4
|showteam|p1|Whimsicott||CovertCloak|Prankster|Moonblast,Taunt,Tailwind,FakeTears|||M|||50|,,,,,Water]Annihilape||SafetyGoggles|Defiant|CloseCombat,RageFist,FinalGambit,Taunt|||F|||50|,,,,,Water]Indeedee||FocusSash|PsychicSurge|ExpandingForce,TeraBlast,Imprison,TrickRoom|||M|||50|,,,,,Psychic]Sneasler||PsychicSeed|Unburden|CloseCombat,DireClaw,ThroatChop,Protect|||F|||50|,,,,,Dark]Ursaluna-Bloodmoon||LifeOrb|MindsEye|HyperVoice,BloodMoon,EarthPower,Protect|||M|||50|,,,,,Normal]Archaludon||PowerHerb|Sturdy|ElectroShot,DragonPulse,Thunderbolt,Protect|||F|||50|,,,,,Electric
|showteam|p2|Armarouge||PowerHerb|FlashFire|ArmorCannon,ExpandingForce,MeteorBeam,TrickRoom|||F|||50|,,,,,Grass]Kingambit||SafetyGoggles|Defiant|KowtowCleave,LowKick,SuckerPunch,SwordsDance|||M|||50|,,,,,Dark]Indeedee-F||RockyHelmet|PsychicSurge|Psychic,FollowMe,TrickRoom,HelpingHand|||F|||50|,,,,,Steel]Annihilape||ChoiceScarf|Defiant|CloseCombat,ShadowClaw,FinalGambit,Uturn|||M|||50|,,,,,Stellar]Hatterene||LifeOrb|MagicBounce|ExpandingForce,DazzlingGleam,TrickRoom,Protect|||F|||50|,,,,,Water]Torkoal||ChoiceSpecs|Drought|Eruption,EarthPower,WeatherBall,HeatWave|||F|||50|,,,,,Fire
|inactive|Battle timer is ON: inactive players will automatically lose when time's up. (requested by palle synchro)
|inactive|palle synchro has 60 seconds left.
|
|t:|1757084829
|teamsize|p1|4
|teamsize|p2|4
|start
|switch|p1a: Indeedee|Indeedee, L50, M|100/100
|switch|p1b: Sneasler|Sneasler, L50, F|100/100
|switch|p2a: Hatterene|Hatterene, L50, F|100/100
|switch|p2b: Annihilape|Annihilape, L50, M|100/100
|-fieldstart|move: Psychic Terrain|[from] ability: Psychic Surge|[of] p1a: Indeedee
|-enditem|p1b: Sneasler|Psychic Seed
|-boost|p1b: Sneasler|spd|1|[from] item: Psychic Seed
|turn|1
|inactive|Sazandoramx has 30 seconds left.
|inactive|Sazandoramx has 20 seconds left.
|inactive|Sazandoramx has 15 seconds left.
|
|t:|1757084874
|-terastallize|p1a: Indeedee|Psychic
|move|p2a: Hatterene|Protect|p2a: Hatterene
|-singleturn|p2a: Hatterene|Protect
|move|p1b: Sneasler|Dire Claw|p2a: Hatterene
|-activate|p2a: Hatterene|move: Protect
|move|p2b: Annihilape|U-turn|p1a: Indeedee
|-supereffective|p1a: Indeedee
|-enditem|p1a: Indeedee|Focus Sash
|-damage|p1a: Indeedee|1/100
|
|t:|1757084885
|switch|p2b: Indeedee|Indeedee-F, L50, F|100/100|[from] U-turn
|move|p1a: Indeedee|Expanding Force|p2a: Hatterene|[spread] p2b
|-activate|p2a: Hatterene|move: Protect
|-resisted|p2b: Indeedee
|-damage|p2b: Indeedee|68/100
|
|upkeep
|turn|2
|inactive|palle synchro has 30 seconds left.
|inactive|Sazandoramx has 30 seconds left.
|inactive|palle synchro has 20 seconds left.
|inactive|Sazandoramx has 20 seconds left.
|inactive|palle synchro has 15 seconds left.
|inactive|palle synchro has 10 seconds left.
|inactive|Sazandoramx has 15 seconds left.
|inactive|Sazandoramx has 10 seconds left.
|inactive|Sazandoramx has 5 seconds left.
|
|t:|1757084941
|-terastallize|p2a: Hatterene|Water
|move|p1b: Sneasler|Dire Claw|p2a: Hatterene
|-damage|p2a: Hatterene|55/100
|-status|p2a: Hatterene|slp
|move|p1a: Indeedee|Expanding Force|p2b: Indeedee|[spread] p2a,p2b
|-resisted|p2b: Indeedee
|-damage|p2a: Hatterene|0 fnt
|-damage|p2b: Indeedee|34/100
|faint|p2a: Hatterene
|move|p2b: Indeedee|Trick Room|p2b: Indeedee
|-fieldstart|move: Trick Room|[of] p2b: Indeedee
|
|upkeep
|
|t:|1757084954
|switch|p2a: Torkoal|Torkoal, L50, F|100/100
|-weather|SunnyDay|[from] ability: Drought|[of] p2a: Torkoal
|turn|3
|-message|palle synchro forfeited.
|
|win|Sazandoramx
|raw|palle synchro's rating: 1458 → 1432(-26 for losing)
|raw|Sazandoramx's rating: 1347 → 1373(+26 for winning)
