|j|☆Soraarara
|j|☆Truevillany123
|html|SoraararaTruevillany123    
|uhtml|bestof|Game 2 of a best-of-3
|t:|1757738200
|gametype|doubles
|player|p1|Soraarara|2|1150
|player|p2|Truevillany123|101|1177
|gen|9
|tier|[Gen 9] VGC 2025 Reg H (Bo3)
|rated|
|rule|Species Clause: Limit one of each Pokémon
|rule|Item Clause: Limit 1 of each item
|clearpoke
|poke|p1|Ursaluna, L50, M|
|poke|p1|Jumpluff, L50, F|
|poke|p1|Charizard, L50, F|
|poke|p1|Torkoal, L50, M|
|poke|p1|Incineroar, L50, F|
|poke|p1|Porygon2, L50|
|poke|p2|Dragonite, L50, M|
|poke|p2|Ursaluna-Bloodmoon, L50, M|
|poke|p2|Gholdengo, L50|
|poke|p2|Annihilape, L50, F|
|poke|p2|Ninetales-Alola, L50, F|
|poke|p2|Rillaboom, L50, M|
|teampreview|4
|showteam|p1|Ursaluna||FlameOrb|Guts|HeadlongRush,Facade,Earthquake,Protect|||M|||50|,,,,,Ghost]Jumpluff||CovertCloak|Chlorophyll|SleepPowder,SunnyDay,Tailwind,RagePowder|||F|||50|,,,,,Water]Charizard||ChoiceSpecs|SolarPower|AirSlash,HeatWave,Overheat,WeatherBall|||F|||50|,,,,,Ghost]Torkoal||EjectPack|Drought|HelpingHand,Eruption,Overheat,Protect|||M|||50|,,,,,Fire]Incineroar||SitrusBerry|Intimidate|FakeOut,FlareBlitz,KnockOff,PartingShot|||F|||50|,,,,,Ghost]Porygon2||Eviolite|Download|TeraBlast,IceBeam,Recover,TrickRoom||||||50|,,,,,Fighting
|showteam|p2|Dragonite||LoadedDice|Multiscale|ScaleShot,Protect,Haze,Tailwind|||M|||50|,,,,,Fairy]Ursaluna-Bloodmoon||LifeOrb|MindsEye|BloodMoon,HyperVoice,EarthPower,Protect|||M|||50|,,,,,Normal]Gholdengo||GrassySeed|GoodasGold|MakeItRain,ShadowBall,Protect,NastyPlot||||||50|,,,,,Water]Annihilape||SafetyGoggles|Defiant|DrainPunch,RageFist,Protect,BulkUp|||F|||50|,,,,,Fire]Ninetales-Alola||FocusSash|SnowWarning|FreezeDry,AuroraVeil,Encore,IcicleSpear|||F|||50|,,,,,Ghost]Rillaboom||AssaultVest|GrassySurge|FakeOut,WoodHammer,HighHorsepower,Uturn|||M|||50|,,,,,Fire
|inactive|Battle timer is ON: inactive players will automatically lose when time's up. (requested by Soraarara)
|inactive|Soraarara has 60 seconds left.
|inactive|Soraarara has 30 seconds left.
|inactive|Soraarara has 20 seconds left.
|
|t:|1757738273
|teamsize|p1|4
|teamsize|p2|4
|start
|switch|p1a: Charizard|Charizard, L50, F|100/100
|switch|p1b: Torkoal|Torkoal, L50, M|100/100
|switch|p2a: Annihilape|Annihilape, L50, F|100/100
|switch|p2b: Rillaboom|Rillaboom, L50, M|100/100
|-fieldstart|move: Grassy Terrain|[from] ability: Grassy Surge|[of] p2b: Rillaboom
|-weather|SunnyDay|[from] ability: Drought|[of] p1b: Torkoal
|turn|1
|inactive|Soraarara has 30 seconds left.
|inactive|Soraarara has 20 seconds left.
|inactive|Soraarara has 15 seconds left.
|inactive|Soraarara has 10 seconds left.
|inactive|Soraarara has 5 seconds left.
|
|t:|1757738325
|switch|p2b: Ninetales|Ninetales-Alola, L50, F|100/100
|-weather|Snowscape|[from] ability: Snow Warning|[of] p2b: Ninetales
|move|p1a: Charizard|Heat Wave|p2a: Annihilape|[spread] p2a,p2b
|-supereffective|p2b: Ninetales
|-damage|p2a: Annihilape|51/100
|-enditem|p2b: Ninetales|Focus Sash
|-damage|p2b: Ninetales|1/100
|move|p2a: Annihilape|Rage Fist|p1a: Charizard
|-damage|p1a: Charizard|38/100
|move|p1b: Torkoal|Overheat|p2b: Ninetales
|-supereffective|p2b: Ninetales
|-damage|p2b: Ninetales|0 fnt
|-unboost|p1b: Torkoal|spa|2
|faint|p2b: Ninetales
|-enditem|p1b: Torkoal|Eject Pack
|l|☆Soraarara
|inactive|Soraarara disconnected and has a minute to reconnect!
|player|p1|
|j|☆Soraarara
|inactive|Soraarara reconnected and has 45 seconds left.
|player|p1|Soraarara|2|
|inactive|Soraarara has 30 seconds left.
|inactive|Soraarara has 20 seconds left.
|inactive|Soraarara has 15 seconds left.
|
|t:|1757738368
|switch|p1b: Ursaluna|Ursaluna, L50, M|100/100
|
|-weather|Snowscape|[upkeep]
|-heal|p2a: Annihilape|58/100|[from] Grassy Terrain
|-status|p1b: Ursaluna|brn|[from] item: Flame Orb
|upkeep
|
|t:|1757738379
|switch|p2b: Rillaboom|Rillaboom, L50, M|100/100
|turn|2
|inactive|Soraarara has 30 seconds left.
|inactive|Truevillany123 has 30 seconds left.
|inactive|Soraarara has 20 seconds left.
|
|t:|1757738415
|switch|p1a: Porygon2|Porygon2, L50|100/100
|-ability|p1a: Porygon2|Download|boost
|-boost|p1a: Porygon2|spa|1
|-terastallize|p2a: Annihilape|Fire
|move|p2a: Annihilape|Rage Fist|p1a: Porygon2
|-immune|p1a: Porygon2
|move|p2b: Rillaboom|High Horsepower|p1b: Ursaluna
|-damage|p1b: Ursaluna|75/100 brn
|move|p1b: Ursaluna|Earthquake|p2a: Annihilape|[spread] p1a,p2a,p2b
|-supereffective|p2a: Annihilape
|-resisted|p2b: Rillaboom
|-damage|p1a: Porygon2|78/100
|-damage|p2a: Annihilape|0 fnt
|-damage|p2b: Rillaboom|85/100
|faint|p2a: Annihilape
|
|-weather|Snowscape|[upkeep]
|-heal|p2b: Rillaboom|91/100|[from] Grassy Terrain
|-heal|p1b: Ursaluna|81/100 brn|[from] Grassy Terrain
|-heal|p1a: Porygon2|84/100|[from] Grassy Terrain
|-damage|p1b: Ursaluna|75/100 brn|[from] brn
|upkeep
|
|t:|1757738432
|switch|p2a: Gholdengo|Gholdengo, L50|100/100
|-enditem|p2a: Gholdengo|Grassy Seed
|-boost|p2a: Gholdengo|def|1|[from] item: Grassy Seed
|turn|3
|inactive|Soraarara has 30 seconds left.
|inactive|Truevillany123 has 30 seconds left.
|
|t:|1757738460
|move|p1b: Ursaluna|Protect|p1b: Ursaluna
|-singleturn|p1b: Ursaluna|Protect
|move|p2a: Gholdengo|Nasty Plot|p2a: Gholdengo
|-boost|p2a: Gholdengo|spa|2
|move|p2b: Rillaboom|Wood Hammer|p1a: Porygon2
|-damage|p1a: Porygon2|23/100
|-damage|p2b: Rillaboom|71/100|[from] Recoil
|move|p1a: Porygon2|Trick Room|p1a: Porygon2
|-fieldstart|move: Trick Room|[of] p1a: Porygon2
|
|-weather|Snowscape|[upkeep]
|-heal|p1a: Porygon2|30/100|[from] Grassy Terrain
|-heal|p1b: Ursaluna|81/100 brn|[from] Grassy Terrain
|-heal|p2b: Rillaboom|77/100|[from] Grassy Terrain
|-damage|p1b: Ursaluna|75/100 brn|[from] brn
|upkeep
|turn|4
|inactive|Soraarara has 30 seconds left.
|inactive|Truevillany123 has 30 seconds left.
|
|t:|1757738493
|move|p1a: Porygon2|Ice Beam|p2b: Rillaboom
|-supereffective|p2b: Rillaboom
|-damage|p2b: Rillaboom|9/100
|move|p1b: Ursaluna|Headlong Rush|p2a: Gholdengo
|-supereffective|p2a: Gholdengo
|-damage|p2a: Gholdengo|0 fnt
|-unboost|p1b: Ursaluna|def|1
|-unboost|p1b: Ursaluna|spd|1
|faint|p2a: Gholdengo
|move|p2b: Rillaboom|Wood Hammer|p1b: Ursaluna
|-supereffective|p1b: Ursaluna
|-damage|p1b: Ursaluna|0 fnt
|faint|p1b: Ursaluna
|-damage|p2b: Rillaboom|0 fnt|[from] Recoil
|faint|p2b: Rillaboom
|
|win|Soraarara
