|j|☆3rdPlaceTennis
|j|☆bestakdv
|html|3rdPlaceTennisbestakdv    
|uhtml|bestof|Game 1 of a best-of-3
|t:|1756688722
|gametype|doubles
|player|p1|3rdPlaceTennis|bugcatcher-gen4dp|1129
|player|p2|bestakdv|169|1000
|gen|9
|tier|[Gen 9] VGC 2025 Reg H (Bo3)
|rated|
|rule|Species Clause: Limit one of each Pokémon
|rule|Item Clause: Limit 1 of each item
|clearpoke
|poke|p1|Dragonite, L50, M|
|poke|p1|Gholdengo, L50|
|poke|p1|Rillaboom, L50, M|
|poke|p1|Ursaluna-Bloodmoon, L50, M|
|poke|p1|Maushold-Four, L50|
|poke|p1|Annihilape, L50, M|
|poke|p2|Incineroar, L50, F|
|poke|p2|Ursaluna-Bloodmoon, L50, M|
|poke|p2|Annihilape, L50, M|
|poke|p2|Dragonite, L50, M|
|poke|p2|Indeedee-F, L50, F|
|poke|p2|Whimsicott, L50, F|
|teampreview|4
|showteam|p1|Dragonite||LoadedDice|Multiscale|Tailwind,Haze,Protect,ScaleShot|||M|||50|,,,,,Fairy]Gholdengo||LifeOrb|GoodasGold|MakeItRain,ShadowBall,NastyPlot,Protect||||||50|,,,,,Water]Rillaboom||MiracleSeed|GrassySurge|WoodHammer,GrassyGlide,FakeOut,HighHorsepower|||M|||50|,,,,,Fire]Ursaluna-Bloodmoon||AssaultVest|MindsEye|BloodMoon,EarthPower,VacuumWave,HyperVoice|||M|||50|,,,,,Water]Maushold-Four||FocusSash|FriendGuard|SuperFang,FollowMe,BeatUp,Protect||||||50|,,,,,Ghost]Annihilape||SitrusBerry|Defiant|RageFist,DrainPunch,BulkUp,Protect|||M|||50|,,,,,Fire
|showteam|p2|Incineroar||SafetyGoggles|Intimidate|FakeOut,KnockOff,FlareBlitz,PartingShot|||F|||50|,,,,,Ghost]Ursaluna-Bloodmoon||LifeOrb|MindsEye|HyperVoice,Protect,BloodMoon,EarthPower|||M|||50|,,,,,Normal]Annihilape||SitrusBerry|Defiant|RageFist,CloseCombat,Protect,DrainPunch|||M|||50|,,,,,Fire]Dragonite||LoadedDice|Multiscale|ScaleShot,Protect,Haze,ExtremeSpeed|||M|||50|,,,,,Dragon]Indeedee-F||RockyHelmet|PsychicSurge|FollowMe,Imprison,TrickRoom,Psychic|||F|||50|,,,,,Dark]Whimsicott||CovertCloak|Prankster|Encore,Tailwind,Moonblast,Taunt|||F|||50|,,,,,Dark
|inactive|Battle timer is ON: inactive players will automatically lose when time's up. (requested by bestakdv)
|c|☆bestakdv|gl hf
|inactive|3rdPlaceTennis has 60 seconds left.
|inactive|bestakdv has 60 seconds left.
|inactive|3rdPlaceTennis has 30 seconds left.
|inactive|bestakdv has 30 seconds left.
|inactive|3rdPlaceTennis has 20 seconds left.
|inactive|bestakdv has 20 seconds left.
|inactive|3rdPlaceTennis has 15 seconds left.
|inactive|bestakdv has 15 seconds left.
|inactive|3rdPlaceTennis has 10 seconds left.
|inactive|3rdPlaceTennis has 5 seconds left.
|
|t:|1756688812
|teamsize|p1|4
|teamsize|p2|4
|start
|switch|p1a: Dragonite|Dragonite, L50, M|100/100
|switch|p1b: Gholdengo|Gholdengo, L50|100/100
|switch|p2a: Whimsicott|Whimsicott, L50, F|100/100
|switch|p2b: Ursaluna|Ursaluna-Bloodmoon, L50, M|100/100
|turn|1
|inactive|3rdPlaceTennis has 30 seconds left.
|inactive|bestakdv has 30 seconds left.
|inactive|3rdPlaceTennis has 20 seconds left.
|inactive|3rdPlaceTennis has 15 seconds left.
|inactive|3rdPlaceTennis has 10 seconds left.
|inactive|3rdPlaceTennis has 5 seconds left.
|
|t:|1756688867
|move|p2a: Whimsicott|Tailwind|p2a: Whimsicott
|-sidestart|p2: bestakdv|move: Tailwind
|move|p2b: Ursaluna|Earth Power|p1b: Gholdengo
|-supereffective|p1b: Gholdengo
|-damage|p1b: Gholdengo|0 fnt
|faint|p1b: Gholdengo
|-damage|p2b: Ursaluna|91/100|[from] item: Life Orb
|move|p1a: Dragonite|Tailwind|p1a: Dragonite
|-sidestart|p1: 3rdPlaceTennis|move: Tailwind
|
|upkeep
|inactive|3rdPlaceTennis has 30 seconds left.
|inactive|3rdPlaceTennis has 20 seconds left.
|inactive|3rdPlaceTennis has 15 seconds left.
|inactive|3rdPlaceTennis has 10 seconds left.
|inactive|3rdPlaceTennis has 5 seconds left.
|
|t:|1756688922
|switch|p1b: Rillaboom|Rillaboom, L50, M|100/100
|-fieldstart|move: Grassy Terrain|[from] ability: Grassy Surge|[of] p1b: Rillaboom
|turn|2
|inactive|3rdPlaceTennis has 30 seconds left.
|inactive|bestakdv has 30 seconds left.
|inactive|3rdPlaceTennis has 20 seconds left.
|inactive|bestakdv has 20 seconds left.
|inactive|3rdPlaceTennis has 15 seconds left.
|inactive|bestakdv has 15 seconds left.
|inactive|3rdPlaceTennis has 10 seconds left.
|inactive|bestakdv has 10 seconds left.
|inactive|3rdPlaceTennis has 5 seconds left.
|
|t:|1756688978
|switch|p2a: Incineroar|Incineroar, L50, F|100/100
|-ability|p2a: Incineroar|Intimidate|boost
|-unboost|p1a: Dragonite|atk|1
|-unboost|p1b: Rillaboom|atk|1
|-terastallize|p2b: Ursaluna|Normal
|move|p1b: Rillaboom|Wood Hammer|p2a: Incineroar
|-resisted|p2a: Incineroar
|-damage|p2a: Incineroar|66/100
|-damage|p1b: Rillaboom|88/100|[from] Recoil
|move|p1a: Dragonite|Tailwind||[still]
|-fail|p1a: Dragonite
|move|p2b: Ursaluna|Blood Moon|p1b: Rillaboom
|-damage|p1b: Rillaboom|0 fnt
|faint|p1b: Rillaboom
|-damage|p2b: Ursaluna|81/100|[from] item: Life Orb
|
|-heal|p2b: Ursaluna|87/100|[from] Grassy Terrain
|-heal|p2a: Incineroar|72/100|[from] Grassy Terrain
|upkeep
|inactive|3rdPlaceTennis has 30 seconds left.
|inactive|3rdPlaceTennis has 20 seconds left.
|inactive|3rdPlaceTennis has 15 seconds left.
|inactive|3rdPlaceTennis has 10 seconds left.
|inactive|3rdPlaceTennis has 5 seconds left.
|
|t:|1756689033
|switch|p1b: Ursaluna|Ursaluna-Bloodmoon, L50, M|100/100
|turn|3
|inactive|3rdPlaceTennis has 30 seconds left.
|inactive|bestakdv has 30 seconds left.
|inactive|3rdPlaceTennis has 20 seconds left.
|inactive|bestakdv has 20 seconds left.
|inactive|3rdPlaceTennis has 15 seconds left.
|inactive|3rdPlaceTennis has 10 seconds left.
|inactive|3rdPlaceTennis has 5 seconds left.
|
|t:|1756689088
|move|p2a: Incineroar|Fake Out|p1b: Ursaluna
|-damage|p1b: Ursaluna|91/100
|move|p1a: Dragonite|Tailwind||[still]
|-fail|p1a: Dragonite
|move|p2b: Ursaluna|Earth Power|p1b: Ursaluna
|-damage|p1b: Ursaluna|48/100
|-unboost|p1b: Ursaluna|spd|1
|-damage|p2b: Ursaluna|78/100|[from] item: Life Orb
|cant|p1b: Ursaluna|flinch
|
|-heal|p2b: Ursaluna|84/100|[from] Grassy Terrain
|-heal|p1b: Ursaluna|54/100|[from] Grassy Terrain
|-heal|p2a: Incineroar|78/100|[from] Grassy Terrain
|upkeep
|turn|4
|inactive|bestakdv has 30 seconds left.
|
|t:|1756689120
|move|p1a: Dragonite|Scale Shot|p2b: Ursaluna
|-damage|p2b: Ursaluna|75/100
|-damage|p2b: Ursaluna|67/100
|-damage|p2b: Ursaluna|58/100
|-damage|p2b: Ursaluna|50/100
|-hitcount|p2b: Ursaluna|4
|-unboost|p1a: Dragonite|def|1
|-boost|p1a: Dragonite|spe|1
|move|p2b: Ursaluna|Blood Moon|p1b: Ursaluna
|-damage|p1b: Ursaluna|0 fnt
|faint|p1b: Ursaluna
|-damage|p2b: Ursaluna|40/100|[from] item: Life Orb
|move|p2a: Incineroar|Knock Off|p1a: Dragonite
|-damage|p1a: Dragonite|58/100
|-enditem|p1a: Dragonite|Loaded Dice|[from] move: Knock Off|[of] p2a: Incineroar
|
|-heal|p2b: Ursaluna|46/100|[from] Grassy Terrain
|-heal|p2a: Incineroar|84/100|[from] Grassy Terrain
|-sideend|p1: 3rdPlaceTennis|move: Tailwind
|-sideend|p2: bestakdv|move: Tailwind
|upkeep
|turn|5
|-message|3rdPlaceTennis forfeited.
|
|win|bestakdv
