|j|☆geoo_4789
|j|☆asher255
|html|geoo_4789asher255    
|uhtml|bestof|Game 3 of a best-of-3
|t:|1783521708
|gametype|doubles
|player|p1|geoo_4789|265|
|player|p2|asher255|dawn-masters|
|gen|9
|tier|[Gen 9 Champions] VGC 2026 Reg M-B (Bo3)
|rule|Species Clause: Limit one of each Pokémon
|rule|Item Clause: Limit 1 of each item
|clearpoke
|poke|p1|Sneasler, L50, M|
|poke|p1|Blastoise, L50, M|
|poke|p1|Kingambit, L50, M|
|poke|p1|Incineroar, L50, M|
|poke|p1|Delphox, L50, F|
|poke|p1|Sinistcha, L50|
|poke|p2|Torkoal, L50, F|
|poke|p2|Vileplume, L50, M|
|poke|p2|Farigiraf, L50, M|
|poke|p2|Crabominable, L50, M|
|poke|p2|Kingambit, L50, F|
|poke|p2|Primarina, L50, F|
|teampreview|4
|showteam|p1|Sneasler||FocusSash|PoisonTouch|PoisonJab,CloseCombat,FakeOut,QuickGuard|Jolly||M|||50|]Blastoise||Blastoisinite|RainDish|DarkPulse,WaterSpout,ShellSmash,Protect|Modest||M|||50|]Kingambit||BlackGlasses|Defiant|KowtowCleave,SuckerPunch,SwordsDance,Protect|Adamant||M|||50|]Incineroar||SitrusBerry|Intimidate|FlareBlitz,HelpingHand,PartingShot,FakeOut|Careful||M|||50|]Delphox||Delphoxite|Blaze|HeatWave,NastyPlot,Psyshock,Protect|Modest||F|||50|]Sinistcha||KasibBerry|Hospitality|MatchaGotcha,RagePowder,TrickRoom,Protect|Bold|||||50|
|showteam|p2|Torkoal||Charcoal|Drought|Eruption,HeatWave,WillOWisp,Protect|Quiet||F|||50|]Vileplume||FocusSash|Chlorophyll|AfterYou,SolarBeam,WeatherBall,SleepPowder|Timid||M|||50|]Farigiraf||Leftovers|ArmorTail|TrickRoom,TwinBeam,Protect,MirrorCoat|Sassy||M|||50|]Crabominable||Crabominite|IronFist|WideGuard,Protect,IceHammer,DrainPunch|Impish||M|||50|]Kingambit||BlackGlasses|Defiant|KowtowCleave,IronHead,SuckerPunch,Protect|Brave||F|||50|]Primarina||MysticWater|LiquidVoice|HyperVoice,Moonblast,Protect,Haze|Calm||F|||50|
|inactive|Battle timer is ON: inactive players will automatically lose when time's up. (requested by asher255)
|inactive|geoo_4789 has 60 seconds left.
|
|t:|1783521756
|teamsize|p1|4
|teamsize|p2|4
|start
|switch|p1a: Blastoise|Blastoise, L50, M|100/100
|switch|p1b: Incineroar|Incineroar, L50, M|100/100
|switch|p2a: Primarina|Primarina, L50, F|100/100
|switch|p2b: Crabominable|Crabominable, L50, M|100/100
|-ability|p1b: Incineroar|Intimidate|boost
|-unboost|p2a: Primarina|atk|1
|-unboost|p2b: Crabominable|atk|1
|turn|1
|
|t:|1783521777
|switch|p2b: Farigiraf|Farigiraf, L50, M|100/100
|detailschange|p1a: Blastoise|Blastoise-Mega, L50, M
|-mega|p1a: Blastoise|Blastoise|Blastoisinite
|move|p1a: Blastoise|Protect|p1a: Blastoise
|-singleturn|p1a: Blastoise|Protect
|move|p1b: Incineroar|Parting Shot|p2b: Farigiraf
|-unboost|p2b: Farigiraf|atk|1
|-unboost|p2b: Farigiraf|spa|1
|
|t:|1783521787
|switch|p1b: Kingambit|Kingambit, L50, M|100/100|[from] Parting Shot
|move|p2a: Primarina|Haze|p2a: Primarina
|-clearallboost
|
|upkeep
|turn|2
|c|☆asher255|Aw
|
|t:|1783521800
|switch|p2b: Crabominable|Crabominable, L50, M|100/100
|move|p1b: Kingambit|Protect|p1b: Kingambit
|-singleturn|p1b: Kingambit|Protect
|move|p1a: Blastoise|Dark Pulse|p2b: Crabominable
|-resisted|p2b: Crabominable|1
|-damage|p2b: Crabominable|70/100
|move|p2a: Primarina|Moonblast|p1a: Blastoise
|-damage|p1a: Blastoise|57/100
|
|upkeep
|turn|3
|
|t:|1783521814
|detailschange|p2b: Crabominable|Crabominable-Mega, L50, M
|-mega|p2b: Crabominable|Crabominable|Crabominite
|move|p1a: Blastoise|Water Spout|p2a: Primarina|[spread] p2a,p2b
|-resisted|p2a: Primarina|1
|-damage|p2a: Primarina|87/100
|-damage|p2b: Crabominable|37/100
|move|p2a: Primarina|Moonblast|p1a: Blastoise
|-damage|p1a: Blastoise|18/100
|move|p1b: Kingambit|Kowtow Cleave|p2b: Crabominable
|-resisted|p2b: Crabominable|1
|-damage|p2b: Crabominable|23/100
|move|p2b: Crabominable|Drain Punch|p1b: Kingambit
|-supereffective|p1b: Kingambit|2
|-damage|p1b: Kingambit|0 fnt
|-heal|p2b: Crabominable|74/100|[from] drain|[of] p1b: Kingambit
|faint|p1b: Kingambit
|
|upkeep
|c|☆asher255|WOAH
|c|☆geoo_4789|fack this game
|c|☆geoo_4789|gg
|c|☆asher255|ASHSAHSAHA
|c|☆asher255|ggs
|-message|geoo_4789 forfeited.
|
|win|asher255
|l|☆geoo_4789
|player|p1|
