|j|☆SFmrmimers
|j|☆cammellio
|html|SFmrmimerscammellio    
|uhtml|bestof|Game 2 of a best-of-3
|t:|1756280622
|gametype|doubles
|player|p1|SFmrmimers|n|1046
|player|p2|cammellio|101|1000
|gen|9
|tier|[Gen 9] VGC 2025 Reg H (Bo3)
|rated|
|rule|Species Clause: Limit one of each Pokémon
|rule|Item Clause: Limit 1 of each item
|clearpoke
|poke|p1|Sneasler, L50, M|
|poke|p1|Kingambit, L50, F|
|poke|p1|Rillaboom, L50, F|
|poke|p1|Basculegion, L50, M|
|poke|p1|Magmar, L50, M|
|poke|p1|Ninetales-Alola, L50, M|
|poke|p2|Hawlucha, L50, F|
|poke|p2|Rillaboom, L50, M|
|poke|p2|Grimmsnarl, L50, M|
|poke|p2|Incineroar, L50, M|
|poke|p2|Garchomp, L50, M|
|poke|p2|Gholdengo, L50|
|teampreview|4
|showteam|p1|Sneasler||FocusSash|PoisonTouch|DireClaw,CloseCombat,FakeOut,Protect|||M|||50|,,,,,Ghost]Kingambit||BlackGlasses|Defiant|KowtowCleave,SuckerPunch,SwordsDance,Protect|||F|||50|,,,,,Fire]Rillaboom||AssaultVest|GrassySurge|FakeOut,Uturn,GrassyGlide,WoodHammer|||F|||50|,,,,,Fire]Basculegion||ChoiceScarf|Adaptability|WaveCrash,LastRespects,TeraBlast,FlipTurn|||M|||50|,,,,,Fairy]Magmar||Eviolite|VitalSpirit|FollowMe,HeatWave,Taunt,Protect|||M|||50|,,,,,Ghost]Ninetales-Alola||NeverMeltIce|SnowWarning|Blizzard,FreezeDry,Encore,Protect|||M|||50|,,,,,Ghost
|showteam|p2|Hawlucha||GrassySeed|Unburden|Acrobatics,FlyingPress,ThroatChop,Detect|||F|||50|,,,,,Dark]Rillaboom||AssaultVest|GrassySurge|FakeOut,GrassyGlide,WoodHammer,HighHorsepower|||M|||50|,,,,,Fire]Grimmsnarl||LightClay|Prankster|Reflect,LightScreen,SpiritBreak,Taunt|||M|||50|,,,,,Ghost]Incineroar||ShucaBerry|Intimidate|FakeOut,PartingShot,FlareBlitz,KnockOff|||M|||50|,,,,,Water]Garchomp||ClearAmulet|RoughSkin|Earthquake,RockSlide,DragonClaw,Protect|||M|||50|,,,,,Ground]Gholdengo||ChoiceSpecs|GoodasGold|MakeItRain,ShadowBall,PowerGem,Trick||||||50|,,,,,Steel
|inactive|Battle timer is ON: inactive players will automatically lose when time's up. (requested by cammellio)
|
|t:|1756280640
|teamsize|p1|4
|teamsize|p2|4
|start
|switch|p1a: Basculegion|Basculegion, L50, M, shiny|100/100
|switch|p1b: Ninetales|Ninetales-Alola, L50, M, shiny|100/100
|switch|p2a: Grimmsnarl|Grimmsnarl, L50, M|100/100
|switch|p2b: Gholdengo|Gholdengo, L50|100/100
|-weather|Snowscape|[from] ability: Snow Warning|[of] p1b: Ninetales
|turn|1
|inactive|cammellio has 30 seconds left.
|
|t:|1756280674
|-terastallize|p2b: Gholdengo|Steel
|move|p2a: Grimmsnarl|Reflect|p2a: Grimmsnarl
|-sidestart|p2: cammellio|Reflect
|move|p1a: Basculegion|Flip Turn|p2b: Gholdengo
|-damage|p2b: Gholdengo|69/100
|
|t:|1756280687
|switch|p1a: Sneasler|Sneasler, L50, M|100/100|[from] Flip Turn
|move|p1b: Ninetales|Encore|p2a: Grimmsnarl
|-start|p2a: Grimmsnarl|Encore
|move|p2b: Gholdengo|Make It Rain|p1a: Sneasler|[spread] p1a,p1b
|-supereffective|p1b: Ninetales
|-enditem|p1a: Sneasler|Focus Sash
|-damage|p1a: Sneasler|1/100
|-damage|p1b: Ninetales|0 fnt
|-unboost|p2b: Gholdengo|spa|1
|faint|p1b: Ninetales
|
|-weather|Snowscape|[upkeep]
|upkeep
|
|t:|1756280702
|switch|p1b: Basculegion|Basculegion, L50, M, shiny|100/100
|turn|2
|
|t:|1756280712
|switch|p2a: Incineroar|Incineroar, L50, M|100/100
|-ability|p2a: Incineroar|Intimidate|boost
|-unboost|p1a: Sneasler|atk|1
|-unboost|p1b: Basculegion|atk|1
|-terastallize|p1b: Basculegion|Fairy
|move|p1b: Basculegion|Tera Blast|p2a: Incineroar|[anim] Tera Blast Fairy
|-damage|p2a: Incineroar|81/100
|move|p1a: Sneasler|Close Combat|p2b: Gholdengo
|-supereffective|p2b: Gholdengo
|-damage|p2b: Gholdengo|2/100
|-unboost|p1a: Sneasler|def|1
|-unboost|p1a: Sneasler|spd|1
|move|p2b: Gholdengo|Make It Rain|p1b: Basculegion|[spread] p1a,p1b
|-supereffective|p1b: Basculegion
|-damage|p1a: Sneasler|0 fnt
|-damage|p1b: Basculegion|0 fnt
|-unboost|p2b: Gholdengo|spa|1
|faint|p1a: Sneasler
|faint|p1b: Basculegion
|
|-weather|Snowscape|[upkeep]
|upkeep
|-message|SFmrmimers forfeited.
|raw|SFmrmimers's rating: 1046 → 1027(-19 for losing)
|raw|cammellio's rating: 1000 → 1045(+45 for winning)
|
|win|cammellio
|l|☆SFmrmimers
|player|p1|
|c|☆cammellio|Ooo, you almost killed me
|c|☆cammellio|But you suck
