|j|☆saartori
|j|☆redgun
|html|saartoriredgun    
|uhtml|bestof|Game 1 of a best-of-3
|t:|1757102099
|gametype|doubles
|player|p1|saartori|miku-ghost|1071
|player|p2|redgun|1|1079
|gen|9
|tier|[Gen 9] VGC 2025 Reg H (Bo3)
|rated|
|rule|Species Clause: Limit one of each Pokémon
|rule|Item Clause: Limit 1 of each item
|clearpoke
|poke|p1|Archaludon, L50, F|
|poke|p1|Rillaboom, L50, F|
|poke|p1|Basculegion, L50, M|
|poke|p1|Kingambit, L50, M|
|poke|p1|Pelipper, L50, M|
|poke|p1|Electabuzz, L50, F|
|poke|p2|Sneasler, L50, M|
|poke|p2|Dragapult, L50, M|
|poke|p2|Primarina, L50, F|
|poke|p2|Rillaboom, L50, F|
|poke|p2|Kingambit, L50, F|
|poke|p2|Magmar, L50, M|
|teampreview|4
|showteam|p1|Archaludon||AssaultVest|Stamina|ElectroShot,DracoMeteor,FlashCannon,BodyPress|||F|||50|,,,,,Bug]Rillaboom||LoadedDice|GrassySurge|BulletSeed,GrassyGlide,FakeOut,HighHorsepower|||F|||50|,,,,,Fire]Basculegion||ChoiceBand|SwiftSwim|WaveCrash,LastRespects,FlipTurn,AquaJet|||M|||50|,,,,,Grass]Kingambit||BlackGlasses|Defiant|KowtowCleave,SuckerPunch,SwordsDance,Protect|||M|||50|,,,,,Dark]Pelipper||FocusSash|Drizzle|WeatherBall,Hurricane,Tailwind,Protect|||M|||50|,,,,,Ghost]Electabuzz||Eviolite|VitalSpirit|Electroweb,Taunt,FollowMe,Protect|||F|||50|,,,,,Ghost
|showteam|p2|Sneasler||FocusSash|PoisonTouch|CloseCombat,DireClaw,FakeOut,Protect|||M|||50|,,,,,Stellar]Dragapult||ChoiceBand|ClearBody|DragonDarts,TeraBlast,PhantomForce,Uturn|||M|||50|,,,,,Ghost]Primarina||SitrusBerry|LiquidVoice|HyperVoice,Moonblast,Haze,Protect|||F|||50|,,,,,Water]Rillaboom||AssaultVest|GrassySurge|WoodHammer,GrassyGlide,HighHorsepower,FakeOut|||F|||50|,,,,,Fire]Kingambit||DreadPlate|Defiant|KowtowCleave,SuckerPunch,SwordsDance,Protect|||F|||50|,,,,,Ghost]Magmar||Eviolite|VitalSpirit|Overheat,WillOWisp,FollowMe,Protect|||M|||50|,,,,,Ghost
|inactive|Battle timer is ON: inactive players will automatically lose when time's up. (requested by saartori)
|inactive|saartori has 60 seconds left.
|inactive|redgun has 60 seconds left.
|
|t:|1757102153
|teamsize|p1|4
|teamsize|p2|4
|start
|switch|p1a: Archaludon|Archaludon, L50, F|100/100
|switch|p1b: Rillaboom|Rillaboom, L50, F|100/100
|switch|p2a: Sneasler|Sneasler, L50, M|100/100
|switch|p2b: Kingambit|Kingambit, L50, F|100/100
|-fieldstart|move: Grassy Terrain|[from] ability: Grassy Surge|[of] p1b: Rillaboom
|turn|1
|
|t:|1757102173
|-terastallize|p1a: Archaludon|Bug
|-terastallize|p2b: Kingambit|Ghost
|move|p2a: Sneasler|Fake Out|p1b: Rillaboom
|-damage|p1b: Rillaboom|88/100
|-status|p1b: Rillaboom|psn|[from] ability: Poison Touch|[of] p2a: Sneasler
|cant|p1b: Rillaboom|flinch
|move|p1a: Archaludon|Body Press|p2b: Kingambit
|-immune|p2b: Kingambit
|move|p2b: Kingambit|Swords Dance|p2b: Kingambit
|-boost|p2b: Kingambit|atk|2
|
|-heal|p1b: Rillaboom|94/100 psn|[from] Grassy Terrain
|-damage|p1b: Rillaboom|82/100 psn|[from] psn
|upkeep
|turn|2
|inactive|redgun has 30 seconds left.
|
|t:|1757102204
|move|p2a: Sneasler|Dire Claw|p1a: Archaludon
|-crit|p1a: Archaludon
|-damage|p1a: Archaludon|56/100
|-status|p1a: Archaludon|psn
|-ability|p1a: Archaludon|Stamina|boost
|-boost|p1a: Archaludon|def|1
|move|p1b: Rillaboom|Bullet Seed|p1a: Archaludon
|-resisted|p1a: Archaludon
|-damage|p1a: Archaludon|52/100 psn
|-ability|p1a: Archaludon|Stamina|boost
|-boost|p1a: Archaludon|def|1
|-resisted|p1a: Archaludon
|-damage|p1a: Archaludon|49/100 psn
|-ability|p1a: Archaludon|Stamina|boost
|-boost|p1a: Archaludon|def|1
|-resisted|p1a: Archaludon
|-damage|p1a: Archaludon|47/100 psn
|-ability|p1a: Archaludon|Stamina|boost
|-boost|p1a: Archaludon|def|1
|-resisted|p1a: Archaludon
|-crit|p1a: Archaludon
|-damage|p1a: Archaludon|38/100 psn
|-ability|p1a: Archaludon|Stamina|boost
|-boost|p1a: Archaludon|def|1
|-hitcount|p1a: Archaludon|4
|move|p1a: Archaludon|Body Press|p2a: Sneasler
|-resisted|p2a: Sneasler
|-damage|p2a: Sneasler|24/100
|move|p2b: Kingambit|Kowtow Cleave|p1b: Rillaboom
|-damage|p1b: Rillaboom|0 fnt
|faint|p1b: Rillaboom
|
|-heal|p2a: Sneasler|29/100|[from] Grassy Terrain
|-heal|p1a: Archaludon|44/100 psn|[from] Grassy Terrain
|-damage|p1a: Archaludon|32/100 psn|[from] psn
|upkeep
|-message|saartori forfeited.
|
|win|redgun
