|j|☆ghjk09
|j|☆Glaxx
|html|ghjk09Glaxx    
|uhtml|bestof|Game 1 of a best-of-3
|t:|1784189376
|gametype|doubles
|player|p1|ghjk09|265|1000
|player|p2|Glaxx|red|1085
|gen|9
|tier|[Gen 9 Champions] VGC 2026 Reg M-B (Bo3)
|rated|
|rule|Species Clause: Limit one of each Pokémon
|rule|Item Clause: Limit 1 of each item
|clearpoke
|poke|p1|Tauros-Paldea-Blaze, L50, M|
|poke|p1|Meowscarada, L50, M|
|poke|p1|Glalie, L50, F|
|poke|p1|Whimsicott, L50, F|
|poke|p1|Pelipper, L50, M|
|poke|p1|Basculegion, L50, M|
|poke|p2|Sceptile, L50, M, shiny|
|poke|p2|Metagross, L50, shiny|
|poke|p2|Milotic, L50, F, shiny|
|poke|p2|Arcanine-Hisui, L50, F|
|poke|p2|Gardevoir, L50, F, shiny|
|poke|p2|Eelektross, L50, M, shiny|
|teampreview|4
|showteam|p1|Tauros-Paldea-Blaze||ShucaBerry|AngerPoint|Earthquake,FlameCharge,RockSlide,Protect|Jolly||M|||50|]Meowscarada||ChoiceScarf|Protean|FlowerTrick,ThunderPunch,TripleAxel,Uturn|Timid||M|||50|]Glalie||Glalitite|InnerFocus|FrostBreath,Explosion,Protect,BodySlam|Adamant||F|||50|]Whimsicott||MentalHerb|Prankster|Moonblast,Tailwind,Encore,Protect|Bold||F|||50|]Pelipper||SitrusBerry|Drizzle|WeatherBall,Hurricane,Protect,Tailwind|Modest||M|||50|]Basculegion||FocusSash|Adaptability|AquaJet,FlipTurn,LastRespects,WaveCrash|Adamant||M|||50|
|showteam|p2|Sceptile||Sceptilite|Unburden|DragonPulse,LeafStorm,Protect,EarthPower|Timid||M|||50|]Metagross||Metagrossite|ClearBody|Agility,IcePunch,PsychicFangs,MeteorMash|Adamant|||||50|]Milotic||Leftovers|Competitive|IceBeam,DrainingKiss,Scald,RainDance|Modest||F|||50|]Arcanine-Hisui||ChoiceScarf|RockHead|DoubleEdge,FlareBlitz,HeadSmash,WildCharge|Jolly||F|||50|]Gardevoir||ZoomLens|Trace|Psyshock,AuraSphere,DazzlingGleam,SkillSwap|Quiet||F|||50|]Eelektross||ExpertBelt|Levitate|Discharge,Coil,GigaDrain,Flamethrower|Modest||M|||50|
|inactive|Battle timer is ON: inactive players will automatically lose when time's up. (requested by Glaxx)
|
|t:|1784189413
|teamsize|p1|4
|teamsize|p2|4
|start
|switch|p1a: Glalie|Glalie, L50, F|100/100
|switch|p1b: Whimsicott|Whimsicott, L50, F|100/100
|switch|p2a: Metagross|Metagross, L50, shiny|100/100
|switch|p2b: Eelektross|Eelektross, L50, M, shiny|100/100
|turn|1
|
|t:|1784189426
|detailschange|p1a: Glalie|Glalie-Mega, L50, F
|-mega|p1a: Glalie|Glalie|Glalitite
|move|p1b: Whimsicott|Tailwind|p1b: Whimsicott
|-sidestart|p1: ghjk09|move: Tailwind
|move|p1a: Glalie|Explosion|p2a: Metagross|[spread] p1b,p2a,p2b
|-supereffective|p1b: Whimsicott|1
|-resisted|p2a: Metagross|1
|-damage|p1b: Whimsicott|0 fnt
|-damage|p2a: Metagross|43/100
|-damage|p2b: Eelektross|0 fnt
|faint|p1a: Glalie
|faint|p1b: Whimsicott
|faint|p2b: Eelektross
|move|p2a: Metagross|Agility|p2a: Metagross
|-boost|p2a: Metagross|spe|2
|
|upkeep
|
|t:|1784189446
|switch|p1a: Meowscarada|Meowscarada, L50, M|100/100
|switch|p1b: Tauros|Tauros-Paldea-Blaze, L50, M|100/100
|switch|p2b: Milotic|Milotic, L50, F, shiny|100/100
|turn|2
|
|t:|1784189462
|move|p1a: Meowscarada|Flower Trick|p1b: Tauros
|-start|p1a: Meowscarada|typechange|Grass|[from] ability: Protean
|-resisted|p1b: Tauros|1
|-crit|p1b: Tauros
|-damage|p1b: Tauros|78/100
|-setboost|p1b: Tauros|atk|6|[from] ability: Anger Point
|move|p1b: Tauros|Earthquake|p2b: Milotic|[spread] p1a,p2a,p2b
|-resisted|p1a: Meowscarada|1
|-supereffective|p2a: Metagross|1
|-damage|p1a: Meowscarada|36/100
|-damage|p2a: Metagross|0 fnt
|-damage|p2b: Milotic|12/100
|faint|p2a: Metagross
|move|p2b: Milotic|Ice Beam|p1a: Meowscarada
|-supereffective|p1a: Meowscarada|1
|-damage|p1a: Meowscarada|0 fnt
|faint|p1a: Meowscarada
|
|-heal|p2b: Milotic|18/100|[from] item: Leftovers
|upkeep
|
|t:|1784189481
|switch|p2a: Sceptile|Sceptile, L50, M, shiny|100/100
|turn|3
|inactive|ghjk09 has 30 seconds left.
|
|t:|1784189510
|detailschange|p2a: Sceptile|Sceptile-Mega, L50, M, shiny
|-mega|p2a: Sceptile|Sceptile|Sceptilite
|move|p2a: Sceptile|Protect|p2a: Sceptile
|-singleturn|p2a: Sceptile|Protect
|move|p1b: Tauros|Earthquake|p2a: Sceptile|[spread] p2b
|-activate|p2a: Sceptile|move: Protect
|-damage|p2b: Milotic|0 fnt
|faint|p2b: Milotic
|
|upkeep
|turn|4
|
|t:|1784189530
|move|p2a: Sceptile|Protect||[still]
|-fail|p2a: Sceptile
|move|p1b: Tauros|Flame Charge|p2a: Sceptile
|-damage|p2a: Sceptile|0 fnt
|-boost|p1b: Tauros|spe|1
|faint|p2a: Sceptile
|
|win|ghjk09
|l|☆Glaxx
|player|p2|
||Glaxx is ready for game 2.
|inactive|ghjk09 has 30 seconds to confirm battle start!
