|j|☆ShadowJeffX
|j|☆nano jump
|html|ShadowJeffXnano jump    
|uhtml|bestof|Game 2 of a best-of-3
|t:|1757741322
|gametype|doubles
|player|p1|ShadowJeffX|ethan|1187
|player|p2|nano jump|steven-masters|1265
|gen|9
|tier|[Gen 9] VGC 2025 Reg H (Bo3)
|rated|
|rule|Species Clause: Limit one of each Pokémon
|rule|Item Clause: Limit 1 of each item
|clearpoke
|poke|p1|Gholdengo, L50|
|poke|p1|Amoonguss, L50, M|
|poke|p1|Incineroar, L50, F|
|poke|p1|Maushold-Four, L50|
|poke|p1|Annihilape, L50, M|
|poke|p1|Dragonite, L50, F|
|poke|p2|Tyranitar, L50, M|
|poke|p2|Garchomp, L50, F|
|poke|p2|Gholdengo, L50|
|poke|p2|Kilowattrel, L50, M|
|poke|p2|Incineroar, L50, M|
|poke|p2|Amoonguss, L50, M|
|teampreview|4
|showteam|p1|Gholdengo||SitrusBerry|GoodasGold|MakeItRain,ShadowBall,Protect,NastyPlot||||||50|,,,,,Water]Amoonguss||RockyHelmet|Regenerator|Spore,PollenPuff,Protect,RagePowder|||M|||50|,,,,,Water]Incineroar||SafetyGoggles|Intimidate|FakeOut,PartingShot,WillOWisp,KnockOff|||F|||50|,,,,,Ghost]Maushold-Four||FocusSash|FriendGuard|BeatUp,Taunt,FollowMe,Protect||||||50|,,,,,Ghost]Annihilape||Leftovers|Defiant|DrainPunch,RageFist,BulkUp,Protect|||M|||50|,,,,,Water]Dragonite||LoadedDice|Multiscale|Protect,ScaleShot,Tailwind,Haze|||F|||50|,,,,,Fairy
|showteam|p2|Tyranitar||AssaultVest|SandStream|RockSlide,KnockOff,TeraBlast,LowKick|||M|||50|,,,,,Flying]Garchomp||LifeOrb|RoughSkin|Earthquake,StompingTantrum,DragonClaw,Protect|||F|||50|,,,,,Fire]Gholdengo||MetalCoat|GoodasGold|MakeItRain,ShadowBall,NastyPlot,Protect||||||50|,,,,,Flying]Kilowattrel||CovertCloak|Competitive|AirSlash,Tailwind,Thunderbolt,Protect|||M|||50|,,,,,Fairy]Incineroar||SafetyGoggles|Intimidate|FlareBlitz,KnockOff,FakeOut,PartingShot|||M|||50|,,,,,Grass]Amoonguss||SitrusBerry|Regenerator|Spore,RagePowder,PollenPuff,Protect|||M|||50|,,,,,Psychic
|inactive|Battle timer is ON: inactive players will automatically lose when time's up. (requested by nano jump)
|
|t:|1757741337
|teamsize|p1|4
|teamsize|p2|4
|start
|switch|p1a: Maushold|Maushold-Four, L50|100/100
|switch|p1b: Annihilape|Annihilape, L50, M|100/100
|switch|p2a: Garchomp|Garchomp, L50, F|100/100
|switch|p2b: Amoonguss|Amoonguss, L50, M|100/100
|turn|1
|
|t:|1757741351
|move|p2b: Amoonguss|Rage Powder|p2b: Amoonguss
|-singleturn|p2b: Amoonguss|move: Rage Powder
|move|p1a: Maushold|Taunt|p2b: Amoonguss
|-start|p2b: Amoonguss|move: Taunt
|move|p2a: Garchomp|Dragon Claw|p1a: Maushold
|-damage|p1a: Maushold|25/100
|-damage|p2a: Garchomp|91/100|[from] item: Life Orb
|move|p1b: Annihilape|Bulk Up|p1b: Annihilape
|-boost|p1b: Annihilape|atk|1
|-boost|p1b: Annihilape|def|1
|
|upkeep
|turn|2
|
|t:|1757741371
|switch|p2b: Kilowattrel|Kilowattrel, L50, M|100/100
|move|p2a: Garchomp|Protect|p2a: Garchomp
|-singleturn|p2a: Garchomp|Protect
|move|p1a: Maushold|Beat Up|p1b: Annihilape
|-crit|p1b: Annihilape
|-damage|p1b: Annihilape|98/100
|-damage|p1b: Annihilape|96/100
|-damage|p1b: Annihilape|94/100
|-damage|p1b: Annihilape|93/100
|-hitcount|p1b: Annihilape|4
|move|p1b: Annihilape|Rage Fist|p2b: Kilowattrel
|-damage|p2b: Kilowattrel|0 fnt
|faint|p2b: Kilowattrel
|
|-heal|p1b: Annihilape|99/100|[from] item: Leftovers
|upkeep
|c|☆nano jump|ok
|
|t:|1757741378
|switch|p2b: Amoonguss|Amoonguss, L50, M|100/100
|turn|3
|
|t:|1757741393
|move|p1a: Maushold|Protect|p1a: Maushold
|-singleturn|p1a: Maushold|Protect
|move|p2b: Amoonguss|Protect|p2b: Amoonguss
|-singleturn|p2b: Amoonguss|Protect
|move|p2a: Garchomp|Earthquake|p1b: Annihilape|[spread] p1b
|-activate|p2b: Amoonguss|move: Protect
|-activate|p1a: Maushold|move: Protect
|-damage|p1b: Annihilape|71/100
|-damage|p2a: Garchomp|81/100|[from] item: Life Orb
|move|p1b: Annihilape|Rage Fist|p2b: Amoonguss
|-activate|p2b: Amoonguss|move: Protect
|
|-heal|p1b: Annihilape|77/100|[from] item: Leftovers
|upkeep
|turn|4
|
|t:|1757741413
|move|p2b: Amoonguss|Protect||[still]
|-fail|p2b: Amoonguss
|move|p1a: Maushold|Follow Me|p1a: Maushold
|-singleturn|p1a: Maushold|move: Follow Me
|move|p2a: Garchomp|Earthquake|p1b: Annihilape|[spread] p2b,p1a,p1b
|-damage|p2b: Amoonguss|55/100
|-damage|p1a: Maushold|0 fnt
|-damage|p1b: Annihilape|53/100
|faint|p1a: Maushold
|-damage|p2a: Garchomp|71/100|[from] item: Life Orb
|move|p1b: Annihilape|Rage Fist|p2b: Amoonguss
|-damage|p2b: Amoonguss|0 fnt
|faint|p2b: Amoonguss
|
|-heal|p1b: Annihilape|60/100|[from] item: Leftovers
|upkeep
|-message|nano jump forfeited.
|
|win|ShadowJeffX
||nano jump is ready for game 3.
||ShadowJeffX is ready for game 3.
|uhtml|next|Next: Game 3 of 3
|l|☆nano jump
|player|p2|
|l|☆ShadowJeffX
|player|p1|
