|j|☆Mystical777
|j|☆axcoquette
|html|Mystical777axcoquette    
|uhtml|bestof|Game 3 of a best-of-3
|t:|1784585101
|gametype|doubles
|player|p1|Mystical777|102|1117
|player|p2|axcoquette|2|1230
|gen|9
|tier|[Gen 9 Champions] VGC 2026 Reg M-B (Bo3)
|rated|
|rule|Species Clause: Limit one of each Pokémon
|rule|Item Clause: Limit 1 of each item
|clearpoke
|poke|p1|Liepard, L50, F|
|poke|p1|Alcremie, L50, F|
|poke|p1|Venusaur, L50, F|
|poke|p1|Sneasler, L50, M|
|poke|p1|Kingambit, L50, M|
|poke|p1|Aerodactyl, L50, M|
|poke|p2|Ceruledge, L50, F|
|poke|p2|Glimmora, L50, M|
|poke|p2|Weavile, L50, F|
|poke|p2|Raichu, L50, M|
|poke|p2|Whimsicott, L50, F|
|poke|p2|Milotic, L50, M|
|teampreview|4
|showteam|p1|Liepard||RoseliBerry|Prankster|FakeOut,Encore,FoulPlay,Taunt|Timid||F|||50|]Alcremie||ChoiceScarf|AromaVeil|Decorate,MysticalFire,AlluringVoice,DazzlingGleam|Timid||F|||50|]Venusaur||Venusaurite|Overgrow|GigaDrain,EarthPower,SludgeBomb,Protect|Bold||F|||50|]Sneasler||FocusSash|Unburden|CloseCombat,DireClaw,FakeOut,Protect|Jolly||M|||50|]Kingambit||BlackGlasses|Defiant|SwordsDance,KowtowCleave,SuckerPunch,Protect|Adamant||M|||50|]Aerodactyl||Aerodactylite|Unnerve|RockSlide,Protect,DualWingbeat,IceFang|Jolly||M|||50|
|showteam|p2|Ceruledge||ColburBerry|FlashFire|BitterBlade,ShadowSneak,BulkUp,Protect|Impish||F|||50|]Glimmora||Glimmoranite|ToxicDebris|SpikyShield,PowerGem,EarthPower,SludgeBomb|Timid||M|||50|]Weavile||FocusSash|Pressure|IceSpinner,FakeOut,Protect,KnockOff|Jolly||F|||50|]Raichu||RaichuniteY|LightningRod|FakeOut,FocusBlast,ZapCannon,Protect|Timid||M|||50|]Whimsicott||FairyFeather|Prankster|Tailwind,Moonblast,Protect,Encore|Modest||F|||50|]Milotic||Leftovers|Competitive|Coil,Hypnosis,MuddyWater,Recover|Calm||M|||50|
|inactive|Battle timer is ON: inactive players will automatically lose when time's up. (requested by axcoquette)
|inactive|Mystical777 has 60 seconds left.
|inactive|Mystical777 has 30 seconds left.
|inactive|Mystical777 has 20 seconds left.
|inactive|Mystical777 has 15 seconds left.
|inactive|Mystical777 has 10 seconds left.
|inactive|Mystical777 has 5 seconds left.
|
|t:|1784585192
|teamsize|p1|4
|teamsize|p2|4
|start
|switch|p1a: Liepard|Liepard, L50, F|100/100
|switch|p1b: Alcremie|Alcremie, L50, F|100/100
|switch|p2a: Raichu|Raichu, L50, M|100/100
|switch|p2b: Weavile|Weavile, L50, F|100/100
|-ability|p2b: Weavile|Pressure
|turn|1
|inactive|Mystical777 has 30 seconds left.
|inactive|Mystical777 has 20 seconds left.
|inactive|Mystical777 has 15 seconds left.
|inactive|Mystical777 has 10 seconds left.
|inactive|Mystical777 has 5 seconds left.
|
|t:|1784585247
|detailschange|p2a: Raichu|Raichu-Mega-Y, L50, M
|-mega|p2a: Raichu|Raichu|Raichunite Y
|move|p2b: Weavile|Fake Out|p1a: Liepard
|-damage|p1a: Liepard|75/100
|cant|p1a: Liepard|flinch
|move|p2a: Raichu|Focus Blast|p1a: Liepard
|-supereffective|p1a: Liepard|1
|-damage|p1a: Liepard|0 fnt
|faint|p1a: Liepard
|move|p1b: Alcremie|Decorate|p2b: Weavile
|-boost|p2b: Weavile|atk|2
|-boost|p2b: Weavile|spa|2
|
|upkeep
|inactive|Mystical777 has 30 seconds left.
|inactive|Mystical777 has 20 seconds left.
|inactive|Mystical777 has 15 seconds left.
|inactive|Mystical777 has 10 seconds left.
|inactive|Mystical777 has 5 seconds left.
|
|t:|1784585302
|switch|p1a: Venusaur|Venusaur, L50, F|100/100
|turn|2
|inactive|Mystical777 has 30 seconds left.
|inactive|Mystical777 has 20 seconds left.
|inactive|Mystical777 has 15 seconds left.
|inactive|Mystical777 has 10 seconds left.
|inactive|Mystical777 has 5 seconds left.
|
|t:|1784585357
|move|p2b: Weavile|Ice Spinner|p1a: Venusaur
|-supereffective|p1a: Venusaur|1
|-damage|p1a: Venusaur|0 fnt
|faint|p1a: Venusaur
|move|p1b: Alcremie|Decorate|p2b: Weavile
|-boost|p2b: Weavile|atk|2
|-boost|p2b: Weavile|spa|2
|move|p2a: Raichu|Zap Cannon|p1b: Alcremie
|-damage|p1b: Alcremie|48/100
|-status|p1b: Alcremie|par
|
|upkeep
|inactive|Mystical777 has 30 seconds left.
|inactive|Mystical777 has 20 seconds left.
|inactive|Mystical777 has 15 seconds left.
|inactive|Mystical777 has 10 seconds left.
|inactive|Mystical777 has 5 seconds left.
|
|t:|1784585412
|switch|p1a: Sneasler|Sneasler, L50, M|100/100
|turn|3
|inactive|Mystical777 has 30 seconds left.
|inactive|Mystical777 has 20 seconds left.
|inactive|Mystical777 has 15 seconds left.
|inactive|Mystical777 has 10 seconds left.
|inactive|Mystical777 has 5 seconds left.
|
|t:|1784585467
|move|p2b: Weavile|Protect|p2b: Weavile
|-singleturn|p2b: Weavile|Protect
|move|p2a: Raichu|Protect|p2a: Raichu
|-singleturn|p2a: Raichu|Protect
|move|p1a: Sneasler|Close Combat|p2b: Weavile
|-activate|p2b: Weavile|move: Protect
|move|p1b: Alcremie|Decorate|p2b: Weavile
|-boost|p2b: Weavile|atk|2
|-boost|p2b: Weavile|spa|2
|
|upkeep
|turn|4
|inactive|Mystical777 has 30 seconds left.
|inactive|Mystical777 has 20 seconds left.
|inactive|Mystical777 has 15 seconds left.
|inactive|Mystical777 has 10 seconds left.
|inactive|Mystical777 has 5 seconds left.
|
|t:|1784585522
|move|p2b: Weavile|Ice Spinner|p1a: Sneasler
|-enditem|p1a: Sneasler|Focus Sash
|-damage|p1a: Sneasler|1/100
|move|p1a: Sneasler|Close Combat|p2b: Weavile
|-supereffective|p2b: Weavile|2
|-enditem|p2b: Weavile|Focus Sash
|-damage|p2b: Weavile|1/100
|-unboost|p1a: Sneasler|def|1
|-unboost|p1a: Sneasler|spd|1
|move|p2a: Raichu|Zap Cannon|p1a: Sneasler
|-damage|p1a: Sneasler|0 fnt
|faint|p1a: Sneasler
|move|p1b: Alcremie|Decorate|p2a: Raichu
|-boost|p2a: Raichu|atk|2
|-boost|p2a: Raichu|spa|2
|
|upkeep
|turn|5
|inactive|Mystical777 has 30 seconds left.
|inactive|Mystical777 has 20 seconds left.
|inactive|Mystical777 has 15 seconds left.
|inactive|Mystical777 has 10 seconds left.
|inactive|Mystical777 has 5 seconds left.
|
|t:|1784585577
|move|p2b: Weavile|Ice Spinner|p1b: Alcremie
|-damage|p1b: Alcremie|0 fnt
|faint|p1b: Alcremie
|
|win|axcoquette
|raw|Mystical777's rating: 1117 → 1100(-17 for losing)
|raw|axcoquette's rating: 1230 → 1247(+17 for winning)
