|j|☆Kalycgos
|j|☆ballfondler4000
|html|Kalycgosballfondler4000    
|uhtml|bestof|Game 2 of a best-of-3
|t:|1783880834
|gametype|doubles
|player|p1|Kalycgos|102|1063
|player|p2|ballfondler4000|170|1049
|gen|9
|tier|[Gen 9 Champions] VGC 2026 Reg M-B (Bo3)
|rated|
|rule|Species Clause: Limit one of each Pokémon
|rule|Item Clause: Limit 1 of each item
|clearpoke
|poke|p1|Garchomp, L50, F, shiny|
|poke|p1|Charizard, L50, F, shiny|
|poke|p1|Whimsicott, L50, M|
|poke|p1|Floette-Eternal, L50, F|
|poke|p1|Kingambit, L50, F|
|poke|p1|Basculegion, L50, M|
|poke|p2|Aegislash, L50, M|
|poke|p2|Sylveon, L50, F|
|poke|p2|Garchomp, L50, M|
|poke|p2|Raichu, L50, F|
|poke|p2|Whimsicott, L50, F|
|poke|p2|Dragapult, L50, M|
|teampreview|4
|showteam|p1|Garchomp||LifeOrb|RoughSkin|DragonClaw,Earthquake,RockSlide,Protect|Jolly||F|||50|]Charizard||CharizarditeY|Blaze|HeatWave,SolarBeam,AncientPower,Protect|Modest||F|||50|]Whimsicott||FocusSash|Prankster|Moonblast,Tailwind,Encore,Protect|Timid||M|||50|]Floette-Eternal||Floettite|FlowerVeil|LightofRuin,Moonblast,DazzlingGleam,Protect|Timid||F|||50|]Kingambit||BlackGlasses|Defiant|KowtowCleave,SuckerPunch,LowKick,Protect|Adamant||F|||50|]Basculegion||MysticWater|Adaptability|LastRespects,WaveCrash,AquaJet,Protect|Adamant||M|||50|
|showteam|p2|Aegislash||SitrusBerry|StanceChange|KingsShield,ShadowBall,FlashCannon,WideGuard|Modest||M|||50|]Sylveon||IronBall|Pixilate|Round,Protect,HyperBeam,Copycat|Quiet||F|||50|]Garchomp||LifeOrb|RoughSkin|RockSlide,StompingTantrum,Protect,Earthquake|Naive||M|||50|]Raichu||RaichuniteY|Static|ZapCannon,FocusBlast,GrassKnot,FakeOut|Modest||F|||50|]Whimsicott||Metagrossite|Prankster|Tailwind,Encore,Moonblast,Protect|Serious||F|||50|]Dragapult||FocusSash|ClearBody|DragonPulse,Protect,ShadowBall,Round|Timid||M|||50|
|
|t:|1783880850
|teamsize|p1|4
|teamsize|p2|4
|start
|switch|p1a: Dragoon|Garchomp, L50, F, shiny|100/100
|switch|p1b: Sage|Floette-Eternal, L50, F|100/100
|switch|p2a: Sylveon|Sylveon, L50, F|100/100
|switch|p2b: Dragapult|Dragapult, L50, M|100/100
|turn|1
|
|t:|1783880881
|switch|p1a: Samurai|Kingambit, L50, F|100/100
|detailschange|p1b: Sage|Floette-Mega, L50, F
|-mega|p1b: Sage|Floette|Floettite
|-ability|p1b: Sage|Fairy Aura
|move|p2b: Dragapult|Round|p1b: Sage
|-damage|p1b: Sage|85/100
|move|p2a: Sylveon|Round|p1a: Samurai|[from] move: Round
|-damage|p1a: Samurai|0 fnt
|faint|p1a: Samurai
|move|p1b: Sage|Dazzling Gleam|p2a: Sylveon|[spread] p2a,p2b
|-crit|p2a: Sylveon
|-supereffective|p2b: Dragapult|1
|-damage|p2a: Sylveon|45/100
|-enditem|p2b: Dragapult|Focus Sash
|-damage|p2b: Dragapult|1/100
|
|upkeep
|
|t:|1783880894
|switch|p1a: Dragoon|Garchomp, L50, F, shiny|100/100
|turn|2
|
|t:|1783880907
|move|p2b: Dragapult|Round|p1a: Dragoon
|-damage|p1a: Dragoon|81/100
|move|p2a: Sylveon|Round|p1a: Dragoon|[from] move: Round
|-supereffective|p1a: Dragoon|1
|-damage|p1a: Dragoon|0 fnt
|faint|p1a: Dragoon
|move|p1b: Sage|Dazzling Gleam|p2b: Dragapult|[spread] p2a,p2b
|-supereffective|p2b: Dragapult|1
|-damage|p2a: Sylveon|4/100
|-damage|p2b: Dragapult|0 fnt
|faint|p2b: Dragapult
|
|upkeep
|
|t:|1783880922
|switch|p2b: Raichu|Raichu, L50, F|100/100
|switch|p1a: Black Mage|Charizard, L50, F, shiny|100/100
|turn|3
|
|t:|1783880961
|detailschange|p2b: Raichu|Raichu-Mega-Y, L50, F
|-mega|p2b: Raichu|Raichu|Raichunite Y
|move|p1a: Black Mage|Protect|p1a: Black Mage
|-singleturn|p1a: Black Mage|Protect
|move|p2b: Raichu|Zap Cannon|p1b: Sage
|-damage|p1b: Sage|23/100
|-status|p1b: Sage|par
|move|p1b: Sage|Light of Ruin|p2b: Raichu
|-damage|p2b: Raichu|0 fnt
|faint|p2b: Raichu
|-damage|p1b: Sage|0 fnt|[from] Recoil
|faint|p1b: Sage
|move|p2a: Sylveon|Hyper Beam|p1a: Black Mage
|-activate|p1a: Black Mage|move: Protect
|
|upkeep
|
|t:|1783880975
|switch|p2b: Garchomp|Garchomp, L50, M|100/100
|turn|4
|
|t:|1783880988
|move|p2b: Garchomp|Rock Slide|p1a: Black Mage
|-supereffective|p1a: Black Mage|2
|-damage|p1a: Black Mage|0 fnt
|faint|p1a: Black Mage
|-damage|p2b: Garchomp|90/100|[from] item: Life Orb
|
|win|ballfondler4000
||Kalycgos is ready for game 3.
||ballfondler4000 is ready for game 3.
|uhtml|next|Next: Game 3 of 3
