|j|☆EBnilla
|j|☆Yutsami
|html|EBnillaYutsami    
|uhtml|bestof|Game 2 of a best-of-3
|t:|1782332417
|gametype|doubles
|player|p1|EBnilla|backpacker|1094
|player|p2|Yutsami|n|1095
|gen|9
|tier|[Gen 9 Champions] VGC 2026 Reg M-B (Bo3)
|rated|
|rule|Species Clause: Limit one of each Pokémon
|rule|Item Clause: Limit 1 of each item
|clearpoke
|poke|p1|Floette-Eternal, L50, F|
|poke|p1|Grimmsnarl, L50, M|
|poke|p1|Annihilape, L50, M|
|poke|p1|Sinistcha, L50|
|poke|p1|Incineroar, L50, M|
|poke|p1|Glimmora, L50, M|
|poke|p2|Whimsicott, L50, F|
|poke|p2|Staraptor, L50, M|
|poke|p2|Garchomp, L50, M|
|poke|p2|Gholdengo, L50|
|poke|p2|Basculegion, L50, M|
|poke|p2|Typhlosion-Hisui, L50, M|
|teampreview|4
|showteam|p1|Floette-Eternal||Floettite|FlowerVeil|DazzlingGleam,DrainingKiss,CalmMind,Protect|Modest||F|||50|]Grimmsnarl||LightClay|Prankster|SpiritBreak,Reflect,LightScreen,PartingShot|Relaxed||M|||50|]Annihilape||Leftovers|Defiant|RageFist,DrainPunch,BulkUp,Protect|Careful||M|||50|]Sinistcha||SitrusBerry|Hospitality|MatchaGotcha,RagePowder,GrassyTerrain,Protect|Calm|||||50|]Incineroar||BlackGlasses|Intimidate|FlareBlitz,ThroatChop,FakeOut,PartingShot|Adamant||M|||50|]Glimmora||FocusSash|ToxicDebris|MortalSpin,Venoshock,EarthPower,SpikyShield|Timid||M|||50|
|showteam|p2|Whimsicott||FocusSash|Prankster|Moonblast,Tickle,FakeTears,Tailwind|Timid||F|||50|]Staraptor||Staraptite|Intimidate|BraveBird,CloseCombat,Roost,Protect|Jolly||M|||50|]Garchomp||RoseliBerry|RoughSkin|DragonClaw,StompingTantrum,RockSlide,PoisonJab|Jolly||M|||50|]Gholdengo||LifeOrb|GoodasGold|MakeItRain,ShadowBall,PowerGem,Protect|Modest|||||50|]Basculegion||MysticWater|Adaptability|WaveCrash,LastRespects,AquaJet,Protect|Adamant||M|||50|]Typhlosion-Hisui||ChoiceScarf|Frisk|ShadowBall,Eruption,HeatWave,BurnUp|Modest||M|||50|
|inactive|Battle timer is ON: inactive players will automatically lose when time's up. (requested by Yutsami)
|inactive|EBnilla has 60 seconds left.
|
|t:|1782332450
|teamsize|p1|4
|teamsize|p2|4
|start
|switch|p1a: Incineroar|Incineroar, L50, M|100/100
|switch|p1b: Glimmora|Glimmora, L50, M|100/100
|switch|p2a: Whimsicott|Whimsicott, L50, F|100/100
|switch|p2b: Gholdengo|Gholdengo, L50|100/100
|-ability|p1a: Incineroar|Intimidate|boost
|-unboost|p2a: Whimsicott|atk|1
|-unboost|p2b: Gholdengo|atk|1
|turn|1
|inactive|Yutsami has 30 seconds left.
|inactive|Yutsami has 20 seconds left.
|
|t:|1782332489
|switch|p2a: Basculegion|Basculegion, L50, M|100/100
|move|p1b: Glimmora|Mortal Spin|p2b: Gholdengo|[spread] p2a
|-immune|p2b: Gholdengo
|-resisted|p2a: Basculegion|1
|-damage|p2a: Basculegion|97/100
|-status|p2a: Basculegion|psn
|move|p2b: Gholdengo|Make It Rain|p1a: Incineroar|[spread] p1a
|-miss|p2b: Gholdengo|p1b: Glimmora
|-resisted|p1a: Incineroar|1
|-damage|p1a: Incineroar|72/100
|-unboost|p2b: Gholdengo|spa|2
|-damage|p2b: Gholdengo|90/100|[from] item: Life Orb
|move|p1a: Incineroar|Flare Blitz|p2b: Gholdengo
|-supereffective|p2b: Gholdengo|1
|-damage|p2b: Gholdengo|0 fnt
|faint|p2b: Gholdengo
|-damage|p1a: Incineroar|43/100|[from] Recoil
|
|-damage|p2a: Basculegion|85/100 psn|[from] psn
|upkeep
|
|t:|1782332509
|switch|p2b: Staraptor|Staraptor, L50, M|100/100
|-ability|p2b: Staraptor|Intimidate|boost
|-unboost|p1a: Incineroar|atk|1
|-unboost|p1b: Glimmora|atk|1
|turn|2
|
|t:|1782332516
|switch|p1a: Grimmsnarl|Grimmsnarl, L50, M|100/100
|detailschange|p2b: Staraptor|Staraptor-Mega, L50, M
|-mega|p2b: Staraptor|Staraptor|Staraptite
|move|p1b: Glimmora|Spiky Shield|p1b: Glimmora
|-singleturn|p1b: Glimmora|move: Protect
|move|p2b: Staraptor|Close Combat|p1a: Grimmsnarl
|-damage|p1a: Grimmsnarl|36/100
|-boost|p2b: Staraptor|def|1
|-boost|p2b: Staraptor|spd|1
|move|p2a: Basculegion|Wave Crash|p1b: Glimmora
|-activate|p1b: Glimmora|move: Protect
|-damage|p2a: Basculegion|73/100 psn|[from] Spiky Shield|[of] p1b: Glimmora
|
|-damage|p2a: Basculegion|61/100 psn|[from] psn
|upkeep
|turn|3
|
|t:|1782332530
|move|p2a: Basculegion|Aqua Jet|p1b: Glimmora
|-supereffective|p1b: Glimmora|1
|-damage|p1b: Glimmora|13/100
|-activate|p1b: Glimmora|ability: Toxic Debris
|-sidestart|p2: Yutsami|move: Toxic Spikes
|move|p1a: Grimmsnarl|Reflect|p1a: Grimmsnarl
|-sidestart|p1: EBnilla|Reflect
|move|p2b: Staraptor|Close Combat|p1b: Glimmora
|-damage|p1b: Glimmora|0 fnt
|-boost|p2b: Staraptor|def|1
|-boost|p2b: Staraptor|spd|1
|-activate|p1b: Glimmora|ability: Toxic Debris
|-sidestart|p2: Yutsami|move: Toxic Spikes
|faint|p1b: Glimmora
|
|-damage|p2a: Basculegion|49/100 psn|[from] psn
|upkeep
|
|t:|1782332538
|switch|p1b: Incineroar|Incineroar, L50, M|43/100
|-ability|p1b: Incineroar|Intimidate|boost
|-unboost|p2a: Basculegion|atk|1
|-boost|p2b: Staraptor|atk|1
|turn|4
|-message|EBnilla forfeited.
|
|win|Yutsami
|raw|EBnilla's rating: 1094 → 1070(-24 for losing)
|raw|Yutsami's rating: 1095 → 1121(+26 for winning)
