|j|Ōśåisrael137
|j|Ōśåfailandimprove2
|html|israel137failandimprove2    
|uhtml|bestof|Game 3 of a best-of-3
|t:|1783103228
|gametype|doubles
|player|p1|israel137|266|1373
|player|p2|failandimprove2|102|1398
|gen|9
|tier|[Gen 9 Champions] VGC 2026 Reg M-B (Bo3)
|rated|
|rule|Species Clause: Limit one of each Pok├®mon
|rule|Item Clause: Limit 1 of each item
|clearpoke
|poke|p1|Aerodactyl, L50, F, shiny|
|poke|p1|Kingambit, L50, F|
|poke|p1|Charizard, L50, F, shiny|
|poke|p1|Sylveon, L50, F, shiny|
|poke|p1|Garchomp, L50, M|
|poke|p1|Farigiraf, L50, M, shiny|
|poke|p2|Charizard, L50, F|
|poke|p2|Aerodactyl, L50, F|
|poke|p2|Garchomp, L50, F|
|poke|p2|Farigiraf, L50, F|
|poke|p2|Kingambit, L50, F|
|poke|p2|Sylveon, L50, M|
|teampreview|4
|showteam|p1|Aerodactyl||Aerodactylite|Unnerve|Tailwind,DualWingbeat,RockSlide,IceFang|Jolly||F|||50|]Kingambit||FocusSash|Defiant|LowKick,KowtowCleave,SuckerPunch,IronHead|Adamant||F|||50|]Charizard||CharizarditeY|Blaze|Protect,WeatherBall,HeatWave,SolarBeam|Modest||F|||50|]Sylveon||FairyFeather|Pixilate|Detect,HyperBeam,HyperVoice,QuickAttack|Modest||F|||50|]Garchomp||LifeOrb|RoughSkin|Protect,DragonClaw,Earthquake,RockSlide|Jolly||M|||50|]Farigiraf||SitrusBerry|ArmorTail|Roar,TrickRoom,Psychic,Thunderbolt|Bold||M|||50|
|showteam|p2|Charizard||CharizarditeY|SolarPower|HeatWave,WeatherBall,SolarBeam,Protect|Modest||F|||50|]Aerodactyl||Aerodactylite|Unnerve|RockSlide,IceFang,Tailwind,DualWingbeat|Jolly||F|||50|]Garchomp||LifeOrb|RoughSkin|DragonClaw,Earthquake,RockSlide,Protect|Jolly||F|||50|]Farigiraf||SitrusBerry|ArmorTail|Psychic,Thunderbolt,TrickRoom,Roar|Bold||F|||50|]Kingambit||FocusSash|Defiant|KowtowCleave,SuckerPunch,IronHead,LowKick|Adamant||F|||50|]Sylveon||FairyFeather|Pixilate|HyperVoice,HyperBeam,QuickAttack,Protect|Modest||M|||50|
|inactive|Battle timer is ON: inactive players will automatically lose when time's up. (requested by israel137)
|inactive|failandimprove2 also wants the timer to be on.
|c|Ōśåisrael137|yeah but if you lose that turn 1, you automatically lose
|inactive|failandimprove2 has 60 seconds left.
|c|Ōśåfailandimprove2|yeah but there is more than one speed tie and also rock slide flinch chances with that lead
|c|Ōśåisrael137|true
|
|t:|1783103280
|teamsize|p1|4
|teamsize|p2|4
|start
|switch|p1a: Kim Il Sung|Aerodactyl, L50, F, shiny|100/100
|switch|p1b: Kim Jong Il|Kingambit, L50, F|100/100
|switch|p2a: Garchomp|Garchomp, L50, F|100/100
|switch|p2b: Aerodactyl|Aerodactyl, L50, F|100/100
|-ability|p2b: Aerodactyl|Unnerve
|-ability|p1a: Kim Il Sung|Unnerve
|turn|1
|c|Ōśåisrael137|you can also do tailwind + low kick no rock slide
|c|Ōśåisrael137|its the same anyways
|inactive|israel137 has 30 seconds left.
|
|t:|1783103307
|detailschange|p2b: Aerodactyl|Aerodactyl-Mega, L50, F
|-mega|p2b: Aerodactyl|Aerodactyl|Aerodactylite
|detailschange|p1a: Kim Il Sung|Aerodactyl-Mega, L50, F, shiny
|-mega|p1a: Kim Il Sung|Aerodactyl|Aerodactylite
|move|p2b: Aerodactyl|Tailwind|p2b: Aerodactyl
|-sidestart|p2: failandimprove2|move: Tailwind
|move|p2a: Garchomp|Rock Slide|p1b: Kim Jong Il|[spread] p1a,p1b
|-supereffective|p1a: Kim Il Sung|1
|-resisted|p1b: Kim Jong Il|1
|-damage|p1a: Kim Il Sung|44/100
|-damage|p1b: Kim Jong Il|90/100
|-damage|p2a: Garchomp|90/100|[from] item: Life Orb
|move|p1a: Kim Il Sung|Tailwind|p1a: Kim Il Sung
|-sidestart|p1: israel137|move: Tailwind
|move|p1b: Kim Jong Il|Iron Head|p2b: Aerodactyl
|-supereffective|p2b: Aerodactyl|1
|-damage|p2b: Aerodactyl|0 fnt
|faint|p2b: Aerodactyl
|
|upkeep
|c|Ōśåfailandimprove2|yeah basically but then aero is in sucker range
|inactive|failandimprove2 has 30 seconds left.
|
|t:|1783103333
|switch|p2b: Kingambit|Kingambit, L50, F|100/100
|turn|2
|inactive|israel137 has 30 seconds left.
|
|t:|1783103359
|switch|p1a: Ri Sol-Ju|Garchomp, L50, M|100/100
|move|p2a: Garchomp|Protect|p2a: Garchomp
|-singleturn|p2a: Garchomp|Protect
|move|p2b: Kingambit|Low Kick|p1b: Kim Jong Il
|-supereffective|p1b: Kim Jong Il|2
|-damage|p1b: Kim Jong Il|0 fnt
|faint|p1b: Kim Jong Il
|
|upkeep
|
|t:|1783103374
|switch|p1b: Kim Il Sung|Aerodactyl-Mega, L50, F, shiny|44/100
|turn|3
|
|t:|1783103386
|move|p2b: Kingambit|Sucker Punch|p1b: Kim Il Sung
|-damage|p1b: Kim Il Sung|1/100
|move|p1b: Kim Il Sung|Ice Fang|p2a: Garchomp
|-supereffective|p2a: Garchomp|2
|-damage|p2a: Garchomp|0 fnt
|-damage|p1b: Kim Il Sung|0 fnt|[from] ability: Rough Skin|[of] p2a: Garchomp
|faint|p2a: Garchomp
|faint|p1b: Kim Il Sung
|move|p1a: Ri Sol-Ju|Earthquake|p2b: Kingambit
|-supereffective|p2b: Kingambit|1
|-enditem|p2b: Kingambit|Focus Sash
|-damage|p2b: Kingambit|1/100
|-damage|p1a: Ri Sol-Ju|90/100|[from] item: Life Orb
|
|upkeep
|
|t:|1783103408
|switch|p1b: Kim Ju Ae|Sylveon, L50, F, shiny|100/100
|switch|p2a: Sylveon|Sylveon, L50, M|100/100
|turn|4
|
|t:|1783103425
|move|p2b: Kingambit|Sucker Punch|p1b: Kim Ju Ae
|-resisted|p1b: Kim Ju Ae|1
|-damage|p1b: Kim Ju Ae|77/100
|move|p1a: Ri Sol-Ju|Earthquake|p2a: Sylveon|[spread] p1b,p2a,p2b
|-supereffective|p2b: Kingambit|1
|-damage|p1b: Kim Ju Ae|23/100
|-damage|p2a: Sylveon|42/100
|-damage|p2b: Kingambit|0 fnt
|faint|p2b: Kingambit
|-damage|p1a: Ri Sol-Ju|80/100|[from] item: Life Orb
|move|p1b: Kim Ju Ae|Hyper Beam|p2a: Sylveon
|-damage|p2a: Sylveon|0 fnt
|-mustrecharge|p1b: Kim Ju Ae
|faint|p2a: Sylveon
|
|win|israel137
|raw|israel137's rating: 1373 → 1394(+21 for winning)
|raw|failandimprove2's rating: 1398 → 1377(-21 for losing)
