|j|☆zpoogi
|j|☆3rdPlaceTennis
|html|zpoogi3rdPlaceTennis    
|uhtml|bestof|Game 1 of a best-of-3
|t:|1756606224
|gametype|doubles
|player|p1|zpoogi|az|1053
|player|p2|3rdPlaceTennis|bugcatcher-gen4dp|1092
|gen|9
|tier|[Gen 9] VGC 2025 Reg H (Bo3)
|rated|
|rule|Species Clause: Limit one of each Pokémon
|rule|Item Clause: Limit 1 of each item
|clearpoke
|poke|p1|Volbeat, L50, M|
|poke|p1|Primarina, L50, M|
|poke|p1|Espathra, L50, F|
|poke|p1|Typhlosion-Hisui, L50, M|
|poke|p1|Indeedee-F, L50, F|
|poke|p1|Archaludon, L50, M|
|poke|p2|Kommo-o, L50, M|
|poke|p2|Gothitelle, L50, F|
|poke|p2|Ninetales-Alola, L50, F|
|poke|p2|Incineroar, L50, M|
|poke|p2|Ursaluna, L50, M|
|poke|p2|Archaludon, L50, F|
|teampreview|4
|showteam|p1|Volbeat||CobaBerry|Prankster|Encore,SunnyDay,Tailwind,RainDance|||M|||50|,,,,,Dark]Primarina||ChoiceSpecs|LiquidVoice|HyperVoice,WeatherBall,DazzlingGleam,Moonblast|||M|||50|,,,,,Steel]Espathra||FocusSash|SpeedBoost|Protect,LuminaCrash,ExpandingForce,DazzlingGleam|||F|||50|,,,,,Psychic]Typhlosion-Hisui||Charcoal|Blaze|Eruption,Protect,ShadowBall,Flamethrower|||M|||50|,,,,,Fire]Indeedee-F||SafetyGoggles|PsychicSurge|FollowMe,HyperVoice,TrickRoom,Imprison|||F|||50|,,,,,Fairy]Archaludon||PowerHerb|Stamina|Protect,ElectroShot,AuraSphere,DragonPulse|||M|||50|,,,,,Grass
|showteam|p2|Kommo-o||ThroatSpray|Soundproof|ClangingScales,Flamethrower,ClangorousSoul,Protect|||M|||50|,,,,,Fire]Gothitelle||Leftovers|ShadowTag|Protect,Psychic,TrickRoom,FakeOut|||F|||50|,,,,,Water]Ninetales-Alola||FocusSash|SnowWarning|Protect,Encore,Blizzard,IcyWind|||F|||50|,,,,,Ghost]Incineroar||SafetyGoggles|Intimidate|KnockOff,Taunt,FakeOut,PartingShot|||M|||50|,,,,,Ghost]Ursaluna||FlameOrb|Guts|Facade,HeadlongRush,Earthquake,Protect|||M|||50|,,,,,Fairy]Archaludon||PowerHerb|Sturdy|DracoMeteor,ElectroShot,Thunderbolt,Protect|||F|||50|,,,,,Electric
|
|t:|1756606253
|teamsize|p1|4
|teamsize|p2|4
|start
|switch|p1a: Volbeat|Volbeat, L50, M|100/100
|switch|p1b: Espathra|Espathra, L50, F|100/100
|switch|p2a: Kommo-o|Kommo-o, L50, M|100/100
|switch|p2b: Gothitelle|Gothitelle, L50, F|100/100
|turn|1
|
|t:|1756606270
|-terastallize|p2a: Kommo-o|Fire
|move|p1b: Espathra|Protect|p1b: Espathra
|-singleturn|p1b: Espathra|Protect
|move|p2b: Gothitelle|Fake Out|p1a: Volbeat
|-damage|p1a: Volbeat|94/100
|cant|p1a: Volbeat|flinch
|move|p2a: Kommo-o|Flamethrower|p1a: Volbeat
|-supereffective|p1a: Volbeat
|-damage|p1a: Volbeat|16/100
|
|-ability|p1b: Espathra|Speed Boost|boost
|-boost|p1b: Espathra|spe|1
|upkeep
|turn|2
|
|t:|1756606280
|move|p1a: Volbeat|Encore|p2b: Gothitelle
|-start|p2b: Gothitelle|Encore
|move|p1b: Espathra|Lumina Crash|p2a: Kommo-o
|-damage|p2a: Kommo-o|63/100
|-unboost|p2a: Kommo-o|spd|2
|move|p2a: Kommo-o|Clanging Scales|p1b: Espathra|[spread] p1a,p1b
|-damage|p1a: Volbeat|0 fnt
|-damage|p1b: Espathra|35/100
|faint|p1a: Volbeat
|-unboost|p2a: Kommo-o|def|1
|-enditem|p2a: Kommo-o|Throat Spray
|-boost|p2a: Kommo-o|spa|1|[from] item: Throat Spray
|move|p2b: Gothitelle|Fake Out||[still]
|-hint|Fake Out only works on your first turn out.
|-fail|p2b: Gothitelle
|
|-ability|p1b: Espathra|Speed Boost|boost
|-boost|p1b: Espathra|spe|1
|upkeep
|
|t:|1756606286
|switch|p1a: Indeedee|Indeedee-F, L50, F|100/100
|-fieldstart|move: Psychic Terrain|[from] ability: Psychic Surge|[of] p1a: Indeedee
|turn|3
|
|t:|1756606297
|switch|p2a: Archaludon|Archaludon, L50, F|100/100
|switch|p2b: Ursaluna|Ursaluna, L50, M|100/100
|-terastallize|p1b: Espathra|Psychic
|move|p1b: Espathra|Expanding Force|p2b: Ursaluna|[spread] p2a,p2b
|-resisted|p2a: Archaludon
|-damage|p2a: Archaludon|47/100
|-damage|p2b: Ursaluna|27/100
|move|p1a: Indeedee|Hyper Voice|p2b: Ursaluna|[spread] p2a,p2b
|-resisted|p2a: Archaludon
|-damage|p2a: Archaludon|31/100
|-damage|p2b: Ursaluna|5/100
|
|-ability|p1b: Espathra|Speed Boost|boost
|-boost|p1b: Espathra|spe|1
|-status|p2b: Ursaluna|brn|[from] item: Flame Orb
|upkeep
|turn|4
|-message|3rdPlaceTennis forfeited.
|
|win|zpoogi
