|j|☆trepanbad
|j|☆Miro Kart DS
|html|trepanbadMiro Kart DS    
|uhtml|bestof|Game 2 of a best-of-3
|t:|1754602887
|gametype|doubles
|player|p1|trepanbad|hilbert|1297
|player|p2|Miro Kart DS|102|1245
|gen|9
|tier|[Gen 9] VGC 2025 Reg H (Bo3)
|rated|
|rule|Species Clause: Limit one of each Pokémon
|rule|Item Clause: Limit 1 of each item
|clearpoke
|poke|p1|Electabuzz, L50, F|
|poke|p1|Kingambit, L50, M|
|poke|p1|Primarina, L50, F|
|poke|p1|Rillaboom, L50, M|
|poke|p1|Sneasler, L50, M|
|poke|p1|Talonflame, L50, F|
|poke|p2|Incineroar, L50, M|
|poke|p2|Pelipper, L50, M|
|poke|p2|Archaludon, L50, F|
|poke|p2|Amoonguss, L50, F|
|poke|p2|Basculegion, L50, M|
|poke|p2|Gholdengo, L50|
|teampreview|4
|showteam|p1|Electabuzz||Eviolite|VitalSpirit|Electroweb,Taunt,FollowMe,Protect|||F|||50|,,,,,Ghost]Kingambit||BlackGlasses|Defiant|KowtowCleave,SuckerPunch,SwordsDance,Protect|||M|||50|,,,,,Dark]Primarina||LifeOrb|LiquidVoice|HyperVoice,Moonblast,Haze,Protect|||F|||50|,,,,,Water]Rillaboom||AssaultVest|GrassySurge|GrassyGlide,WoodHammer,Uturn,FakeOut|||M|||50|,,,,,Fire]Sneasler||FocusSash|Unburden|DireClaw,CloseCombat,FakeOut,Protect|||M|||50|,,,,,Stellar]Talonflame||CovertCloak|GaleWings|DualWingbeat,FlareBlitz,Tailwind,Protect|||F|||50|,,,,,Grass
|showteam|p2|Incineroar||SafetyGoggles|Intimidate|KnockOff,FlareBlitz,FakeOut,PartingShot|||M|||50|,,,,,Ghost]Pelipper||FocusSash|Drizzle|WeatherBall,Hurricane,Tailwind,WideGuard|||M|||50|,,,,,Ghost]Archaludon||AssaultVest|Stamina|FlashCannon,DracoMeteor,BodyPress,ElectroShot|||F|||50|,,,,,Grass]Amoonguss||SitrusBerry|Regenerator|Spore,PollenPuff,ClearSmog,RagePowder|||F|||50|,,,,,Dark]Basculegion||ChoiceBand|SwiftSwim|WaveCrash,LastRespects,FlipTurn,AquaJet|||M|||50|,,,,,Water]Gholdengo||LifeOrb|GoodasGold|MakeItRain,ShadowBall,NastyPlot,Protect||||||50|,,,,,Steel
|inactive|Battle timer is ON: inactive players will automatically lose when time's up. (requested by Miro Kart DS)
|inactive|trepanbad also wants the timer to be on.
|inactive|trepanbad has 60 seconds left.
|
|t:|1754602940
|teamsize|p1|4
|teamsize|p2|4
|start
|switch|p1a: Rillaboom|Rillaboom, L50, M|100/100
|switch|p1b: Kingambit|Kingambit, L50, M|100/100
|switch|p2a: Pelipper|Pelipper, L50, M, shiny|100/100
|switch|p2b: Basculegion|Basculegion, L50, M, shiny|100/100
|-weather|RainDance|[from] ability: Drizzle|[of] p2a: Pelipper
|-fieldstart|move: Grassy Terrain|[from] ability: Grassy Surge|[of] p1a: Rillaboom
|turn|1
|j| Kiogrus24
|inactive|trepanbad has 30 seconds left.
|inactive|Miro Kart DS has 30 seconds left.
|inactive|trepanbad has 20 seconds left.
|inactive|Miro Kart DS has 20 seconds left.
|inactive|trepanbad has 15 seconds left.
|inactive|Miro Kart DS has 15 seconds left.
|inactive|trepanbad has 10 seconds left.
|inactive|Miro Kart DS has 10 seconds left.
|
|t:|1754602988
|switch|p2a: Archaludon|Archaludon, L50, F, shiny|100/100
|move|p1a: Rillaboom|Grassy Glide|p2a: Archaludon
|-resisted|p2a: Archaludon
|-damage|p2a: Archaludon|95/100
|-ability|p2a: Archaludon|Stamina|boost
|-boost|p2a: Archaludon|def|1
|move|p1b: Kingambit|Sucker Punch||[still]
|-fail|p1b: Kingambit
|move|p2b: Basculegion|Flip Turn|p1b: Kingambit
|-damage|p1b: Kingambit|47/100
|
|t:|1754603000
|switch|p2b: Amoonguss|Amoonguss, L50, F, shiny|100/100|[from] Flip Turn
|
|-weather|RainDance|[upkeep]
|-heal|p2a: Archaludon|100/100|[from] Grassy Terrain
|-heal|p1b: Kingambit|53/100|[from] Grassy Terrain
|upkeep
|turn|2
|-message|trepanbad forfeited.
|
|win|Miro Kart DS
|raw|trepanbad's rating: 1297 → 1268(-29 for losing)
|raw|Miro Kart DS's rating: 1245 → 1274(+29 for winning)
|l|☆trepanbad
|player|p1|
