|j|☆VinceGC
|j|☆alphaaaaaa
|html|VinceGCalphaaaaaa    
|uhtml|bestof|Game 1 of a best-of-3
|t:|1756315447
|gametype|doubles
|player|p1|VinceGC|hilbert|1156
|player|p2|alphaaaaaa|265|1073
|gen|9
|tier|[Gen 9] VGC 2025 Reg H (Bo3)
|rated|
|rule|Species Clause: Limit one of each Pokémon
|rule|Item Clause: Limit 1 of each item
|clearpoke
|poke|p1|Sneasler, L50, M|
|poke|p1|Indeedee, L50, M|
|poke|p1|Bronzong, L50|
|poke|p1|Politoed, L50, F|
|poke|p1|Archaludon, L50, F|
|poke|p1|Maushold, L50|
|poke|p2|Whimsicott, L50, F|
|poke|p2|Typhlosion-Hisui, L50, F|
|poke|p2|Ursaluna, L50, F|
|poke|p2|Gastrodon, L50, F|
|poke|p2|Dragapult, L50, F|
|poke|p2|Farigiraf, L50, M|
|teampreview|4
|showteam|p1|Sneasler||PsychicSeed|Unburden|Protect,DireClaw,CloseCombat,Acrobatics|||M|||50|,,,,,Flying]Indeedee||ChoiceScarf|PsychicSurge|ExpandingForce,DazzlingGleam,ShadowBall,HyperVoice|||M|||50|,,,,,Fairy]Bronzong||MentalHerb|Levitate|TrickRoom,SkillSwap,Safeguard,HeavySlam||||||50|,,,,,Poison]Politoed||Leftovers|Drizzle|Protect,WeatherBall,IceBeam,Haze|||F|||50|,,,,,Grass]Archaludon||PowerHerb|Stalwart|Protect,ElectroShot,FlashCannon,DracoMeteor|||F|||50|,,,,,Electric]Maushold||SafetyGoggles|FriendGuard|Protect,FollowMe,HelpingHand,Uturn||||||50|,,,,,Ghost
|showteam|p2|Whimsicott||FocusSash|Prankster|Moonblast,Tailwind,SunnyDay,Protect|||F|||50|,,,,,Ghost]Typhlosion-Hisui||Charcoal|Blaze|Eruption,Flamethrower,ShadowBall,Protect|||F|||50|,,,,,Fire]Ursaluna||FlameOrb|Guts|Facade,HeadlongRush,Protect,Earthquake|||F|||50|,,,,,Ghost]Gastrodon||CovertCloak|StormDrain|EarthPower,IceBeam,ClearSmog,Protect|||F|||50|,,,,,Fairy]Dragapult||ChoiceBand|ClearBody|DragonDarts,PhantomForce,Uturn,PsychicFangs|||F|||50|,,,,,Dragon]Farigiraf||SafetyGoggles|ArmorTail|TrickRoom,HelpingHand,Protect,Psychic|||M|||50|,,,,,Fairy
|inactive|Battle timer is ON: inactive players will automatically lose when time's up. (requested by alphaaaaaa)
|l|☆VinceGC
|inactive|VinceGC disconnected and has a minute to reconnect!
|player|p1|
|j|☆VinceGC
|inactive|VinceGC reconnected and has 70 seconds left.
|player|p1|VinceGC|hilbert|
|inactive|VinceGC has 60 seconds left.
|inactive|alphaaaaaa has 60 seconds left.
|l|☆VinceGC
|inactive|VinceGC disconnected and has a minute to reconnect!
|player|p1|
|inactive|alphaaaaaa has 30 seconds left.
|j|☆VinceGC
|inactive|VinceGC reconnected.
|player|p1|VinceGC|hilbert|
|inactive|alphaaaaaa has 20 seconds left.
|inactive|alphaaaaaa has 15 seconds left.
|inactive|alphaaaaaa has 10 seconds left.
|inactive|alphaaaaaa has 5 seconds left.
|
|t:|1756315537
|teamsize|p1|4
|teamsize|p2|4
|start
|switch|p1a: Archaludon|Archaludon, L50, F|100/100
|switch|p1b: Bronzong|Bronzong, L50|100/100
|switch|p2a: Whimsicott|Whimsicott, L50, F|100/100
|switch|p2b: Typhlosion|Typhlosion-Hisui, L50, F|100/100
|turn|1
|l|☆VinceGC
|inactive|VinceGC disconnected and has a minute to reconnect!
|player|p1|
|j|☆VinceGC
|inactive|VinceGC reconnected and has 35 seconds left.
|player|p1|VinceGC|hilbert|
|inactive|VinceGC has 30 seconds left.
|inactive|alphaaaaaa has 30 seconds left.
|inactive|VinceGC has 20 seconds left.
|inactive|VinceGC has 15 seconds left.
|inactive|alphaaaaaa has 20 seconds left.
|
|t:|1756315580
|switch|p1b: Politoed|Politoed, L50, F|100/100
|-weather|RainDance|[from] ability: Drizzle|[of] p1b: Politoed
|-terastallize|p1a: Archaludon|Electric
|move|p2a: Whimsicott|Sunny Day|p2a: Whimsicott
|-weather|SunnyDay
|move|p2b: Typhlosion|Eruption|p1b: Politoed|[spread] p1a,p1b
|-resisted|p1b: Politoed
|-damage|p1a: Archaludon|0 fnt
|-damage|p1b: Politoed|58/100
|faint|p1a: Archaludon
|
|-weather|SunnyDay|[upkeep]
|-heal|p1b: Politoed|65/100|[from] item: Leftovers
|upkeep
|
|t:|1756315589
|switch|p1a: Maushold|Maushold, L50|100/100
|turn|2
|-message|VinceGC forfeited.
|
|win|alphaaaaaa
||alphaaaaaa is ready for game 2.
||VinceGC is ready for game 2.
|uhtml|next|Next: Game 2 of 3
|l|☆VinceGC
|player|p1|
