|j|☆ssooner
|j|☆Auraltamer
|html|ssoonerAuraltamer    
|uhtml|bestof|Game 2 of a best-of-3
|t:|1784230989
|gametype|doubles
|player|p1|ssooner|wallace|1104
|player|p2|Auraltamer|102|1155
|gen|9
|tier|[Gen 9 Champions] VGC 2026 Reg M-B (Bo3)
|rated|
|rule|Species Clause: Limit one of each Pokémon
|rule|Item Clause: Limit 1 of each item
|clearpoke
|poke|p1|Charizard, L50, M|
|poke|p1|Floette-Eternal, L50, F|
|poke|p1|Garchomp, L50, M|
|poke|p1|Basculegion, L50, M|
|poke|p1|Kingambit, L50, M|
|poke|p1|Whimsicott, L50, M|
|poke|p2|Scrafty, L50, F|
|poke|p2|Ceruledge, L50, M|
|poke|p2|Sinistcha-Masterpiece, L50|
|poke|p2|Milotic, L50, F|
|poke|p2|Incineroar, L50, F|
|poke|p2|Raichu, L50, F|
|teampreview|4
|showteam|p1|Charizard||CharizarditeY|Blaze|WeatherBall,HeatWave,SolarBeam,Protect|Modest||M|||50|]Floette-Eternal||Floettite|FlowerVeil|Moonblast,DazzlingGleam,LightofRuin,Protect|Timid||F|||50|]Garchomp||LifeOrb|RoughSkin|Earthquake,DragonClaw,RockSlide,Protect|Jolly||M|||50|]Basculegion||MysticWater|Adaptability|WaveCrash,LastRespects,AquaJet,Protect|Adamant||M|||50|]Kingambit||BlackGlasses|Defiant|KowtowCleave,SuckerPunch,LowKick,Protect|Adamant||M|||50|]Whimsicott||FocusSash|Prankster|Tailwind,Moonblast,Encore,Protect|Timid||M|||50|
|showteam|p2|Scrafty||Scraftinite|Intimidate|DrainPunch,KnockOff,FakeOut,IcePunch|Brave||F|||50|]Ceruledge||ColburBerry|FlashFire|BitterBlade,ShadowSneak,BulkUp,Protect|Careful||M|||50|]Sinistcha-Masterpiece||BrightPowder|Hospitality|MatchaGotcha,TrickRoom,RagePowder,Protect|Calm|||||50|]Milotic||Leftovers|Competitive|MuddyWater,Coil,DragonPulse,Protect|Calm||F|||50|]Incineroar||SitrusBerry|Intimidate|FlareBlitz,ThroatChop,PartingShot,FakeOut|Impish||F|||50|]Raichu||RaichuniteY|LightningRod|ZapCannon,FocusBlast,FakeOut,Protect|Hasty||F|||50|
|inactive|Battle timer is ON: inactive players will automatically lose when time's up. (requested by ssooner)
|
|t:|1784231019
|teamsize|p1|4
|teamsize|p2|4
|start
|switch|p1a: Whimsicott|Whimsicott, L50, M|100/100
|switch|p1b: Floette|Floette-Eternal, L50, F|100/100
|switch|p2a: Ceruledge|Ceruledge, L50, M|100/100
|switch|p2b: Incineroar|Incineroar, L50, F|100/100
|-ability|p2b: Incineroar|Intimidate|boost
|-block|p1a: Whimsicott|ability: Flower Veil|[of] p1b: Floette
|-unboost|p1b: Floette|atk|1
|turn|1
|inactive|ssooner has 30 seconds left.
|
|t:|1784231044
|detailschange|p1b: Floette|Floette-Mega, L50, F
|-mega|p1b: Floette|Floette|Floettite
|-ability|p1b: Floette|Fairy Aura
|move|p2b: Incineroar|Fake Out|p1a: Whimsicott
|-damage|p1a: Whimsicott|83/100
|cant|p1a: Whimsicott|flinch
|move|p1b: Floette|Dazzling Gleam|p2b: Incineroar|[spread] p2a,p2b
|-resisted|p2a: Ceruledge|1
|-damage|p2a: Ceruledge|82/100
|-damage|p2b: Incineroar|56/100
|move|p2a: Ceruledge|Bulk Up|p2a: Ceruledge
|-boost|p2a: Ceruledge|atk|1
|-boost|p2a: Ceruledge|def|1
|
|upkeep
|turn|2
|inactive|ssooner has 30 seconds left.
|
|t:|1784231071
|move|p2a: Ceruledge|Protect|p2a: Ceruledge
|-singleturn|p2a: Ceruledge|Protect
|move|p1a: Whimsicott|Encore|p2a: Ceruledge
|-activate|p2a: Ceruledge|move: Protect
|move|p1b: Floette|Moonblast|p2b: Incineroar
|-damage|p2b: Incineroar|0 fnt
|faint|p2b: Incineroar
|
|upkeep
|l|☆Auraltamer
|inactive|Auraltamer disconnected and has a minute to reconnect!
|player|p2|
|inactive|Auraltamer has 30 seconds left.
|inactive|Auraltamer has 20 seconds left.
|inactive|Auraltamer has 15 seconds left.
|inactive|Auraltamer has 10 seconds left.
|inactive|Auraltamer has 5 seconds left.
|-message|Auraltamer lost due to inactivity.
|
|win|ssooner
|raw|ssooner's rating: 1104 → 1133(+29 for winning)
|raw|Auraltamer's rating: 1155 → 1126(-29 for losing)
