|j|☆StopTheFakeGames
|j|☆zqpx
|html|StopTheFakeGameszqpx    
|uhtml|bestof|Game 2 of a best-of-3
|t:|1784254228
|gametype|doubles
|player|p1|StopTheFakeGames|pokemaniac|1042
|player|p2|zqpx|skyla|1067
|gen|9
|tier|[Gen 9 Champions] VGC 2026 Reg M-B (Bo3)
|rated|
|rule|Species Clause: Limit one of each Pokémon
|rule|Item Clause: Limit 1 of each item
|clearpoke
|poke|p1|Scovillain, L50, M|
|poke|p1|Maushold-Four, L50|
|poke|p1|Whimsicott, L50, M|
|poke|p1|Farigiraf, L50, F|
|poke|p1|Milotic, L50, M|
|poke|p1|Gholdengo, L50|
|poke|p2|Pyroar, L50, F, shiny|
|poke|p2|Torkoal, L50, F|
|poke|p2|Farigiraf, L50, F, shiny|
|poke|p2|Sylveon, L50, M, shiny|
|poke|p2|Venusaur, L50, M|
|poke|p2|Blastoise, L50, F, shiny|
|teampreview|4
|showteam|p1|Scovillain||Scovillainite|Moody|Protect,RagePowder,SeedBomb,FlareBlitz|Adamant||M|||50|]Maushold-Four||WideLens|Technician|Protect,LowKick,PopulationBomb,Bite|Jolly|||||50|]Whimsicott||FocusSash|Prankster|Protect,Tailwind,Encore,Moonblast|Timid||M|||50|]Farigiraf||SitrusBerry|ArmorTail|Protect,TrickRoom,TwinBeam,HelpingHand|Bold||F|||50|]Milotic||LifeOrb|Competitive|Protect,IceBeam,Scald,Surf|Modest||M|||50|]Gholdengo||MetalCoat|GoodasGold|Protect,NastyPlot,MakeItRain,ShadowBall|Modest|||||50|
|showteam|p2|Pyroar||Pyroarite|Unnerve|Overheat,HeatWave,Taunt,Protect|Timid||F|||50|]Torkoal||Charcoal|Drought|Eruption,WeatherBall,HelpingHand,Protect|Quiet||F|||50|]Farigiraf||SitrusBerry|ArmorTail|Psychic,Thunderbolt,Protect,TrickRoom|Quiet||F|||50|]Sylveon||FairyFeather|Pixilate|HyperVoice,HyperBeam,QuickAttack,Detect|Quiet||M|||50|]Venusaur||LifeOrb|Chlorophyll|SolarBeam,SludgeBomb,EarthPower,SleepPowder|Modest||M|||50|]Blastoise||Blastoisinite|Torrent|WaterSpout,AuraSphere,DarkPulse,Protect|Quiet||F|||50|
|inactive|Battle timer is ON: inactive players will automatically lose when time's up. (requested by StopTheFakeGames)
|inactive|zqpx has 60 seconds left.
|
|t:|1784254259
|teamsize|p1|4
|teamsize|p2|4
|start
|switch|p1a: Mausold-Four-Oh|Maushold-Four, L50|100/100
|switch|p1b: Whimscott|Whimsicott, L50, M|100/100
|switch|p2a: Farigiraf|Farigiraf, L50, F, shiny|100/100
|switch|p2b: Torkoal|Torkoal, L50, F|100/100
|-weather|SunnyDay|[from] ability: Drought|[of] p2b: Torkoal
|turn|1
|
|t:|1784254279
|move|p1b: Whimscott|Moonblast|p2b: Torkoal
|-resisted|p2b: Torkoal|1
|-damage|p2b: Torkoal|76/100
|-unboost|p2b: Torkoal|spa|1
|move|p1a: Mausold-Four-Oh|Population Bomb|p2b: Torkoal
|-damage|p2b: Torkoal|67/100
|-damage|p2b: Torkoal|58/100
|-damage|p2b: Torkoal|49/100
|-damage|p2b: Torkoal|41/100
|-damage|p2b: Torkoal|32/100
|-damage|p2b: Torkoal|23/100
|-damage|p2b: Torkoal|14/100
|-damage|p2b: Torkoal|6/100
|-damage|p2b: Torkoal|0 fnt
|faint|p2b: Torkoal
|-hitcount|p2: Torkoal|9
|move|p2a: Farigiraf|Trick Room|p2a: Farigiraf
|-fieldstart|move: Trick Room|[of] p2a: Farigiraf
|
|-weather|SunnyDay|[upkeep]
|upkeep
|
|t:|1784254299
|switch|p2b: Pyroar|Pyroar, L50, F, shiny|100/100
|-ability|p2b: Pyroar|Unnerve
|turn|2
|
|t:|1784254314
|move|p1b: Whimscott|Protect|p1b: Whimscott
|-singleturn|p1b: Whimscott|Protect
|move|p2a: Farigiraf|Psychic|p1b: Whimscott
|-activate|p1b: Whimscott|move: Protect
|move|p2b: Pyroar|Heat Wave|p1b: Whimscott|[spread] p1a
|-activate|p1b: Whimscott|move: Protect
|-damage|p1a: Mausold-Four-Oh|24/100
|move|p1a: Mausold-Four-Oh|Population Bomb|p2b: Pyroar
|-damage|p2b: Pyroar|82/100
|-damage|p2b: Pyroar|65/100
|-damage|p2b: Pyroar|47/100
|-damage|p2b: Pyroar|29/100
|-damage|p2b: Pyroar|10/100
|-damage|p2b: Pyroar|0 fnt
|faint|p2b: Pyroar
|-hitcount|p2: Pyroar|6
|
|-weather|SunnyDay|[upkeep]
|upkeep
|
|t:|1784254333
|switch|p2b: Venusaur|Venusaur, L50, M|100/100
|turn|3
|inactive|StopTheFakeGames has 30 seconds left.
|inactive|zqpx has 30 seconds left.
|
|t:|1784254361
|move|p2a: Farigiraf|Psychic|p1b: Whimscott
|-damage|p1b: Whimscott|36/100
|move|p1a: Mausold-Four-Oh|Population Bomb|p2b: Venusaur
|-damage|p2b: Venusaur|84/100
|-damage|p2b: Venusaur|68/100
|-damage|p2b: Venusaur|53/100
|-damage|p2b: Venusaur|39/100
|-damage|p2b: Venusaur|24/100
|-damage|p2b: Venusaur|8/100
|-damage|p2b: Venusaur|0 fnt
|faint|p2b: Venusaur
|-hitcount|p2: Venusaur|7
|move|p1b: Whimscott|Moonblast|p2a: Farigiraf
|-damage|p2a: Farigiraf|66/100
|
|-weather|SunnyDay|[upkeep]
|upkeep
|turn|4
|inactive|zqpx has 30 seconds left.
|c|☆zqpx|stupidest mon in the game
|inactive|zqpx has 20 seconds left.
|c|☆StopTheFakeGames|maus?
|-message|zqpx forfeited.
|raw|StopTheFakeGames's rating: 1042 → 1078(+36 for winning)
|raw|zqpx's rating: 1067 → 1046(-21 for losing)
|
|win|StopTheFakeGames
|l|☆zqpx
|player|p2|
