|j|☆ron97202
|j|☆punishedmelody
|html|ron97202punishedmelody    
|uhtml|bestof|Game 2 of a best-of-3
|t:|1783743422
|gametype|doubles
|player|p1|ron97202|2|1024
|player|p2|punishedmelody|taunie|1063
|gen|9
|tier|[Gen 9 Champions] VGC 2026 Reg M-B (Bo3)
|rated|
|rule|Species Clause: Limit one of each Pokémon
|rule|Item Clause: Limit 1 of each item
|clearpoke
|poke|p1|Dragalge, L50, M|
|poke|p1|Pelipper, L50, M|
|poke|p1|Heliolisk, L50, F|
|poke|p1|Toxicroak, L50, M|
|poke|p1|Basculegion, L50, M|
|poke|p1|Archaludon, L50, M|
|poke|p2|Blaziken, L50, M, shiny|
|poke|p2|Venusaur, L50, M|
|poke|p2|Ninetales-Alola, L50, M|
|poke|p2|Lycanroc-Dusk, L50, F|
|poke|p2|Kingambit, L50, M, shiny|
|poke|p2|Basculegion, L50, M|
|teampreview|4
|showteam|p1|Dragalge||Dragalgite|PoisonPoint|Scald,DragonPulse,Toxic,SludgeBomb|Bold||M|||50|]Pelipper||LifeOrb|Drizzle|MuddyWater,Surf,Hurricane,HelpingHand|Modest||M|||50|]Heliolisk||ChoiceScarf|DrySkin|Electroweb,HyperVoice,Thunder,VoltSwitch|Timid||F|||50|]Toxicroak||BlackBelt|DrySkin|FakeOut,CloseCombat,PoisonJab,Feint|Jolly||M|||50|]Basculegion||MysticWater|SwiftSwim|WaveCrash,LastRespects,AquaJet,FlipTurn|Adamant||M|||50|]Archaludon||Leftovers|Stamina|ElectroShot,BreakingSwipe,Snarl,Protect|Sassy||M|||50|
|showteam|p2|Blaziken||Blazikenite|SpeedBoost|FlareBlitz,CloseCombat,UpperHand,Detect|Adamant||M|||50|]Venusaur||Venusaurite|Overgrow|GigaDrain,SludgeBomb,EarthPower,Protect|Modest||M|||50|]Ninetales-Alola||NeverMeltIce|SnowWarning|Blizzard,FreezeDry,Encore,Protect|Timid||M|||50|]Lycanroc-Dusk||FocusSash|ToughClaws|Accelerock,RockSlide,CloseCombat,Protect|Adamant||F|||50|]Kingambit||LifeOrb|Defiant|KowtowCleave,SuckerPunch,IronHead,Protect|Adamant||M|||50|]Basculegion||ChoiceScarf|Adaptability|WaveCrash,AquaJet,LastRespects,FlipTurn|Jolly||M|||50|
|inactive|Battle timer is ON: inactive players will automatically lose when time's up. (requested by punishedmelody)
|
|t:|1783743453
|teamsize|p1|4
|teamsize|p2|4
|start
|switch|p1a: Heliolisk|Heliolisk, L50, F|100/100
|switch|p1b: Pelipper|Pelipper, L50, M|100/100
|switch|p2a: Zanka no Tachi|Blaziken, L50, M, shiny|100/100
|switch|p2b: Tensa Zangetsu|Kingambit, L50, M, shiny|100/100
|-weather|RainDance|[from] ability: Drizzle|[of] p1b: Pelipper
|turn|1
|inactive|ron97202 has 30 seconds left.
|
|t:|1783743479
|detailschange|p2a: Zanka no Tachi|Blaziken-Mega, L50, M, shiny
|-mega|p2a: Zanka no Tachi|Blaziken|Blazikenite
|move|p2a: Zanka no Tachi|Detect|p2a: Zanka no Tachi
|-singleturn|p2a: Zanka no Tachi|Protect
|move|p2b: Tensa Zangetsu|Sucker Punch|p1b: Pelipper
|-damage|p1b: Pelipper|39/100
|-damage|p2b: Tensa Zangetsu|90/100|[from] item: Life Orb
|move|p1a: Heliolisk|Volt Switch|p2b: Tensa Zangetsu
|-damage|p2b: Tensa Zangetsu|59/100
|
|t:|1783743495
|switch|p1a: Archaludon|Archaludon, L50, M|100/100|[from] Volt Switch
|move|p1b: Pelipper|Muddy Water|p2b: Tensa Zangetsu|[spread] 
|-activate|p2a: Zanka no Tachi|move: Protect
|-miss|p1b: Pelipper|p2b: Tensa Zangetsu
|
|-weather|RainDance|[upkeep]
|-ability|p2a: Zanka no Tachi|Speed Boost|boost
|-boost|p2a: Zanka no Tachi|spe|1
|upkeep
|turn|2
|
|t:|1783743513
|switch|p1a: Dragalge|Dragalge, L50, M|100/100
|switch|p2b: Hakka no Togame|Ninetales-Alola, L50, M|100/100
|-weather|Snowscape|[from] ability: Snow Warning|[of] p2b: Hakka no Togame
|move|p2a: Zanka no Tachi|Close Combat|p1a: Dragalge
|-resisted|p1a: Dragalge|1
|-damage|p1a: Dragalge|70/100
|-unboost|p2a: Zanka no Tachi|def|1
|-unboost|p2a: Zanka no Tachi|spd|1
|-status|p2a: Zanka no Tachi|psn|[from] ability: Poison Point|[of] p1a: Dragalge
|move|p1b: Pelipper|Muddy Water|p2a: Zanka no Tachi|[spread] p2a,p2b
|-supereffective|p2a: Zanka no Tachi|1
|-damage|p2a: Zanka no Tachi|0 fnt
|-damage|p2b: Hakka no Togame|58/100
|-unboost|p2b: Hakka no Togame|accuracy|1
|faint|p2a: Zanka no Tachi
|-damage|p1b: Pelipper|29/100|[from] item: Life Orb
|
|-weather|Snowscape|[upkeep]
|upkeep
|
|t:|1783743518
|switch|p2a: La Muerte|Basculegion, L50, M|100/100
|turn|3
|
|t:|1783743539
|switch|p2b: Tensa Zangetsu|Kingambit, L50, M, shiny|59/100
|switch|p1b: Archaludon|Archaludon, L50, M|100/100
|detailschange|p1a: Dragalge|Dragalge-Mega, L50, M
|-mega|p1a: Dragalge|Dragalge|Dragalgite
|move|p2a: La Muerte|Last Respects|p1b: Archaludon
|-damage|p1b: Archaludon|55/100
|-ability|p1b: Archaludon|Stamina|boost
|-boost|p1b: Archaludon|def|1
|move|p1a: Dragalge|Dragon Pulse|p2a: La Muerte
|-damage|p2a: La Muerte|55/100
|
|-weather|Snowscape|[upkeep]
|-heal|p1b: Archaludon|61/100|[from] item: Leftovers
|upkeep
|turn|4
|
|t:|1783743556
|switch|p2b: Hakka no Togame|Ninetales-Alola, L50, M|58/100
|-heal|p1a: Dragalge|100/100|[from] ability: Regenerator|[silent]
|switch|p1a: Pelipper|Pelipper, L50, M|29/100
|-weather|RainDance|[from] ability: Drizzle|[of] p1a: Pelipper
|move|p2a: La Muerte|Last Respects|p1a: Pelipper
|-damage|p1a: Pelipper|0 fnt
|faint|p1a: Pelipper
|move|p1b: Archaludon|Electro Shot||[still]
|-prepare|p1b: Archaludon|Electro Shot
|-boost|p1b: Archaludon|spa|1
|-anim|p1b: Archaludon|Electro Shot|p2a: La Muerte
|-supereffective|p2a: La Muerte|1
|-damage|p2a: La Muerte|0 fnt
|faint|p2a: La Muerte
|
|-weather|RainDance|[upkeep]
|-heal|p1b: Archaludon|67/100|[from] item: Leftovers
|upkeep
|-message|punishedmelody forfeited.
|raw|ron97202's rating: 1024 → 1064(+40 for winning)
|raw|punishedmelody's rating: 1063 → 1041(-22 for losing)
|
|win|ron97202
