|j|☆N8NoDog
|j|☆UndeadParadox
|html|N8NoDogUndeadParadox    
|uhtml|bestof|Game 2 of a best-of-3
|t:|1756783797
|gametype|doubles
|player|p1|N8NoDog|archer|1085
|player|p2|UndeadParadox|guitarist|1123
|gen|9
|tier|[Gen 9] VGC 2025 Reg H (Bo3)
|rated|
|rule|Species Clause: Limit one of each Pokémon
|rule|Item Clause: Limit 1 of each item
|clearpoke
|poke|p1|Weavile, L50, F|
|poke|p1|Dragapult, L50, M|
|poke|p1|Sneasler, L50, M|
|poke|p1|Rillaboom, L50, M|
|poke|p1|Milotic, L50, M|
|poke|p1|Gholdengo, L50|
|poke|p2|Sneasler, L50, F|
|poke|p2|Rillaboom, L50, M|
|poke|p2|Incineroar, L50, M|
|poke|p2|Gholdengo, L50|
|poke|p2|Hydreigon, L50, M|
|poke|p2|Gengar, L50, F|
|teampreview|4
|showteam|p1|Weavile||FocusSash|Pickpocket|IceSpinner,KnockOff,BrickBreak,Protect|||F|||50|,,,,,Ghost]Dragapult||ChoiceBand|ClearBody|DragonDarts,Uturn,TeraBlast,PhantomForce|||M|||50|,,,,,Ghost]Sneasler||GrassySeed|Unburden|DireClaw,CloseCombat,Acrobatics,Protect|||M|||50|,,,,,Flying]Rillaboom||AssaultVest|GrassySurge|FakeOut,WoodHammer,GrassyGlide,HighHorsepower|||M|||50|,,,,,Fire]Milotic||CovertCloak|Competitive|Scald,IcyWind,Haze,Protect|||M|||50|,,,,,Grass]Gholdengo||Leftovers|GoodasGold|MakeItRain,ShadowBall,NastyPlot,Protect||||||50|,,,,,Water
|showteam|p2|Sneasler||GrassySeed|Unburden|CloseCombat,DireClaw,Acrobatics,Protect|||F|||50|,,,,,Flying]Rillaboom||AssaultVest|GrassySurge|WoodHammer,GrassyGlide,FakeOut,HighHorsepower|||M|||50|,,,,,Fire]Incineroar||SafetyGoggles|Intimidate|FlareBlitz,KnockOff,PartingShot,FakeOut|||M|||50|,,,,,Ghost]Gholdengo||MetalCoat|GoodasGold|Protect,MakeItRain,ShadowBall,NastyPlot||||||50|,,,,,Water]Hydreigon||LifeOrb|Levitate|Flamethrower,DracoMeteor,DarkPulse,Protect|||M|||50|,,,,,Fire]Gengar||FocusSash|CursedBody|ShadowBall,Haze,Taunt,IcyWind|||F|||50|,,,,,Ghost
|inactive|Battle timer is ON: inactive players will automatically lose when time's up. (requested by N8NoDog)
|inactive|N8NoDog has 60 seconds left.
|inactive|UndeadParadox has 60 seconds left.
|inactive|UndeadParadox has 30 seconds left.
|
|t:|1756783865
|teamsize|p1|4
|teamsize|p2|4
|start
|switch|p1a: Sneasler|Sneasler, L50, M|100/100
|switch|p1b: Dragapult|Dragapult, L50, M|100/100
|switch|p2a: Gholdengo|Gholdengo, L50, shiny|100/100
|switch|p2b: Rillaboom|Rillaboom, L50, M|100/100
|-fieldstart|move: Grassy Terrain|[from] ability: Grassy Surge|[of] p2b: Rillaboom
|-enditem|p1a: Sneasler|Grassy Seed
|-boost|p1a: Sneasler|def|1|[from] item: Grassy Seed
|turn|1
|inactive|UndeadParadox has 30 seconds left.
|inactive|UndeadParadox has 20 seconds left.
|inactive|UndeadParadox has 15 seconds left.
|inactive|UndeadParadox has 10 seconds left.
|
|t:|1756783912
|-terastallize|p1b: Dragapult|Ghost
|move|p1a: Sneasler|Protect|p1a: Sneasler
|-singleturn|p1a: Sneasler|Protect
|move|p2b: Rillaboom|Fake Out|p1a: Sneasler
|-activate|p1a: Sneasler|move: Protect
|move|p1b: Dragapult|Tera Blast|p2a: Gholdengo|[anim] Tera Blast Ghost
|-supereffective|p2a: Gholdengo
|-damage|p2a: Gholdengo|0 fnt
|faint|p2a: Gholdengo
|
|upkeep
|
|t:|1756783919
|switch|p2a: Incineroar|Incineroar, L50, M, shiny|100/100
|-ability|p2a: Incineroar|Intimidate|boost
|-unboost|p1a: Sneasler|atk|1
|-fail|p1b: Dragapult|unboost|[from] ability: Clear Body|[of] p1b: Dragapult
|turn|2
|
|t:|1756783944
|switch|p1a: Milotic|Milotic, L50, M|100/100
|move|p1b: Dragapult|Tera Blast|p2b: Rillaboom|[anim] Tera Blast Ghost
|-damage|p2b: Rillaboom|26/100
|move|p2b: Rillaboom|Wood Hammer|p1b: Dragapult
|-damage|p1b: Dragapult|0 fnt
|faint|p1b: Dragapult
|-damage|p2b: Rillaboom|0 fnt|[from] Recoil
|faint|p2b: Rillaboom
|move|p2a: Incineroar|Knock Off|p1a: Milotic
|-damage|p1a: Milotic|45/100
|-enditem|p1a: Milotic|Covert Cloak|[from] move: Knock Off|[of] p2a: Incineroar
|
|-heal|p1a: Milotic|51/100|[from] Grassy Terrain
|upkeep
|
|t:|1756783958
|switch|p1b: Sneasler|Sneasler, L50, M|100/100
|switch|p2b: Sneasler|Sneasler, L50, F, shiny|100/100
|-enditem|p2b: Sneasler|Grassy Seed
|-boost|p2b: Sneasler|def|1|[from] item: Grassy Seed
|turn|3
|inactive|UndeadParadox has 30 seconds left.
|inactive|UndeadParadox has 20 seconds left.
|inactive|UndeadParadox has 15 seconds left.
|inactive|N8NoDog has 30 seconds left.
|inactive|UndeadParadox has 10 seconds left.
|
|t:|1756784005
|-terastallize|p2a: Incineroar|Ghost
|move|p2b: Sneasler|Dire Claw|p1a: Milotic
|-damage|p1a: Milotic|0 fnt
|faint|p1a: Milotic
|move|p1b: Sneasler|Acrobatics|p2b: Sneasler
|-supereffective|p2b: Sneasler
|-damage|p2b: Sneasler|0 fnt
|faint|p2b: Sneasler
|move|p2a: Incineroar|Flare Blitz|p1b: Sneasler
|-damage|p1b: Sneasler|0 fnt
|faint|p1b: Sneasler
|-damage|p2a: Incineroar|75/100|[from] Recoil
|
|-heal|p2a: Incineroar|81/100|[from] Grassy Terrain
|upkeep
|
|t:|1756784016
|switch|p1b: Weavile|Weavile, L50, F|100/100
|turn|4
|-message|UndeadParadox forfeited.
|
|win|N8NoDog
|raw|N8NoDog's rating: 1085 → 1115(+30 for winning)
|raw|UndeadParadox's rating: 1123 → 1095(-28 for losing)
|l|☆UndeadParadox
|player|p2|
|c|☆N8NoDog|gg
|l|☆N8NoDog
|player|p1|
|j|☆UndeadParadox
|player|p2|UndeadParadox|guitarist|
