|j|☆sweetlysunny
|j|☆CAT BUGGER
|html|sweetlysunnyCAT BUGGER    
|uhtml|bestof|Game 1 of a best-of-3
|t:|1783467175
|gametype|doubles
|player|p1|sweetlysunny|serena|1098
|player|p2|CAT BUGGER|2|1000
|gen|9
|tier|[Gen 9 Champions] VGC 2026 Reg M-B (Bo3)
|rated|
|rule|Species Clause: Limit one of each Pokémon
|rule|Item Clause: Limit 1 of each item
|clearpoke
|poke|p1|Torkoal, L50, F|
|poke|p1|Pyroar, L50, M|
|poke|p1|Vileplume, L50, F|
|poke|p1|Scrafty, L50, F|
|poke|p1|Farigiraf, L50, F|
|poke|p1|Sylveon, L50, F|
|poke|p2|Falinks, L50|
|poke|p2|Maushold, L50|
|poke|p2|Ninetales-Alola, L50, M|
|poke|p2|Incineroar, L50, M|
|poke|p2|Rotom-Wash, L50|
|poke|p2|Metagross, L50|
|teampreview|4
|showteam|p1|Torkoal||Charcoal|Drought|HeatWave,Eruption,HelpingHand,Protect|Quiet||F|||50|]Pyroar||Pyroarite|Unnerve|HeatWave,Overheat,ScorchingSands,Protect|Timid||M|||50|]Vileplume||FocusSash|Chlorophyll|EnergyBall,SludgeBomb,SleepPowder,AfterYou|Timid||F|||50|]Scrafty||Scraftinite|Intimidate|FakeOut,CloseCombat,PoisonJab,KnockOff|Brave||F|||50|]Farigiraf||SitrusBerry|ArmorTail|HyperVoice,Psychic,HelpingHand,TrickRoom|Bold||F|||50|]Sylveon||FairyFeather|Pixilate|HyperVoice,HyperBeam,QuickAttack,Protect|Quiet||F|||50|
|showteam|p2|Falinks||Falinksite|Defiant|Protect,KnockOff,CloseCombat,NoRetreat|Jolly|||||50|]Maushold||WideLens|Technician|PopulationBomb,Copycat,FollowMe,Protect|Adamant|||||50|]Ninetales-Alola||NeverMeltIce|SnowWarning|Encore,Protect,Blizzard,FreezeDry|Timid||M|||50|]Incineroar||SitrusBerry|Intimidate|FlareBlitz,FakeOut,PartingShot,ThroatChop|Adamant||M|||50|]Rotom-Wash||Leftovers|Levitate|WillOWisp,HydroPump,VoltSwitch,LightScreen|Bold|||||50|]Metagross||Metagrossite|ClearBody|BodyPress,IcePunch,IronHead,Protect|Jolly|||||50|
|inactive|Battle timer is ON: inactive players will automatically lose when time's up. (requested by sweetlysunny)
|inactive|sweetlysunny has 60 seconds left.
|inactive|CAT BUGGER has 60 seconds left.
|
|t:|1783467217
|teamsize|p1|4
|teamsize|p2|4
|start
|switch|p1a: Pyroar|Pyroar, L50, M|100/100
|switch|p1b: Vileplume|Vileplume, L50, F|100/100
|switch|p2a: Incineroar|Incineroar, L50, M|100/100
|switch|p2b: Ninetales|Ninetales-Alola, L50, M|100/100
|-ability|p1a: Pyroar|Unnerve
|-weather|Snowscape|[from] ability: Snow Warning|[of] p2b: Ninetales
|-ability|p2a: Incineroar|Intimidate|boost
|-unboost|p1a: Pyroar|atk|1
|-unboost|p1b: Vileplume|atk|1
|turn|1
|
|t:|1783467233
|switch|p1b: Torkoal|Torkoal, L50, F|100/100
|-weather|SunnyDay|[from] ability: Drought|[of] p1b: Torkoal
|move|p1a: Pyroar|Protect|p1a: Pyroar
|-singleturn|p1a: Pyroar|Protect
|move|p2a: Incineroar|Fake Out|p1a: Pyroar
|-activate|p1a: Pyroar|move: Protect
|move|p2b: Ninetales|Blizzard|p1b: Torkoal|[spread] p1b
|-activate|p1a: Pyroar|move: Protect
|-resisted|p1b: Torkoal|1
|-damage|p1b: Torkoal|76/100
|
|-weather|SunnyDay|[upkeep]
|upkeep
|turn|2
|inactive|CAT BUGGER has 30 seconds left.
|
|t:|1783467267
|detailschange|p1a: Pyroar|Pyroar-Mega, L50, M
|-mega|p1a: Pyroar|Pyroar|Pyroarite
|move|p1b: Torkoal|Protect|p1b: Torkoal
|-singleturn|p1b: Torkoal|Protect
|move|p1a: Pyroar|Heat Wave|p2b: Ninetales|[spread] p2a,p2b
|-resisted|p2a: Incineroar|1
|-supereffective|p2b: Ninetales|1
|-damage|p2a: Incineroar|65/100
|-damage|p2b: Ninetales|0 fnt
|faint|p2b: Ninetales
|move|p2a: Incineroar|Throat Chop|p1b: Torkoal
|-activate|p1b: Torkoal|move: Protect
|
|-weather|SunnyDay|[upkeep]
|upkeep
|-message|CAT BUGGER forfeited.
|
|win|sweetlysunny
|l|☆CAT BUGGER
|player|p2|
||sweetlysunny is ready for game 2.
