|j|ŌśåRouletteRegional
|j|Ōśåhappymuffintime
|html|RouletteRegionalhappymuffintime    
|uhtml|bestof|Game 3 of a best-of-3
|t:|1783729668
|gametype|doubles
|player|p1|RouletteRegional|lance|1428
|player|p2|happymuffintime|cynthia|1281
|gen|9
|tier|[Gen 9 Champions] VGC 2026 Reg M-B (Bo3)
|rated|
|rule|Species Clause: Limit one of each Pok├®mon
|rule|Item Clause: Limit 1 of each item
|clearpoke
|poke|p1|Sneasler, L50, F|
|poke|p1|Incineroar, L50, M|
|poke|p1|Sinistcha, L50|
|poke|p1|Blastoise, L50, M|
|poke|p1|Delphox, L50, M|
|poke|p1|Maushold, L50|
|poke|p2|Ceruledge, L50, M|
|poke|p2|Milotic, L50, M, shiny|
|poke|p2|Kingambit, L50, F|
|poke|p2|Sinistcha, L50|
|poke|p2|Staraptor, L50, M|
|poke|p2|Raichu, L50, F|
|teampreview|4
|showteam|p1|Sneasler||WhiteHerb|PoisonTouch|GunkShot,CloseCombat,FakeOut,Protect|Jolly||F|||50|]Incineroar||SitrusBerry|Intimidate|FlareBlitz,ThroatChop,PartingShot,FakeOut|Impish||M|||50|]Sinistcha||KasibBerry|Hospitality|MatchaGotcha,RagePowder,LifeDew,Protect|Relaxed|||||50|]Blastoise||Blastoisinite|RainDish|WaterSpout,DarkPulse,ShellSmash,Protect|Modest||M|||50|]Delphox||Delphoxite|Blaze|HeatWave,Psyshock,NastyPlot,Protect|Modest||M|||50|]Maushold||FocusSash|FriendGuard|SuperFang,Feint,FollowMe,Protect|Jolly|||||50|
|showteam|p2|Ceruledge||SitrusBerry|FlashFire|BitterBlade,ShadowSneak,BulkUp,Protect|Adamant||M|||50|]Milotic||Leftovers|Competitive|MuddyWater,Coil,Protect,Hypnosis|Bold||M|||50|]Kingambit||BlackGlasses|Defiant|KowtowCleave,SuckerPunch,SwordsDance,Protect|Jolly||F|||50|]Sinistcha||OccaBerry|Hospitality|MatchaGotcha,RagePowder,TrickRoom,LifeDew|Calm|||||50|]Staraptor||Staraptite|Reckless|CloseCombat,BraveBird,Tailwind,Protect|Jolly||M|||50|]Raichu||RaichuniteY|LightningRod|ZapCannon,FocusBlast,FakeOut,Protect|Hasty||F|||50|
|c|ŌśåRouletteRegional|this is like a 90-10 matchup lol
|c|ŌśåRouletteRegional|you'll win this one
|c|Ōśåhappymuffintime|Lol yea
|inactive|Battle timer is ON: inactive players will automatically lose when time's up. (requested by happymuffintime)
|c|ŌśåRouletteRegional|also this sneasler is supposed to be unburden
|c|ŌśåRouletteRegional|big rip
|c|Ōśåhappymuffintime|Ahhhhh i see
|inactive|RouletteRegional has 60 seconds left.
|
|t:|1783729740
|teamsize|p1|4
|teamsize|p2|4
|start
|switch|p1a: Sinistcha|Sinistcha, L50|100/100
|switch|p1b: Sneasler|Sneasler, L50, F|100/100
|switch|p2a: Raichu|Raichu, L50, F|100/100
|switch|p2b: Milotic|Milotic, L50, M, shiny|100/100
|turn|1
|
|t:|1783729750
|switch|p2b: Kingambit|Kingambit, L50, F|100/100
|detailschange|p2a: Raichu|Raichu-Mega-Y, L50, F
|-mega|p2a: Raichu|Raichu|Raichunite Y
|move|p2a: Raichu|Fake Out|p1b: Sneasler
|-damage|p1b: Sneasler|88/100
|cant|p1b: Sneasler|flinch
|move|p1a: Sinistcha|Matcha Gotcha|p2a: Raichu|[spread] p2a,p2b
|-resisted|p2b: Kingambit|1
|-damage|p2a: Raichu|67/100
|-damage|p2b: Kingambit|86/100
|
|upkeep
|turn|2
|
|t:|1783729765
|move|p1a: Sinistcha|Rage Powder|p1a: Sinistcha
|-singleturn|p1a: Sinistcha|move: Rage Powder
|move|p2a: Raichu|Zap Cannon|p1a: Sinistcha
|-resisted|p1a: Sinistcha|1
|-damage|p1a: Sinistcha|71/100
|-status|p1a: Sinistcha|par
|move|p1b: Sneasler|Close Combat|p2a: Raichu
|-damage|p2a: Raichu|0 fnt
|-unboost|p1b: Sneasler|def|1
|-unboost|p1b: Sneasler|spd|1
|faint|p2a: Raichu
|-enditem|p1b: Sneasler|White Herb
|-clearnegativeboost|p1b: Sneasler|[silent]
|move|p2b: Kingambit|Swords Dance|p2b: Kingambit
|-boost|p2b: Kingambit|atk|2
|
|upkeep
|
|t:|1783729771
|switch|p2a: Milotic|Milotic, L50, M, shiny|100/100
|turn|3
|
|t:|1783729782
|move|p2b: Kingambit|Protect|p2b: Kingambit
|-singleturn|p2b: Kingambit|Protect
|move|p1a: Sinistcha|Rage Powder|p1a: Sinistcha
|-singleturn|p1a: Sinistcha|move: Rage Powder
|move|p1b: Sneasler|Close Combat|p2b: Kingambit
|-activate|p2b: Kingambit|move: Protect
|move|p2a: Milotic|Coil|p2a: Milotic
|-boost|p2a: Milotic|atk|1
|-boost|p2a: Milotic|def|1
|-boost|p2a: Milotic|accuracy|1
|
|upkeep
|turn|4
|inactive|happymuffintime has 30 seconds left.
|
|t:|1783729815
|move|p1a: Sinistcha|Rage Powder|p1a: Sinistcha
|-singleturn|p1a: Sinistcha|move: Rage Powder
|move|p2b: Kingambit|Sucker Punch||[still]
|-fail|p2b: Kingambit
|move|p1b: Sneasler|Close Combat|p2b: Kingambit
|-supereffective|p2b: Kingambit|2
|-damage|p2b: Kingambit|0 fnt
|-unboost|p1b: Sneasler|def|1
|-unboost|p1b: Sneasler|spd|1
|faint|p2b: Kingambit
|move|p2a: Milotic|Muddy Water|p1a: Sinistcha|[spread] p1a,p1b
|-resisted|p1a: Sinistcha|1
|-damage|p1a: Sinistcha|61/100 par
|-damage|p1b: Sneasler|43/100
|
|upkeep
|
|t:|1783729820
|switch|p2b: Sinistcha|Sinistcha, L50|100/100
|turn|5
|-message|happymuffintime forfeited.
|raw|RouletteRegional's rating: 1428 → 1440(+12 for winning)
|raw|happymuffintime's rating: 1281 → 1266(-15 for losing)
|
|win|RouletteRegional
