|j|☆Jakobtc
|j|☆dondozo ftw
|html|Jakobtcdondozo ftw    
|uhtml|bestof|Game 2 of a best-of-3
|t:|1756690861
|gametype|doubles
|player|p1|Jakobtc|riley|1185
|player|p2|dondozo ftw|veteranf|1050
|gen|9
|tier|[Gen 9] VGC 2025 Reg H (Bo3)
|rated|
|rule|Species Clause: Limit one of each Pokémon
|rule|Item Clause: Limit 1 of each item
|clearpoke
|poke|p1|Gholdengo, L50|
|poke|p1|Incineroar, L50, M|
|poke|p1|Ursaluna, L50, M|
|poke|p1|Porygon2, L50|
|poke|p1|Kilowattrel, L50, F|
|poke|p1|Sneasler, L50, F|
|poke|p2|Dondozo, L50, F|
|poke|p2|Tatsugiri, L50, M|
|poke|p2|Talonflame, L50, M|
|poke|p2|Indeedee, L50, M|
|poke|p2|Sneasler, L50, F|
|poke|p2|Ursaluna-Bloodmoon, L50, M|
|teampreview|4
|showteam|p1|Gholdengo||LifeOrb|GoodasGold|MakeItRain,ShadowBall,NastyPlot,Protect||||||50|,,,,,Dragon]Incineroar||SafetyGoggles|Intimidate|FakeOut,FlareBlitz,KnockOff,PartingShot|||M|||50|,,,,,Bug]Ursaluna||FlameOrb|Guts|Facade,HeadlongRush,Earthquake,Protect|||M|||50|,,,,,Ghost]Porygon2||Eviolite|Download|TeraBlast,IceBeam,Recover,TrickRoom||||||50|,,,,,Flying]Kilowattrel||FocusSash|Competitive|AirSlash,Thunderbolt,Tailwind,Protect|||F|||50|,,,,,Ghost]Sneasler||WhiteHerb|Unburden|DireClaw,CloseCombat,Taunt,Protect|||F|||50|,,,,,Stellar
|showteam|p2|Dondozo||Leftovers|Unaware|WaveCrash,Earthquake,Protect,BodyPress|||F|||50|,,,,,Grass]Tatsugiri||ChoiceScarf|Commander|MuddyWater,IcyWind,DracoMeteor,DragonPulse|||M|||50|,,,,,Water]Talonflame||CovertCloak|GaleWings|BraveBird,FlareBlitz,Tailwind,WillOWisp|||M|||50|,,,,,Ghost]Indeedee||FocusSash|PsychicSurge|ExpandingForce,Protect,HelpingHand,TrickRoom|||M|||50|,,,,,Psychic]Sneasler||PsychicSeed|Unburden|DireClaw,CloseCombat,ThroatChop,Protect|||F|||50|,,,,,Dark]Ursaluna-Bloodmoon||LifeOrb|MindsEye|BloodMoon,HyperVoice,EarthPower,Protect|||M|||50|,,,,,Normal
|inactive|Battle timer is ON: inactive players will automatically lose when time's up. (requested by dondozo ftw)
|inactive|Jakobtc has 60 seconds left.
|
|t:|1756690892
|teamsize|p1|4
|teamsize|p2|4
|start
|switch|p1a: Incineroar|Incineroar, L50, M|100/100
|switch|p1b: Porygon2|Porygon2, L50, shiny|100/100
|switch|p2a: Indeedee|Indeedee, L50, M|100/100
|switch|p2b: Sneasler|Sneasler, L50, F|100/100
|-fieldstart|move: Psychic Terrain|[from] ability: Psychic Surge|[of] p2a: Indeedee
|-enditem|p2b: Sneasler|Psychic Seed
|-boost|p2b: Sneasler|spd|1|[from] item: Psychic Seed
|-ability|p1b: Porygon2|Download|boost
|-boost|p1b: Porygon2|atk|1
|-ability|p1a: Incineroar|Intimidate|boost
|-unboost|p2a: Indeedee|atk|1
|-unboost|p2b: Sneasler|atk|1
|turn|1
|inactive|Jakobtc has 30 seconds left.
|
|t:|1756690918
|-terastallize|p1a: Incineroar|Bug
|move|p2b: Sneasler|Dire Claw|p1b: Porygon2
|-damage|p1b: Porygon2|80/100
|-status|p1b: Porygon2|slp
|move|p2a: Indeedee|Expanding Force|p1b: Porygon2|[spread] p1a,p1b
|-damage|p1a: Incineroar|61/100
|-damage|p1b: Porygon2|50/100 slp
|move|p1a: Incineroar|Parting Shot|p2b: Sneasler
|-unboost|p2b: Sneasler|atk|1
|-unboost|p2b: Sneasler|spa|1
|
|t:|1756690929
|switch|p1a: Ursaluna|Ursaluna, L50, M|100/100|[from] Parting Shot
|cant|p1b: Porygon2|slp
|
|-status|p1a: Ursaluna|brn|[from] item: Flame Orb
|upkeep
|turn|2
|
|t:|1756690944
|switch|p1b: Incineroar|Incineroar, L50, M, tera:Bug|61/100
|-ability|p1b: Incineroar|Intimidate|boost
|-unboost|p2a: Indeedee|atk|1
|-unboost|p2b: Sneasler|atk|1
|-terastallize|p2a: Indeedee|Psychic
|move|p2b: Sneasler|Close Combat|p1a: Ursaluna
|-supereffective|p1a: Ursaluna
|-damage|p1a: Ursaluna|66/100 brn
|-unboost|p2b: Sneasler|def|1
|-unboost|p2b: Sneasler|spd|1
|move|p2a: Indeedee|Expanding Force|p1b: Incineroar|[spread] p1a,p1b
|-damage|p1a: Ursaluna|4/100 brn
|-damage|p1b: Incineroar|2/100
|move|p1a: Ursaluna|Facade|p2b: Sneasler
|-damage|p2b: Sneasler|0 fnt
|faint|p2b: Sneasler
|
|-damage|p1a: Ursaluna|0 fnt|[from] brn
|faint|p1a: Ursaluna
|upkeep
|
|t:|1756690961
|switch|p2b: Dondozo|Dondozo, L50, F, shiny|100/100
|switch|p1a: Kilowattrel|Kilowattrel, L50, F|100/100
|turn|3
|
|t:|1756690974
|switch|p1b: Porygon2|Porygon2, L50, shiny|50/100 slp
|-ability|p1b: Porygon2|Download|boost
|-boost|p1b: Porygon2|spa|1
|move|p2b: Dondozo|Protect|p2b: Dondozo
|-singleturn|p2b: Dondozo|Protect
|move|p1a: Kilowattrel|Thunderbolt|p2b: Dondozo
|-activate|p2b: Dondozo|move: Protect
|move|p2a: Indeedee|Expanding Force|p1a: Kilowattrel|[spread] p1a,p1b
|-enditem|p1a: Kilowattrel|Focus Sash
|-damage|p1a: Kilowattrel|1/100
|-damage|p1b: Porygon2|14/100 slp
|
|upkeep
|turn|4
|
|t:|1756690992
|move|p1a: Kilowattrel|Thunderbolt|p2b: Dondozo
|-supereffective|p2b: Dondozo
|-damage|p2b: Dondozo|31/100
|move|p2a: Indeedee|Expanding Force|p1b: Porygon2|[spread] p1a,p1b
|-damage|p1a: Kilowattrel|0 fnt
|-damage|p1b: Porygon2|0 fnt
|faint|p1a: Kilowattrel
|faint|p1b: Porygon2
|move|p2b: Dondozo|Wave Crash|p1: Kilowattrel|[notarget]
|-fail|p2b: Dondozo
|
|-heal|p2b: Dondozo|38/100|[from] item: Leftovers
|upkeep
|-message|Jakobtc forfeited.
|
|win|dondozo ftw
|raw|Jakobtc's rating: 1185 → 1151(-34 for losing)
|raw|dondozo ftw's rating: 1050 → 1095(+45 for winning)
|l|☆Jakobtc
|player|p1|
