|j|☆yetiyoupi
|j|☆cloudlime
|html|yetiyoupicloudlime    
|uhtml|bestof|Game 2 of a best-of-3
|t:|1757828752
|gametype|doubles
|player|p1|yetiyoupi|265|1146
|player|p2|cloudlime|miku-water|1109
|gen|9
|tier|[Gen 9] VGC 2025 Reg H (Bo3)
|rated|
|rule|Species Clause: Limit one of each Pokémon
|rule|Item Clause: Limit 1 of each item
|clearpoke
|poke|p1|Amoonguss, L50, M|
|poke|p1|Politoed, L50, M|
|poke|p1|Annihilape, L50, M|
|poke|p1|Gholdengo, L50|
|poke|p1|Archaludon, L50, M|
|poke|p1|Whimsicott, L50, M|
|poke|p2|Indeedee-F, L50, F|
|poke|p2|Rillaboom, L50, M|
|poke|p2|Ursaluna, L50, M|
|poke|p2|Torkoal, L50, F|
|poke|p2|Crabominable, L50, M|
|poke|p2|Hatterene, L50, F|
|teampreview|4
|showteam|p1|Amoonguss||RockyHelmet|Regenerator|SludgeBomb,Protect,Spore,RagePowder|||M|||50|,,,,,Water]Politoed||SitrusBerry|Drizzle|IceBeam,WeatherBall,Protect,EarthPower|||M|||50|,,,,,Grass]Annihilape||AssaultVest|Defiant|IcePunch,RageFist,DrainPunch,Uturn|||M|||50|,,,,,Steel]Gholdengo||LifeOrb|GoodasGold|NastyPlot,ShadowBall,MakeItRain,Protect||||||50|,,,,,Water]Archaludon||PowerHerb|Stamina|ElectroShot,DracoMeteor,Protect,BodyPress|||M|||50|,,,,,Electric]Whimsicott||FocusSash|Prankster|Tailwind,BeatUp,Moonblast,Taunt|||M|||50|,,,,,Ghost
|showteam|p2|Indeedee-F||RockyHelmet|PsychicSurge|FollowMe,HelpingHand,TrickRoom,DazzlingGleam|||F|||50|,,,,,Ghost]Rillaboom||AssaultVest|GrassySurge|FakeOut,WoodHammer,HighHorsepower,KnockOff|||M|||50|,,,,,Fire]Ursaluna||FlameOrb|Guts|Facade,HeadlongRush,Curse,Taunt|||M|||50|,,,,,Ghost]Torkoal||Charcoal|Drought|Eruption,HeatWave,WeatherBall,ClearSmog|||F|||50|,,,,,Ghost]Crabominable||CovertCloak|HyperCutter|IceHammer,CloseCombat,WideGuard,KnockOff|||M|||50|,,,,,Water]Hatterene||LifeOrb|MagicBounce|ExpandingForce,DazzlingGleam,TrickRoom,MysticalFire|||F|||50|,,,,,Fire
|inactive|Battle timer is ON: inactive players will automatically lose when time's up. (requested by cloudlime)
|
|t:|1757828792
|teamsize|p1|4
|teamsize|p2|4
|start
|switch|p1a: Gholdengo|Gholdengo, L50|100/100
|switch|p1b: Amoonguss|Amoonguss, L50, M|100/100
|switch|p2a: Hatterene|Hatterene, L50, F|100/100
|switch|p2b: Indeedee|Indeedee-F, L50, F|100/100
|-fieldstart|move: Psychic Terrain|[from] ability: Psychic Surge|[of] p2b: Indeedee
|turn|1
|inactive|yetiyoupi has 30 seconds left.
|inactive|cloudlime has 30 seconds left.
|inactive|cloudlime has 20 seconds left.
|inactive|cloudlime has 15 seconds left.
|inactive|cloudlime has 10 seconds left.
|
|t:|1757828841
|-terastallize|p1b: Amoonguss|Water
|-terastallize|p2a: Hatterene|Fire
|move|p1a: Gholdengo|Make It Rain|p2b: Indeedee|[spread] p2a,p2b
|-resisted|p2a: Hatterene
|-damage|p2a: Hatterene|67/100
|-damage|p2b: Indeedee|50/100
|-unboost|p1a: Gholdengo|spa|1
|-damage|p1a: Gholdengo|91/100|[from] item: Life Orb
|move|p1b: Amoonguss|Spore|p2a: Hatterene
|move|p2a: Hatterene|Spore|p1b: Amoonguss|[from] ability: Magic Bounce
|-status|p1b: Amoonguss|slp|[from] move: Spore
|move|p2a: Hatterene|Expanding Force|p1a: Gholdengo|[spread] p1a,p1b
|-resisted|p1a: Gholdengo
|-damage|p1a: Gholdengo|41/100
|-damage|p1b: Amoonguss|21/100 slp
|-damage|p2a: Hatterene|57/100|[from] item: Life Orb
|move|p2b: Indeedee|Trick Room|p2b: Indeedee
|-fieldstart|move: Trick Room|[of] p2b: Indeedee
|
|upkeep
|turn|2
|inactive|yetiyoupi has 30 seconds left.
|inactive|cloudlime has 30 seconds left.
|inactive|yetiyoupi has 20 seconds left.
|inactive|yetiyoupi has 15 seconds left.
|-message|yetiyoupi forfeited.
|
|win|cloudlime
|l|☆yetiyoupi
|player|p1|
||cloudlime is ready for game 3.
||yetiyoupi is ready for game 3.
|uhtml|next|Next: Game 3 of 3
