|j|☆King_shuckle17
|j|☆Rockslap
|html|King_shuckle17Rockslap    
|uhtml|bestof|Game 1 of a best-of-3
|t:|1757045923
|gametype|doubles
|player|p1|King_shuckle17|lusamine-masters|1181
|player|p2|Rockslap|101|1284
|gen|9
|tier|[Gen 9] VGC 2025 Reg H (Bo3)
|rated|
|rule|Species Clause: Limit one of each Pokémon
|rule|Item Clause: Limit 1 of each item
|clearpoke
|poke|p1|Pelipper, L50, F|
|poke|p1|Archaludon, L50, M|
|poke|p1|Grimmsnarl, L50, M|
|poke|p1|Overqwil, L50, F|
|poke|p1|Sinistcha, L50|
|poke|p1|Annihilape, L50, F|
|poke|p2|Kommo-o, L50, M|
|poke|p2|Incineroar, L50, F|
|poke|p2|Rillaboom, L50, F|
|poke|p2|Volcarona, L50, M|
|poke|p2|Electabuzz, L50, M|
|poke|p2|Golduck, L50, M|
|teampreview|4
|showteam|p1|Pelipper||FocusSash|Drizzle|Hurricane,WeatherBall,Tailwind,Protect|||F|||50|,,,,,Ghost]Archaludon||AssaultVest|Stamina|ElectroShot,DragonPulse,FlashCannon,BodyPress|||M|||50|,,,,,Fairy]Grimmsnarl||LightClay|Prankster|LightScreen,Reflect,SpiritBreak,SuckerPunch|||M|||50|,,,,,Ghost]Overqwil||LifeOrb|SwiftSwim|PoisonJab,Crunch,Haze,Protect|||F|||50|,,,,,Grass]Sinistcha||SitrusBerry|Hospitality|MatchaGotcha,RagePowder,StrengthSap,Protect||||||50|,,,,,Dark]Annihilape||SafetyGoggles|Defiant|RageFist,DrainPunch,BulkUp,Protect|||F|||50|,,,,,Fire
|showteam|p2|Kommo-o||ThroatSpray|Soundproof|ClangingScales,FlashCannon,ClangorousSoul,Protect|||M|||50|,,,,,Steel]Incineroar||SafetyGoggles|Intimidate|FakeOut,KnockOff,PartingShot,FlareBlitz|||F|||50|,,,,,Bug]Rillaboom||AssaultVest|GrassySurge|FakeOut,WoodHammer,HighHorsepower,GrassyGlide|||F|||50|,,,,,Water]Volcarona||SitrusBerry|FlameBody|QuiverDance,HeatWave,TeraBlast,Protect|||M|||50|,,,,,Fairy]Electabuzz||Eviolite|VitalSpirit|Protect,Electroweb,Taunt,FollowMe|||M|||50|,,,,,Fairy]Golduck||CovertCloak|CloudNine|IcyWind,SimpleBeam,HelpingHand,Encore|||M|||50|,,,,,Poison
|j| teamthief420
|inactive|Battle timer is ON: inactive players will automatically lose when time's up. (requested by King_shuckle17)
|
|t:|1757045948
|teamsize|p1|4
|teamsize|p2|4
|start
|switch|p1a: Annihilape|Annihilape, L50, F|100/100
|switch|p1b: Grimmsnarl|Grimmsnarl, L50, M|100/100
|switch|p2a: Kommo-o|Kommo-o, L50, M, shiny|100/100
|switch|p2b: Golduck|Golduck, L50, M|100/100
|-ability|p2b: Golduck|Cloud Nine
|turn|1
|inactive|Rockslap has 30 seconds left.
|
|t:|1757045977
|move|p2a: Kommo-o|Protect|p2a: Kommo-o
|-singleturn|p2a: Kommo-o|Protect
|move|p2b: Golduck|Encore||[still]
|-fail|p2b: Golduck
|move|p1a: Annihilape|Drain Punch|p2a: Kommo-o
|-activate|p2a: Kommo-o|move: Protect
|move|p1b: Grimmsnarl|Spirit Break|p2a: Kommo-o
|-activate|p2a: Kommo-o|move: Protect
|
|upkeep
|turn|2
|inactive|Rockslap has 30 seconds left.
|inactive|Rockslap has 20 seconds left.
|inactive|Rockslap has 15 seconds left.
|inactive|Rockslap has 10 seconds left.
|inactive|Rockslap has 5 seconds left.
|
|t:|1757046029
|switch|p1a: Overqwil|Overqwil, L50, F|100/100
|-terastallize|p2a: Kommo-o|Steel
|move|p1b: Grimmsnarl|Light Screen|p1b: Grimmsnarl
|-sidestart|p1: King_shuckle17|move: Light Screen
|move|p2b: Golduck|Simple Beam|p2a: Kommo-o
|-ability|p2a: Kommo-o|Simple|Soundproof|[from] move: Simple Beam
|move|p2a: Kommo-o|Clangorous Soul|p2a: Kommo-o
|-boost|p2a: Kommo-o|atk|2
|-boost|p2a: Kommo-o|def|2
|-boost|p2a: Kommo-o|spa|2
|-boost|p2a: Kommo-o|spd|2
|-boost|p2a: Kommo-o|spe|2
|-damage|p2a: Kommo-o|68/100
|-enditem|p2a: Kommo-o|Throat Spray
|-boost|p2a: Kommo-o|spa|2|[from] item: Throat Spray
|
|upkeep
|turn|3
|
|t:|1757046048
|move|p2b: Golduck|Helping Hand|p2a: Kommo-o
|-singleturn|p2a: Kommo-o|Helping Hand|[of] p2b: Golduck
|move|p1b: Grimmsnarl|Sucker Punch|p2a: Kommo-o
|-damage|p2a: Kommo-o|54/100
|move|p2a: Kommo-o|Clanging Scales|p1a: Overqwil|[spread] p1a
|-immune|p1b: Grimmsnarl
|-damage|p1a: Overqwil|0 fnt
|faint|p1a: Overqwil
|-unboost|p2a: Kommo-o|def|2
|
|upkeep
|
|t:|1757046056
|switch|p1a: Pelipper|Pelipper, L50, F|100/100
|-weather|RainDance|[from] ability: Drizzle|[of] p1a: Pelipper
|turn|4
|-message|King_shuckle17 forfeited.
|
|win|Rockslap
|l|☆King_shuckle17
|player|p1|
||King_shuckle17 is ready for game 2.
||Rockslap is ready for game 2.
|uhtml|next|Next: Game 2 of 3
|l| teamthief420
|l|☆Rockslap
|player|p2|
|j|☆King_shuckle17
|player|p1|King_shuckle17|lusamine-masters|
