|j|☆ianne wildfyre
|j|☆gene takavic
|html|ianne wildfyregene takavic    
|uhtml|bestof|Game 2 of a best-of-3
|t:|1756355266
|gametype|doubles
|player|p1|ianne wildfyre|ingo|1108
|player|p2|gene takavic|pryce|1063
|gen|9
|tier|[Gen 9] VGC 2025 Reg H (Bo3)
|rated|
|rule|Species Clause: Limit one of each Pokémon
|rule|Item Clause: Limit 1 of each item
|clearpoke
|poke|p1|Reuniclus, L50, F|
|poke|p1|Tyranitar, L50, F|
|poke|p1|Amoonguss, L50, M|
|poke|p1|Indeedee-F, L50, F|
|poke|p1|Sneasler, L50, F|
|poke|p1|Ursaluna, L50, F|
|poke|p2|Charizard, L50, F|
|poke|p2|Torkoal, L50, F|
|poke|p2|Porygon2, L50|
|poke|p2|Incineroar, L50, F|
|poke|p2|Jumpluff, L50, F|
|poke|p2|Ursaluna, L50, F|
|teampreview|4
|showteam|p1|Reuniclus||LifeOrb|MagicGuard|ExpandingForce,FocusBlast,TrickRoom,Protect|||F|||50|,,,,,Water]Tyranitar||AssaultVest|SandStream|RockSlide,KnockOff,TeraBlast,LowKick|||F|||50|,,,,,Flying]Amoonguss||SitrusBerry|Regenerator|Spore,Protect,RagePowder,PollenPuff|||M|||50|,,,,,Water]Indeedee-F||SafetyGoggles|PsychicSurge|Psychic,FollowMe,HelpingHand,TrickRoom|||F|||50|,,,,,Fairy]Sneasler||PsychicSeed|Unburden|ThroatChop,CloseCombat,DireClaw,Protect|||F|||50|,,,,,Dark]Ursaluna||FlameOrb|Guts|Facade,Earthquake,HeadlongRush,Protect|||F|||50|,,,,,Ghost
|showteam|p2|Charizard||ChoiceSpecs|SolarPower|HeatWave,Overheat,WeatherBall,AirSlash|||F|||50|,,,,,Ghost]Torkoal||EjectPack|Drought|Eruption,Overheat,HelpingHand,Protect|||F|||50|,,,,,Fire]Porygon2||Eviolite|Download|TeraBlast,IceBeam,Recover,TrickRoom||||||50|,,,,,Fighting]Incineroar||SitrusBerry|Intimidate|FlareBlitz,KnockOff,FakeOut,PartingShot|||F|||50|,,,,,Ghost]Jumpluff||CovertCloak|Chlorophyll|SleepPowder,SunnyDay,RagePowder,Tailwind|||F|||50|,,,,,Water]Ursaluna||FlameOrb|Guts|HeadlongRush,Facade,Earthquake,Protect|||F|||50|,,,,,Ghost
|inactive|Battle timer is ON: inactive players will automatically lose when time's up. (requested by gene takavic)
|inactive|gene takavic has 60 seconds left.
|
|t:|1756355298
|teamsize|p1|4
|teamsize|p2|4
|start
|switch|p1a: Reuniclus|Reuniclus, L50, F|100/100
|switch|p1b: Indeedee|Indeedee-F, L50, F|100/100
|switch|p2a: Charizard|Charizard, L50, F|100/100
|switch|p2b: Ursaluna|Ursaluna, L50, F|100/100
|-fieldstart|move: Psychic Terrain|[from] ability: Psychic Surge|[of] p1b: Indeedee
|turn|1
|inactive|ianne wildfyre has 30 seconds left.
|
|t:|1756355336
|-terastallize|p1a: Reuniclus|Water
|move|p1b: Indeedee|Helping Hand|p1a: Reuniclus
|-singleturn|p1a: Reuniclus|Helping Hand|[of] p1b: Indeedee
|move|p2a: Charizard|Overheat|p1b: Indeedee
|-damage|p1b: Indeedee|17/100
|-unboost|p2a: Charizard|spa|2
|move|p2b: Ursaluna|Headlong Rush|p1a: Reuniclus
|-damage|p1a: Reuniclus|24/100
|-unboost|p2b: Ursaluna|def|1
|-unboost|p2b: Ursaluna|spd|1
|move|p1a: Reuniclus|Expanding Force|p2b: Ursaluna|[spread] p2a,p2b
|-crit|p2a: Charizard
|-damage|p2a: Charizard|0 fnt
|-damage|p2b: Ursaluna|0 fnt
|faint|p2a: Charizard
|faint|p2b: Ursaluna
|
|upkeep
|
|t:|1756355347
|switch|p2a: Incineroar|Incineroar, L50, F|100/100
|switch|p2b: Torkoal|Torkoal, L50, F|100/100
|-ability|p2a: Incineroar|Intimidate|boost
|-unboost|p1a: Reuniclus|atk|1
|-unboost|p1b: Indeedee|atk|1
|-weather|SunnyDay|[from] ability: Drought|[of] p2b: Torkoal
|turn|2
|
|t:|1756355356
|switch|p1b: Tyranitar|Tyranitar, L50, F, shiny|100/100
|-weather|Sandstorm|[from] ability: Sand Stream|[of] p1b: Tyranitar
|move|p1a: Reuniclus|Protect|p1a: Reuniclus
|-singleturn|p1a: Reuniclus|Protect
|move|p2a: Incineroar|Knock Off|p1a: Reuniclus
|-activate|p1a: Reuniclus|move: Protect
|move|p2b: Torkoal|Eruption|p1b: Tyranitar|[spread] p1b
|-activate|p1a: Reuniclus|move: Protect
|-resisted|p1b: Tyranitar
|-damage|p1b: Tyranitar|92/100
|
|-weather|Sandstorm|[upkeep]
|-damage|p2a: Incineroar|95/100|[from] Sandstorm
|-damage|p2b: Torkoal|94/100|[from] Sandstorm
|upkeep
|turn|3
|
|t:|1756355379
|move|p2a: Incineroar|Knock Off|p1a: Reuniclus
|-damage|p1a: Reuniclus|0 fnt
|-enditem|p1a: Reuniclus|Life Orb|[from] move: Knock Off|[of] p2a: Incineroar
|faint|p1a: Reuniclus
|move|p1b: Tyranitar|Rock Slide|p2b: Torkoal|[spread] p2a,p2b
|-supereffective|p2a: Incineroar
|-supereffective|p2b: Torkoal
|-damage|p2a: Incineroar|41/100
|-damage|p2b: Torkoal|49/100
|-enditem|p2a: Incineroar|Sitrus Berry|[eat]
|-heal|p2a: Incineroar|66/100|[from] item: Sitrus Berry
|cant|p2b: Torkoal|flinch
|
|-weather|Sandstorm|[upkeep]
|-damage|p2a: Incineroar|60/100|[from] Sandstorm
|-damage|p2b: Torkoal|43/100|[from] Sandstorm
|upkeep
|
|t:|1756355388
|switch|p1a: Indeedee|Indeedee-F, L50, F|17/100
|turn|4
|
|t:|1756355399
|move|p1a: Indeedee|Helping Hand|p1b: Tyranitar
|-singleturn|p1b: Tyranitar|Helping Hand|[of] p1a: Indeedee
|move|p2a: Incineroar|Knock Off|p1a: Indeedee
|-supereffective|p1a: Indeedee
|-damage|p1a: Indeedee|0 fnt
|-enditem|p1a: Indeedee|Safety Goggles|[from] move: Knock Off|[of] p2a: Incineroar
|faint|p1a: Indeedee
|move|p1b: Tyranitar|Rock Slide|p2a: Incineroar|[spread] p2a,p2b
|-supereffective|p2a: Incineroar
|-supereffective|p2b: Torkoal
|-damage|p2a: Incineroar|0 fnt
|-damage|p2b: Torkoal|0 fnt
|faint|p2a: Incineroar
|faint|p2b: Torkoal
|
|win|ianne wildfyre
|raw|ianne wildfyre's rating: 1108 → 1130(+22 for winning)
|raw|gene takavic's rating: 1063 → 1046(-17 for losing)
