|j|☆lux raymundi
|j|☆ronzthebonz
|html|lux raymundironzthebonz    
|uhtml|bestof|Game 2 of a best-of-3
|t:|1782331570
|gametype|doubles
|player|p1|lux raymundi|169|1229
|player|p2|ronzthebonz|170|1309
|gen|9
|tier|[Gen 9 Champions] VGC 2026 Reg M-B (Bo3)
|rated|
|rule|Species Clause: Limit one of each Pokémon
|rule|Item Clause: Limit 1 of each item
|clearpoke
|poke|p1|Farigiraf, L50, F|
|poke|p1|Floette-Eternal, L50, F|
|poke|p1|Basculegion, L50, M|
|poke|p1|Sneasler, L50, F|
|poke|p1|Sinistcha, L50|
|poke|p1|Delphox, L50, F|
|poke|p2|Archaludon, L50, M|
|poke|p2|Sableye, L50, M|
|poke|p2|Pelipper, L50, F|
|poke|p2|Sinistcha, L50|
|poke|p2|Venusaur, L50, M|
|poke|p2|Kingambit, L50, M|
|teampreview|4
|showteam|p1|Farigiraf||SitrusBerry|ArmorTail|TrickRoom,HelpingHand,Protect,TwinBeam|Bold||F|||50|]Floette-Eternal||Floettite|FlowerVeil|CalmMind,DazzlingGleam,Moonblast,Protect|Modest||F|||50|]Basculegion||FocusSash|Adaptability|AquaJet,Liquidation,LastRespects,Protect|Adamant||M|||50|]Sneasler||WhiteHerb|Unburden|FakeOut,CloseCombat,DireClaw,Protect|Jolly||F|||50|]Sinistcha||KasibBerry|Hospitality|MatchaGotcha,RagePowder,TrickRoom,LifeDew|Serious|||||50|]Delphox||Delphoxite|Blaze|NastyPlot,HeatWave,Psychic,Protect|Timid||F|||50|
|showteam|p2|Archaludon||Leftovers|Stamina|ElectroShot,DragonPulse,FlashCannon,Protect|Modest||M|||50|]Sableye||LightClay|Prankster|LightScreen,Reflect,RainDance,Encore|Calm||M|||50|]Pelipper||SitrusBerry|Drizzle|WeatherBall,Hurricane,Tailwind,WideGuard|Modest||F|||50|]Sinistcha||KasibBerry|Hospitality|MatchaGotcha,RagePowder,LifeDew,TrickRoom|Bold|||||50|]Venusaur||Venusaurite|Overgrow|GigaDrain,SludgeBomb,EarthPower,Protect|Modest||M|||50|]Kingambit||FocusSash|Defiant|KowtowCleave,IronHead,LowKick,SuckerPunch|Adamant||M|||50|
|inactive|Battle timer is ON: inactive players will automatically lose when time's up. (requested by ronzthebonz)
|
|t:|1782331605
|teamsize|p1|4
|teamsize|p2|4
|start
|switch|p1a: Sneasler|Sneasler, L50, F|100/100
|switch|p1b: Delphox|Delphox, L50, F|100/100
|switch|p2a: Venusaur|Venusaur, L50, M|100/100
|switch|p2b: Sableye|Sableye, L50, M|100/100
|turn|1
|inactive|lux raymundi has 30 seconds left.
|
|t:|1782331633
|detailschange|p1b: Delphox|Delphox-Mega, L50, F
|-mega|p1b: Delphox|Delphox|Delphoxite
|detailschange|p2a: Venusaur|Venusaur-Mega, L50, M
|-mega|p2a: Venusaur|Venusaur|Venusaurite
|move|p1a: Sneasler|Fake Out|p2a: Venusaur
|-damage|p2a: Venusaur|88/100
|move|p2b: Sableye|Light Screen|p2b: Sableye
|-sidestart|p2: ronzthebonz|move: Light Screen
|move|p1b: Delphox|Heat Wave|p2b: Sableye|[spread] p2a,p2b
|-supereffective|p2a: Venusaur|1
|-damage|p2a: Venusaur|66/100
|-damage|p2b: Sableye|66/100
|-status|p2b: Sableye|brn
|cant|p2a: Venusaur|flinch
|
|-damage|p2b: Sableye|61/100 brn|[from] brn
|upkeep
|turn|2
|
|t:|1782331651
|move|p2a: Venusaur|Protect|p2a: Venusaur
|-singleturn|p2a: Venusaur|Protect
|move|p2b: Sableye|Reflect|p2b: Sableye
|-sidestart|p2: ronzthebonz|Reflect
|move|p1b: Delphox|Psychic|p2a: Venusaur
|-activate|p2a: Venusaur|move: Protect
|move|p1a: Sneasler|Close Combat|p2a: Venusaur
|-activate|p2a: Venusaur|move: Protect
|
|-damage|p2b: Sableye|55/100 brn|[from] brn
|upkeep
|turn|3
|inactive|ronzthebonz has 30 seconds left.
|
|t:|1782331682
|switch|p1a: Sinistcha|Sinistcha, L50|100/100
|switch|p2b: Sinistcha|Sinistcha, L50|100/100
|-heal|p2a: Venusaur|90/100|[from] ability: Hospitality|[of] p2b: Sinistcha
|move|p1b: Delphox|Nasty Plot|p1b: Delphox
|-boost|p1b: Delphox|spa|2
|move|p2a: Venusaur|Earth Power|p1a: Sinistcha
|-resisted|p1a: Sinistcha|1
|-damage|p1a: Sinistcha|85/100
|
|upkeep
|turn|4
|-message|ronzthebonz forfeited.
|raw|lux raymundi's rating: 1229 → 1260(+31 for winning)
|raw|ronzthebonz's rating: 1309 → 1284(-25 for losing)
|
|win|lux raymundi
