|j|☆alasdiego
|j|☆TONKMAN
|html|alasdiegoTONKMAN    
|uhtml|bestof|Game 1 of a best-of-3
|t:|1757626040
|gametype|doubles
|player|p1|alasdiego|102|1131
|player|p2|TONKMAN|crasherwake|1070
|gen|9
|tier|[Gen 9] VGC 2025 Reg H (Bo3)
|rated|
|rule|Species Clause: Limit one of each Pokémon
|rule|Item Clause: Limit 1 of each item
|clearpoke
|poke|p1|Indeedee-F, L50, F|
|poke|p1|Hatterene, L50, F|
|poke|p1|Torkoal, L50, F|
|poke|p1|Lilligant-Hisui, L50, F|
|poke|p1|Ursaluna, L50, F|
|poke|p1|Gallade, L50, M|
|poke|p2|Vivillon, L50, M|
|poke|p2|Garchomp, L50, M|
|poke|p2|Primarina, L50, F|
|poke|p2|Porygon2, L50|
|poke|p2|Incineroar, L50, M|
|poke|p2|Gholdengo, L50|
|teampreview|4
|showteam|p1|Indeedee-F||PsychicSeed|PsychicSurge|FollowMe,Psychic,HelpingHand,TrickRoom|||F|||50|,,,,,Grass]Hatterene||LifeOrb|MagicBounce|ExpandingForce,DazzlingGleam,TrickRoom,Protect|||F|||50|,,,,,Fire]Torkoal||Charcoal|Drought|Eruption,WeatherBall,ClearSmog,Protect|||F|||50|,,,,,Fire]Lilligant-Hisui||FocusSash|Chlorophyll|SleepPowder,AfterYou,LeafBlade,CloseCombat|||F|||50|,,,,,Ghost]Ursaluna||FlameOrb|Guts|HeadlongRush,Facade,Earthquake,Protect|||F|||50|,,,,,Ghost]Gallade||ClearAmulet|Sharpness|SacredSword,PsychoCut,WideGuard,TrickRoom|||M|||50|,,,,,Grass
|showteam|p2|Vivillon||FocusSash|CompoundEyes|Hurricane,SleepPowder,RagePowder,Protect|||M|||50|,,,,,Ghost]Garchomp||LifeOrb|RoughSkin|DragonClaw,Earthquake,StompingTantrum,Protect|||M|||50|,,,,,Steel]Primarina||SitrusBerry|LiquidVoice|HyperVoice,Moonblast,Haze,Protect|||F|||50|,,,,,Poison]Porygon2||Eviolite|Download|TeraBlast,IceBeam,TrickRoom,Recover||||||50|,,,,,Ground]Incineroar||SafetyGoggles|Intimidate|FakeOut,FlareBlitz,KnockOff,PartingShot|||M|||50|,,,,,Ghost]Gholdengo||Leftovers|GoodasGold|MakeItRain,ShadowBall,NastyPlot,Protect||||||50|,,,,,Flying
|inactive|Battle timer is ON: inactive players will automatically lose when time's up. (requested by alasdiego)
|inactive|alasdiego has 60 seconds left.
|
|t:|1757626099
|teamsize|p1|4
|teamsize|p2|4
|start
|switch|p1a: Torkoal|Torkoal, L50, F|100/100
|switch|p1b: Lilligant|Lilligant-Hisui, L50, F|100/100
|switch|p2a: Vivillon|Vivillon, L50, M|100/100
|switch|p2b: Garchomp|Garchomp, L50, M|100/100
|-weather|SunnyDay|[from] ability: Drought|[of] p1a: Torkoal
|turn|1
|
|t:|1757626113
|-terastallize|p1a: Torkoal|Fire
|move|p1b: Lilligant|After You|p1a: Torkoal
|-activate|p1a: Torkoal|move: After You
|move|p1a: Torkoal|Eruption|p2b: Garchomp|[spread] p2a,p2b
|-supereffective|p2a: Vivillon
|-resisted|p2b: Garchomp
|-enditem|p2a: Vivillon|Focus Sash
|-damage|p2a: Vivillon|1/100
|-damage|p2b: Garchomp|31/100
|move|p2b: Garchomp|Earthquake|p1b: Lilligant|[spread] p1a,p1b
|-immune|p2a: Vivillon
|-supereffective|p1a: Torkoal
|-resisted|p1b: Lilligant
|-damage|p1a: Torkoal|21/100
|-damage|p1b: Lilligant|63/100
|-damage|p2b: Garchomp|21/100|[from] item: Life Orb
|move|p2a: Vivillon|Hurricane|p1b: Lilligant
|-supereffective|p1b: Lilligant
|-damage|p1b: Lilligant|0 fnt
|faint|p1b: Lilligant
|
|-weather|SunnyDay|[upkeep]
|upkeep
|
|t:|1757626131
|switch|p1b: Indeedee|Indeedee-F, L50, F|100/100
|-fieldstart|move: Psychic Terrain|[from] ability: Psychic Surge|[of] p1b: Indeedee
|-enditem|p1b: Indeedee|Psychic Seed
|-boost|p1b: Indeedee|spd|1|[from] item: Psychic Seed
|turn|2
|
|t:|1757626141
|move|p1a: Torkoal|Protect|p1a: Torkoal
|-singleturn|p1a: Torkoal|Protect
|move|p2b: Garchomp|Earthquake|p1a: Torkoal|[spread] p1b
|-activate|p1a: Torkoal|move: Protect
|-immune|p2a: Vivillon
|-damage|p1b: Indeedee|54/100
|-damage|p2b: Garchomp|11/100|[from] item: Life Orb
|move|p2a: Vivillon|Sleep Powder|p1b: Indeedee
|-status|p1b: Indeedee|slp|[from] move: Sleep Powder
|cant|p1b: Indeedee|slp
|
|-weather|SunnyDay|[upkeep]
|upkeep
|turn|3
|inactive|alasdiego has 30 seconds left.
|inactive|alasdiego has 20 seconds left.
|
|t:|1757626178
|move|p2b: Garchomp|Earthquake|p1a: Torkoal|[spread] p1a,p1b
|-immune|p2a: Vivillon
|-supereffective|p1a: Torkoal
|-damage|p1a: Torkoal|0 fnt
|-damage|p1b: Indeedee|5/100 slp
|faint|p1a: Torkoal
|-damage|p2b: Garchomp|2/100|[from] item: Life Orb
|move|p2a: Vivillon|Hurricane|p1b: Indeedee
|-damage|p1b: Indeedee|0 fnt
|faint|p1b: Indeedee
|
|-weather|SunnyDay|[upkeep]
|upkeep
|inactive|alasdiego has 30 seconds left.
|
|t:|1757626205
|switch|p1b: Hatterene|Hatterene, L50, F|100/100
|turn|4
|
|t:|1757626216
|move|p2b: Garchomp|Earthquake|p1b: Hatterene|[spread] p1b
|-immune|p2a: Vivillon
|-damage|p1b: Hatterene|46/100
|-damage|p2b: Garchomp|0 fnt|[from] item: Life Orb
|faint|p2b: Garchomp
|move|p2a: Vivillon|Hurricane|p1b: Hatterene
|-damage|p1b: Hatterene|0 fnt
|faint|p1b: Hatterene
|
|win|TONKMAN
||TONKMAN is ready for game 2.
|inactive|alasdiego has 30 seconds to confirm battle start!
|inactive|alasdiego has 20 seconds to confirm battle start!
|inactive|alasdiego has 10 seconds to confirm battle start!
|uhtml|next|Next: Game 2 of 3
