|j|☆gruby_2
|j|☆icedoutobama
|html|gruby_2icedoutobama    
|uhtml|bestof|Game 1 of a best-of-3
|t:|1757004633
|gametype|doubles
|player|p1|gruby_2|medium|1013
|player|p2|icedoutobama|skier|1054
|gen|9
|tier|[Gen 9] VGC 2025 Reg H (Bo3)
|rated|
|rule|Species Clause: Limit one of each Pokémon
|rule|Item Clause: Limit 1 of each item
|clearpoke
|poke|p1|Archaludon, L50, F|
|poke|p1|Whimsicott, L50, F|
|poke|p1|Pelipper, L50, F|
|poke|p1|Dragonite, L50, F|
|poke|p1|Basculegion, L50, M|
|poke|p1|Incineroar, L50, F|
|poke|p2|Murkrow, L50, M|
|poke|p2|Abomasnow, L50, F|
|poke|p2|Indeedee, L50, M|
|poke|p2|Sneasler, L50, M|
|poke|p2|Gholdengo, L50|
|poke|p2|Basculegion, L50, M|
|teampreview|4
|showteam|p1|Archaludon||AssaultVest|Stamina|ElectroShot,DracoMeteor,BodyPress,Snarl|||F|||50|,,,,,Ghost]Whimsicott||CovertCloak|Prankster|BeatUp,Encore,Tailwind,Moonblast|||F|||50|,,,,,Dark]Pelipper||FocusSash|Drizzle|Hurricane,WeatherBall,Protect,Tailwind|||F|||50|,,,,,Ghost]Dragonite||LoadedDice|InnerFocus|Haze,ScaleShot,ExtremeSpeed,Protect|||F|||50|,,,,,Steel]Basculegion||ChoiceBand|SwiftSwim|LastRespects,WaveCrash,AquaJet,FlipTurn|||M|||50|,,,,,Water]Incineroar||SafetyGoggles|Intimidate|FakeOut,KnockOff,WillOWisp,PartingShot|||F|||50|,,,,,Water
|showteam|p2|Murkrow||Eviolite|Prankster|FoulPlay,Tailwind,Haze,Protect|||M|||50|,,,,,Ghost]Abomasnow||AssaultVest|SnowWarning|Blizzard,LeafStorm,EarthPower,WeatherBall|||F|||50|,,,,,Fire]Indeedee||FocusSash|PsychicSurge|ExpandingForce,TeraBlast,Imprison,TrickRoom|||M|||50|,,,,,Fighting]Sneasler||PsychicSeed|Unburden|DireClaw,CloseCombat,ThroatChop,Protect|||M|||50|,,,,,Dark]Gholdengo||LifeOrb|GoodasGold|MakeItRain,ShadowBall,NastyPlot,Protect||||||50|,,,,,Steel]Basculegion||ChoiceScarf|Adaptability|WaveCrash,LastRespects,AquaJet,FlipTurn|||M|||50|,,,,,Grass
|inactive|Battle timer is ON: inactive players will automatically lose when time's up. (requested by gruby_2)
|inactive|icedoutobama also wants the timer to be on.
|inactive|gruby_2 has 60 seconds left.
|
|t:|1757004666
|teamsize|p1|4
|teamsize|p2|4
|start
|switch|p1a: Pelipper|Pelipper, L50, F|100/100
|switch|p1b: Basculegion|Basculegion, L50, M|100/100
|switch|p2a: Brynden Rivers|Murkrow, L50, M|100/100
|switch|p2b: Longclaw|Sneasler, L50, M, shiny|100/100
|-weather|RainDance|[from] ability: Drizzle|[of] p1a: Pelipper
|turn|1
|
|t:|1757004689
|move|p2b: Longclaw|Protect|p2b: Longclaw
|-singleturn|p2b: Longclaw|Protect
|move|p1b: Basculegion|Wave Crash|p2b: Longclaw
|-activate|p2b: Longclaw|move: Protect
|move|p1a: Pelipper|Tailwind|p1a: Pelipper
|-sidestart|p1: gruby_2|move: Tailwind
|move|p2a: Brynden Rivers|Foul Play|p1b: Basculegion
|-supereffective|p1b: Basculegion
|-damage|p1b: Basculegion|0 fnt
|faint|p1b: Basculegion
|
|-weather|RainDance|[upkeep]
|upkeep
|
|t:|1757004698
|switch|p1b: Archaludon|Archaludon, L50, F|100/100
|turn|2
|
|t:|1757004708
|move|p2a: Brynden Rivers|Tailwind|p2a: Brynden Rivers
|-sidestart|p2: icedoutobama|move: Tailwind
|move|p2b: Longclaw|Dire Claw|p1a: Pelipper
|-damage|p1a: Pelipper|41/100
|move|p1b: Archaludon|Electro Shot||[still]
|-prepare|p1b: Archaludon|Electro Shot
|-boost|p1b: Archaludon|spa|1
|-anim|p1b: Archaludon|Electro Shot|p2a: Brynden Rivers
|-supereffective|p2a: Brynden Rivers
|-damage|p2a: Brynden Rivers|0 fnt
|faint|p2a: Brynden Rivers
|move|p1a: Pelipper|Hurricane|p2b: Longclaw
|-supereffective|p2b: Longclaw
|-damage|p2b: Longclaw|0 fnt
|faint|p2b: Longclaw
|
|-weather|RainDance|[upkeep]
|upkeep
|
|t:|1757004717
|switch|p2b: Houndfish|Basculegion, L50, M, shiny|100/100
|switch|p2a: MDD|Indeedee, L50, M, shiny|100/100
|-fieldstart|move: Psychic Terrain|[from] ability: Psychic Surge|[of] p2a: MDD
|turn|3
|
|t:|1757004738
|-terastallize|p1b: Archaludon|Ghost
|move|p2b: Houndfish|Last Respects|p1b: Archaludon
|-supereffective|p1b: Archaludon
|-damage|p1b: Archaludon|0 fnt
|faint|p1b: Archaludon
|move|p2a: MDD|Expanding Force|p1a: Pelipper
|-damage|p1a: Pelipper|0 fnt
|faint|p1a: Pelipper
|
|-weather|RainDance|[upkeep]
|upkeep
|-message|gruby_2 forfeited.
|
|win|icedoutobama
