|j|☆exessvgc
|j|☆detrimentalkev
|html|exessvgcdetrimentalkev    
|uhtml|bestof|Game 3 of a best-of-3
|t:|1783778987
|gametype|doubles
|player|p1|exessvgc|lucas|1146
|player|p2|detrimentalkev|266|1121
|gen|9
|tier|[Gen 9 Champions] VGC 2026 Reg M-B (Bo3)
|rated|
|rule|Species Clause: Limit one of each Pokémon
|rule|Item Clause: Limit 1 of each item
|clearpoke
|poke|p1|Aerodactyl, L50, M|
|poke|p1|Raichu, L50, M|
|poke|p1|Charizard, L50, F|
|poke|p1|Whimsicott, L50, M|
|poke|p1|Basculegion, L50, M|
|poke|p1|Garchomp, L50, F|
|poke|p2|Drampa, L50, M|
|poke|p2|Farigiraf, L50, M|
|poke|p2|Gholdengo, L50|
|poke|p2|Tauros-Paldea-Aqua, L50, M|
|poke|p2|Grimmsnarl, L50, M|
|poke|p2|Delphox, L50, F|
|teampreview|4
|showteam|p1|Aerodactyl||Aerodactylite|Unnerve|IceFang,DualWingbeat,RockSlide,WideGuard|Jolly||M|||50|]Raichu||RaichuniteY|LightningRod|FocusBlast,ZapCannon,FakeOut,Protect|Timid||M|||50|]Charizard||CharizarditeY|SolarPower|WeatherBall,HeatWave,SolarBeam,Protect|Modest||F|||50|]Whimsicott||FocusSash|Prankster|Moonblast,Tailwind,SunnyDay,Protect|Timid||M|||50|]Basculegion||MysticWater|Adaptability|WaveCrash,LastRespects,FlipTurn,Protect|Adamant||M|||50|]Garchomp||LifeOrb|RoughSkin|Protect,DragonClaw,StompingTantrum,Earthquake|Adamant||F|||50|
|showteam|p2|Drampa||Drampanite|CloudNine|CalmMind,HyperVoice,DragonPulse,Protect|Modest||M|||50|]Farigiraf||ColburBerry|ArmorTail|Psychic,TrickRoom,HelpingHand,Reflect|Sassy||M|||50|]Gholdengo||Leftovers|GoodasGold|MakeItRain,ShadowBall,NastyPlot,Protect|Timid|||||50|]Tauros-Paldea-Aqua||WhiteHerb|Intimidate|CloseCombat,Protect,WaveCrash,AquaJet|Jolly||M|||50|]Grimmsnarl||LightClay|Prankster|Reflect,PartingShot,FakeOut,SpiritBreak|Careful||M|||50|]Delphox||Delphoxite|Blaze|HeatWave,PsychicNoise,CalmMind,Protect|Timid||F|||50|
|inactive|Battle timer is ON: inactive players will automatically lose when time's up. (requested by exessvgc)
|
|t:|1783779012
|teamsize|p1|4
|teamsize|p2|4
|start
|switch|p1a: Basculegion|Basculegion, L50, M|100/100
|switch|p1b: Pietro|Raichu, L50, M|100/100
|switch|p2a: Drampa|Drampa, L50, M|100/100
|switch|p2b: Farigiraf|Farigiraf, L50, M|100/100
|-ability|p2a: Drampa|Cloud Nine
|turn|1
|inactive|detrimentalkev has 30 seconds left.
|
|t:|1783779041
|detailschange|p1b: Pietro|Raichu-Mega-Y, L50, M
|-mega|p1b: Pietro|Raichu|Raichunite Y
|move|p2a: Drampa|Protect|p2a: Drampa
|-singleturn|p2a: Drampa|Protect
|move|p1b: Pietro|Zap Cannon|p2b: Farigiraf
|-damage|p2b: Farigiraf|44/100
|-status|p2b: Farigiraf|par
|move|p1a: Basculegion|Wave Crash|p2b: Farigiraf
|-damage|p2b: Farigiraf|0 fnt
|faint|p2b: Farigiraf
|-damage|p1a: Basculegion|84/100|[from] Recoil
|
|upkeep
|
|t:|1783779052
|switch|p2b: Gholdengo|Gholdengo, L50|100/100
|turn|2
|inactive|exessvgc has 30 seconds left.
|
|t:|1783779081
|switch|p1a: Marianela|Garchomp, L50, F|100/100
|detailschange|p2a: Drampa|Drampa-Mega, L50, M
|-mega|p2a: Drampa|Drampa|Drampanite
|move|p1b: Pietro|Zap Cannon|p2b: Gholdengo
|-damage|p2b: Gholdengo|6/100
|-status|p2b: Gholdengo|par
|cant|p2b: Gholdengo|par
|move|p2a: Drampa|Calm Mind|p2a: Drampa
|-boost|p2a: Drampa|spa|1
|-boost|p2a: Drampa|spd|1
|
|-heal|p2b: Gholdengo|12/100 par|[from] item: Leftovers
|upkeep
|turn|3
|
|t:|1783779103
|switch|p2b: Grimmsnarl|Grimmsnarl, L50, M|100/100
|move|p2a: Drampa|Protect|p2a: Drampa
|-singleturn|p2a: Drampa|Protect
|move|p1b: Pietro|Focus Blast|p2a: Drampa
|-activate|p2a: Drampa|move: Protect
|move|p1a: Marianela|Dragon Claw|p2a: Drampa
|-activate|p2a: Drampa|move: Protect
|
|upkeep
|turn|4
|inactive|detrimentalkev has 30 seconds left.
|
|t:|1783779133
|move|p2b: Grimmsnarl|Fake Out|p1b: Pietro
|-damage|p1b: Pietro|77/100
|cant|p1b: Pietro|flinch
|move|p1a: Marianela|Dragon Claw|p2a: Drampa
|-supereffective|p2a: Drampa|1
|-damage|p2a: Drampa|0 fnt
|faint|p2a: Drampa
|-damage|p1a: Marianela|90/100|[from] item: Life Orb
|
|upkeep
|-message|detrimentalkev forfeited.
|raw|exessvgc's rating: 1146 → 1169(+23 for winning)
|raw|detrimentalkev's rating: 1121 → 1098(-23 for losing)
|
|win|exessvgc
|l|☆detrimentalkev
|player|p2|
