|j|☆Aketzagar18
|j|☆theyoler
|html|Aketzagar18theyoler    
|uhtml|bestof|Game 1 of a best-of-3
|t:|1783969719
|gametype|doubles
|player|p1|Aketzagar18|170|1054
|player|p2|theyoler|lusamine-nihilego|1113
|gen|9
|tier|[Gen 9 Champions] VGC 2026 Reg M-B (Bo3)
|rated|
|rule|Species Clause: Limit one of each Pokémon
|rule|Item Clause: Limit 1 of each item
|clearpoke
|poke|p1|Incineroar, L50, M|
|poke|p1|Maushold, L50|
|poke|p1|Sinistcha, L50|
|poke|p1|Sneasler, L50, M|
|poke|p1|Blastoise, L50, F|
|poke|p1|Delphox, L50, F|
|poke|p2|Farigiraf, L50, F|
|poke|p2|Camerupt, L50, F|
|poke|p2|Vivillon, L50, F|
|poke|p2|Venusaur, L50, M|
|poke|p2|Sylveon, L50, M|
|poke|p2|Kingambit, L50, M|
|teampreview|4
|showteam|p1|Incineroar||SitrusBerry|Intimidate|FakeOut,FlareBlitz,ThroatChop,PartingShot|Impish||M|||50|]Maushold||ChopleBerry|FriendGuard|SuperFang,Feint,FollowMe,Protect|Impish|||||50|]Sinistcha||KasibBerry|Hospitality|MatchaGotcha,LifeDew,RagePowder,Protect|Bold|||||50|]Sneasler||FocusSash|PoisonTouch|FakeOut,CloseCombat,DireClaw,QuickGuard|Jolly||M|||50|]Blastoise||Blastoisinite|RainDish|WaterSpout,DarkPulse,ShellSmash,Protect|Modest||F|||50|]Delphox||Delphoxite|Blaze|HeatWave,Psyshock,NastyPlot,Protect|Timid||F|||50|
|showteam|p2|Farigiraf||SitrusBerry|ArmorTail|TrickRoom,Protect,Thunderbolt,PsychicFangs|Bold||F|||50|]Camerupt||Cameruptite|SolidRock|Protect,AncientPower,EarthPower,HeatWave|Modest||F|||50|]Vivillon||FocusSash|CompoundEyes|Protect,Hurricane,SleepPowder,RagePowder|Timid||F|||50|]Venusaur||Venusaurite|Chlorophyll|Protect,EnergyBall,EarthPower,SludgeBomb|Modest||M|||50|]Sylveon||LifeOrb|Pixilate|Detect,QuickAttack,HyperVoice,HyperBeam|Modest||M|||50|]Kingambit||BlackGlasses|Defiant|Protect,SuckerPunch,SwordsDance,KowtowCleave|Adamant||M|||50|
|inactive|Battle timer is ON: inactive players will automatically lose when time's up. (requested by Aketzagar18)
|inactive|theyoler also wants the timer to be on.
|inactive|Aketzagar18 has 60 seconds left.
|inactive|theyoler has 60 seconds left.
|
|t:|1783969751
|teamsize|p1|4
|teamsize|p2|4
|start
|switch|p1a: Sneasler|Sneasler, L50, M|100/100
|switch|p1b: Delphox|Delphox, L50, F|100/100
|switch|p2a: Vivillon|Vivillon, L50, F|100/100
|switch|p2b: Farigiraf|Farigiraf, L50, F|100/100
|turn|1
|
|t:|1783969774
|move|p1b: Delphox|Protect|p1b: Delphox
|-singleturn|p1b: Delphox|Protect
|move|p1a: Sneasler|Dire Claw|p2a: Vivillon
|-damage|p2a: Vivillon|14/100
|move|p2a: Vivillon|Sleep Powder|p1b: Delphox
|-activate|p1b: Delphox|move: Protect
|move|p2b: Farigiraf|Psychic Fangs|p1a: Sneasler
|-supereffective|p1a: Sneasler|2
|-enditem|p1a: Sneasler|Focus Sash
|-damage|p1a: Sneasler|1/100
|
|upkeep
|turn|2
|inactive|Aketzagar18 has 30 seconds left.
|inactive|Aketzagar18 has 20 seconds left.
|inactive|Aketzagar18 has 15 seconds left.
|
|t:|1783969816
|detailschange|p1b: Delphox|Delphox-Mega, L50, F
|-mega|p1b: Delphox|Delphox|Delphoxite
|move|p2a: Vivillon|Protect|p2a: Vivillon
|-singleturn|p2a: Vivillon|Protect
|move|p1b: Delphox|Heat Wave|p2a: Vivillon|[spread] p2b
|-activate|p2a: Vivillon|move: Protect
|-damage|p2b: Farigiraf|64/100
|move|p1a: Sneasler|Dire Claw|p2a: Vivillon
|-activate|p2a: Vivillon|move: Protect
|move|p2b: Farigiraf|Trick Room|p2b: Farigiraf
|-fieldstart|move: Trick Room|[of] p2b: Farigiraf
|
|upkeep
|turn|3
|inactive|theyoler has 30 seconds left.
|
|t:|1783969843
|switch|p1b: Incineroar|Incineroar, L50, M|100/100
|-ability|p1b: Incineroar|Intimidate|boost
|-unboost|p2a: Vivillon|atk|1
|-unboost|p2b: Farigiraf|atk|1
|move|p2b: Farigiraf|Thunderbolt|p1a: Sneasler
|-damage|p1a: Sneasler|0 fnt
|faint|p1a: Sneasler
|move|p2a: Vivillon|Sleep Powder|p1b: Incineroar
|-status|p1b: Incineroar|slp|[from] move: Sleep Powder
|
|upkeep
|
|t:|1783969853
|switch|p1a: Delphox|Delphox-Mega, L50, F|100/100
|turn|4
|
|t:|1783969870
|move|p1a: Delphox|Protect|p1a: Delphox
|-singleturn|p1a: Delphox|Protect
|move|p2b: Farigiraf|Thunderbolt|p1b: Incineroar
|-damage|p1b: Incineroar|78/100 slp
|cant|p1b: Incineroar|slp
|move|p2a: Vivillon|Sleep Powder|p1a: Delphox
|-activate|p1a: Delphox|move: Protect
|
|upkeep
|turn|5
|
|t:|1783969883
|move|p2b: Farigiraf|Thunderbolt|p1b: Incineroar
|-damage|p1b: Incineroar|58/100 slp
|-curestatus|p1b: Incineroar|slp|[msg]
|move|p1b: Incineroar|Throat Chop|p2b: Farigiraf
|-supereffective|p2b: Farigiraf|1
|-damage|p2b: Farigiraf|14/100
|-start|p2b: Farigiraf|Throat Chop|[silent]
|-enditem|p2b: Farigiraf|Sitrus Berry|[eat]
|-heal|p2b: Farigiraf|39/100|[from] item: Sitrus Berry
|move|p2a: Vivillon|Sleep Powder|p1a: Delphox
|-status|p1a: Delphox|slp|[from] move: Sleep Powder
|cant|p1a: Delphox|slp
|
|upkeep
|turn|6
|-message|theyoler forfeited.
|raw|Aketzagar18's rating: 1054 → 1091(+37 for winning)
|raw|theyoler's rating: 1113 → 1084(-29 for losing)
|
|win|Aketzagar18
|l|☆theyoler
|player|p2|
