|j|☆JayTodd13
|j|☆exessvgc
|html|JayTodd13exessvgc    
|uhtml|bestof|Game 3 of a best-of-3
|t:|1782249842
|gametype|doubles
|player|p1|JayTodd13|266|1101
|player|p2|exessvgc|265|1165
|gen|9
|tier|[Gen 9 Champions] VGC 2026 Reg M-B (Bo3)
|rated|
|rule|Species Clause: Limit one of each Pokémon
|rule|Item Clause: Limit 1 of each item
|clearpoke
|poke|p1|Ninetales, L50, F, shiny|
|poke|p1|Pyroar, L50, M|
|poke|p1|Whimsicott, L50, F|
|poke|p1|Farigiraf, L50, M|
|poke|p1|Floette-Eternal, L50, F|
|poke|p1|Basculegion, L50, M|
|poke|p2|Sceptile, L50, M|
|poke|p2|Rotom-Heat, L50|
|poke|p2|Basculegion, L50, M|
|poke|p2|Aerodactyl, L50, M|
|poke|p2|Garchomp, L50, M|
|poke|p2|Floette-Eternal, L50, F|
|teampreview|4
|showteam|p1|Ninetales||ChoiceScarf|Drought|HeatWave,FakeTears,SolarBeam,Overheat|Modest||F|||50|]Pyroar||Pyroarite|Unnerve|HeatWave,Overheat,SolarBeam,Protect|Timid||M|||50|]Whimsicott||FocusSash|Prankster|Tailwind,SunnyDay,Moonblast,Protect|Timid||F|||50|]Farigiraf||SitrusBerry|ArmorTail|TrickRoom,Imprison,TwinBeam,Thunderbolt|Quiet||M|||50|]Floette-Eternal||Floettite|FlowerVeil|Protect,DazzlingGleam,LightofRuin,Moonblast|Timid||F|||50|]Basculegion||LifeOrb|Adaptability|WaveCrash,LastRespects,AquaJet,Protect|Jolly||M|||50|
|showteam|p2|Sceptile||Sceptilite|Overgrow|GrassKnot,DragonPulse,EarthPower,Detect|Modest||M|||50|]Rotom-Heat||ChoiceScarf|Levitate|Thunderbolt,Overheat,VoltSwitch,Discharge|Timid|||||50|]Basculegion||SitrusBerry|Adaptability|WaveCrash,LastRespects,AquaJet,Protect|Adamant||M|||50|]Aerodactyl||FocusSash|Unnerve|RockSlide,DualWingbeat,Tailwind,WideGuard|Jolly||M|||50|]Garchomp||LifeOrb|RoughSkin|DragonClaw,Earthquake,RockSlide,Protect|Jolly||M|||50|]Floette-Eternal||Floettite|FlowerVeil|Moonblast,DazzlingGleam,LightofRuin,Protect|Timid||F|||50|
|
|t:|1782249872
|teamsize|p1|4
|teamsize|p2|4
|start
|switch|p1a: Farigiraf|Farigiraf, L50, M|100/100
|switch|p1b: Basculegion|Basculegion, L50, M|100/100
|switch|p2a: Sceptile|Sceptile, L50, M|100/100
|switch|p2b: Rotom|Rotom-Heat, L50|100/100
|turn|1
|
|t:|1782249894
|detailschange|p2a: Sceptile|Sceptile-Mega, L50, M
|-mega|p2a: Sceptile|Sceptile|Sceptilite
|move|p2b: Rotom|Discharge|p1b: Basculegion|[spread] p1a,p1b
|-ability|p2a: Sceptile|Lightning Rod|boost
|-boost|p2a: Sceptile|spa|1
|-supereffective|p1b: Basculegion|1
|-damage|p1a: Farigiraf|70/100
|-damage|p1b: Basculegion|47/100
|move|p2a: Sceptile|Grass Knot|p1a: Farigiraf
|-damage|p1a: Farigiraf|0 fnt
|faint|p1a: Farigiraf
|move|p1b: Basculegion|Wave Crash|p2b: Rotom
|-supereffective|p2b: Rotom|1
|-damage|p2b: Rotom|0 fnt
|faint|p2b: Rotom
|-damage|p1b: Basculegion|27/100|[from] Recoil
|-damage|p1b: Basculegion|18/100|[from] item: Life Orb
|
|upkeep
|
|t:|1782249913
|switch|p2b: Aerodactyl|Aerodactyl, L50, M|100/100
|switch|p1a: Pyroar|Pyroar, L50, M|100/100
|-ability|p2b: Aerodactyl|Unnerve
|-ability|p1a: Pyroar|Unnerve
|turn|2
|
|t:|1782249931
|detailschange|p1a: Pyroar|Pyroar-Mega, L50, M
|-mega|p1a: Pyroar|Pyroar|Pyroarite
|move|p2a: Sceptile|Detect|p2a: Sceptile
|-singleturn|p2a: Sceptile|Protect
|move|p1b: Basculegion|Aqua Jet|p2b: Aerodactyl
|-supereffective|p2b: Aerodactyl|1
|-enditem|p2b: Aerodactyl|Focus Sash
|-damage|p2b: Aerodactyl|1/100
|-damage|p1b: Basculegion|8/100|[from] item: Life Orb
|move|p2b: Aerodactyl|Tailwind|p2b: Aerodactyl
|-sidestart|p2: exessvgc|move: Tailwind
|move|p1a: Pyroar|Heat Wave|p2b: Aerodactyl|[spread] p2b
|-activate|p2a: Sceptile|move: Protect
|-resisted|p2b: Aerodactyl|1
|-damage|p2b: Aerodactyl|0 fnt
|faint|p2b: Aerodactyl
|
|upkeep
|
|t:|1782249944
|switch|p2b: Basculegion|Basculegion, L50, M|100/100
|turn|3
|
|t:|1782249959
|switch|p1b: Ninetales|Ninetales, L50, F, shiny|100/100
|-weather|SunnyDay|[from] ability: Drought|[of] p1b: Ninetales
|move|p2a: Sceptile|Earth Power|p1a: Pyroar
|-supereffective|p1a: Pyroar|1
|-damage|p1a: Pyroar|0 fnt
|faint|p1a: Pyroar
|move|p2b: Basculegion|Wave Crash|p1b: Ninetales
|-supereffective|p1b: Ninetales|1
|-damage|p1b: Ninetales|0 fnt
|faint|p1b: Ninetales
|-damage|p2b: Basculegion|75/100|[from] Recoil
|
|-weather|SunnyDay|[upkeep]
|upkeep
|
|t:|1782249963
|switch|p1b: Basculegion|Basculegion, L50, M|8/100
|turn|4
|c|☆JayTodd13|gg wp
|
|t:|1782249973
|move|p2b: Basculegion|Aqua Jet|p1b: Basculegion
|-resisted|p1b: Basculegion|1
|-damage|p1b: Basculegion|1/100
|move|p2a: Sceptile|Grass Knot|p1b: Basculegion
|-supereffective|p1b: Basculegion|1
|-damage|p1b: Basculegion|0 fnt
|faint|p1b: Basculegion
|
|win|exessvgc
|raw|JayTodd13's rating: 1101 → 1081(-20 for losing)
|raw|exessvgc's rating: 1165 → 1185(+20 for winning)
|l|☆JayTodd13
|player|p1|
|l|☆exessvgc
|player|p2|
|j|☆exessvgc
|player|p2|exessvgc|265|
