|j|☆mariocansado
|j|☆Goodwyn
|html|mariocansadoGoodwyn    
|uhtml|bestof|Game 1 of a best-of-3
|t:|1756734467
|gametype|doubles
|player|p1|mariocansado|arven-s|1256
|player|p2|Goodwyn|265|1232
|gen|9
|tier|[Gen 9] VGC 2025 Reg H (Bo3)
|rated|
|rule|Species Clause: Limit one of each Pokémon
|rule|Item Clause: Limit 1 of each item
|clearpoke
|poke|p1|Rillaboom, L50, F|
|poke|p1|Dragapult, L50, F|
|poke|p1|Electabuzz, L50, M|
|poke|p1|Volcarona, L50, F|
|poke|p1|Whimsicott, L50, M|
|poke|p1|Arcanine-Hisui, L50, M|
|poke|p2|Indeedee, L50, M|
|poke|p2|Sneasler, L50, M|
|poke|p2|Tyranitar, L50, M|
|poke|p2|Excadrill, L50, F|
|poke|p2|Annihilape, L50, M|
|poke|p2|Kilowattrel, L50, M|
|teampreview|4
|showteam|p1|Rillaboom||AssaultVest|GrassySurge|FakeOut,WoodHammer,Uturn,GrassyGlide|||F|||50|,,,,,Fire]Dragapult||ChoiceBand|ClearBody|DragonDarts,Outrage,PhantomForce,Uturn|||F|||50|,,,,,Dragon]Electabuzz||Eviolite|VitalSpirit|Thunderbolt,Taunt,FollowMe,Protect|||M|||50|,,,,,Ghost]Volcarona||Leftovers|FlameBody|HeatWave,QuiverDance,Protect,GigaDrain|||F|||50|,,,,,Grass]Whimsicott||CovertCloak|Prankster|SunnyDay,Moonblast,Encore,Tailwind|||M|||50|,,,,,Dark]Arcanine-Hisui||SafetyGoggles|Intimidate|RockSlide,FlareBlitz,ExtremeSpeed,Protect|||M|||50|,,,,,Fairy
|showteam|p2|Indeedee||ChoiceScarf|PsychicSurge|ExpandingForce,TeraBlast,Trick,Protect|||M|||50|,,,,,Psychic]Sneasler||PsychicSeed|Unburden|DireClaw,CloseCombat,ThroatChop,Protect|||M|||50|,,,,,Dark]Tyranitar||AssaultVest|SandStream|RockSlide,KnockOff,TeraBlast,LowKick|||M|||50|,,,,,Flying]Excadrill||FocusSash|SandRush|Earthquake,HighHorsepower,IronHead,Protect|||F|||50|,,,,,Stellar]Annihilape||SafetyGoggles|Defiant|RageFist,CloseCombat,Taunt,FinalGambit|||M|||50|,,,,,Fire]Kilowattrel||CovertCloak|Competitive|AirSlash,Thunderbolt,Tailwind,Protect|||M|||50|,,,,,Stellar
|inactive|Battle timer is ON: inactive players will automatically lose when time's up. (requested by mariocansado)
|
|t:|1756734516
|teamsize|p1|4
|teamsize|p2|4
|start
|switch|p1a: Big Jerry|Rillaboom, L50, F|100/100
|switch|p1b: Dragapult|Dragapult, L50, F|100/100
|switch|p2a: Annihilape|Annihilape, L50, M|100/100
|switch|p2b: Sneasler|Sneasler, L50, M|100/100
|-fieldstart|move: Grassy Terrain|[from] ability: Grassy Surge|[of] p1a: Big Jerry
|turn|1
|inactive|mariocansado has 30 seconds left.
|inactive|Goodwyn has 30 seconds left.
|inactive|Goodwyn has 20 seconds left.
|
|t:|1756734553
|switch|p2a: Indeedee|Indeedee, L50, M|100/100
|-fieldstart|move: Psychic Terrain|[from] ability: Psychic Surge|[of] p2a: Indeedee
|-enditem|p2b: Sneasler|Psychic Seed
|-boost|p2b: Sneasler|spd|1|[from] item: Psychic Seed
|-terastallize|p1b: Dragapult|Dragon
|move|p1a: Big Jerry|Fake Out|p2b: Sneasler
|-activate|p2b: Sneasler|move: Psychic Terrain
|move|p2b: Sneasler|Dire Claw|p1a: Big Jerry
|-supereffective|p1a: Big Jerry
|-damage|p1a: Big Jerry|8/100
|-status|p1a: Big Jerry|par
|move|p1b: Dragapult|Dragon Darts|p2a: Indeedee
|-damage|p2a: Indeedee|0 fnt
|-anim|p1b: Dragapult|Dragon Darts|p2b: Sneasler
|-damage|p2b: Sneasler|4/100
|faint|p2a: Indeedee
|
|upkeep
|inactive|Goodwyn has 30 seconds left.
|
|t:|1756734580
|switch|p2a: Annihilape|Annihilape, L50, M|100/100
|turn|2
|
|t:|1756734592
|move|p2b: Sneasler|Close Combat|p1b: Dragapult
|-crit|p1b: Dragapult
|-damage|p1b: Dragapult|0 fnt
|-unboost|p2b: Sneasler|def|1
|-unboost|p2b: Sneasler|spd|1
|faint|p1b: Dragapult
|move|p2a: Annihilape|Rage Fist|p1a: Big Jerry
|-damage|p1a: Big Jerry|0 fnt
|faint|p1a: Big Jerry
|
|upkeep
|
|t:|1756734597
|switch|p1b: Arcanine|Arcanine-Hisui, L50, M|100/100
|switch|p1a: Whimsicott|Whimsicott, L50, M|100/100
|-ability|p1b: Arcanine|Intimidate|boost
|-unboost|p2a: Annihilape|atk|1
|-ability|p2a: Annihilape|Defiant|boost
|-boost|p2a: Annihilape|atk|2
|-unboost|p2b: Sneasler|atk|1
|turn|3
|-message|mariocansado forfeited.
|
|win|Goodwyn
||mariocansado is ready for game 2.
|inactive|Goodwyn has 30 seconds to confirm battle start!
||Goodwyn is ready for game 2.
|uhtml|next|Next: Game 2 of 3
