|j|☆TMJS01
|j|☆gatita golosa 123
|html|TMJS01gatita golosa 123    
|uhtml|bestof|Game 1 of a best-of-3
|t:|1783908817
|gametype|doubles
|player|p1|TMJS01|unknown|
|player|p2|gatita golosa 123|mira|
|gen|9
|tier|[Gen 9 Champions] VGC 2026 Reg M-B (Bo3)
|rule|Species Clause: Limit one of each Pokémon
|rule|Item Clause: Limit 1 of each item
|clearpoke
|poke|p1|Sinistcha, L50|
|poke|p1|Incineroar, L50, M|
|poke|p1|Floette-Eternal, L50, F|
|poke|p1|Kingambit, L50, M|
|poke|p1|Camerupt, L50, F|
|poke|p1|Farigiraf, L50, M|
|poke|p2|Staraptor, L50, M|
|poke|p2|Garchomp, L50, F|
|poke|p2|Whimsicott, L50, F|
|poke|p2|Sinistcha, L50|
|poke|p2|Sneasler, L50, M|
|poke|p2|Raichu, L50, F|
|teampreview|4
|showteam|p1|Sinistcha||ColburBerry|Hospitality|MatchaGotcha,RagePowder,TrickRoom,LifeDew|Relaxed|||||50|]Incineroar||PasshoBerry|Intimidate|ThroatChop,FlareBlitz,PartingShot,FakeOut|Adamant||M|||50|]Floette-Eternal||Floettite|FlowerVeil|Protect,CalmMind,Moonblast,DazzlingGleam|Modest||F|||50|]Kingambit||FocusSash|Defiant|SuckerPunch,IronHead,KowtowCleave,LowKick|Brave||M|||50|]Camerupt||Cameruptite|SolidRock|AncientPower,HeatWave,EarthPower,Protect|Quiet||F|||50|]Farigiraf||SitrusBerry|ArmorTail|Thunderbolt,TwinBeam,TrickRoom,HelpingHand|Relaxed||M|||50|
|showteam|p2|Staraptor||Staraptite|Intimidate|CloseCombat,BlazeKick,DualWingbeat,Protect|Jolly||M|||50|]Garchomp||ChoiceScarf|RoughSkin|Earthquake,RockSlide,DragonClaw,StompingTantrum|Jolly||F|||50|]Whimsicott||FocusSash|Prankster|Charm,Tailwind,Encore,Moonblast|Timid||F|||50|]Sinistcha||ColburBerry|Hospitality|RagePowder,MatchaGotcha,StrengthSap,TrickRoom|Calm|||||50|]Sneasler||WhiteHerb|Unburden|FakeOut,CloseCombat,DireClaw,Protect|Jolly||M|||50|]Raichu||MentalHerb|LightningRod|FakeOut,Charm,AlluringVoice,Electroweb|Timid||F|||50|
|inactive|Battle timer is ON: inactive players will automatically lose when time's up. (requested by TMJS01)
|inactive|TMJS01 has 60 seconds left.
|inactive|gatita golosa 123 has 60 seconds left.
|
|t:|1783908876
|teamsize|p1|4
|teamsize|p2|4
|start
|switch|p1a: Farigiraf|Farigiraf, L50, M|100/100
|switch|p1b: Floette|Floette-Eternal, L50, F|100/100
|switch|p2a: Sneasler|Sneasler, L50, M|100/100
|switch|p2b: Staraptor|Staraptor, L50, M|100/100
|-ability|p2b: Staraptor|Intimidate|boost
|-unboost|p1a: Farigiraf|atk|1
|-unboost|p1b: Floette|atk|1
|turn|1
|
|t:|1783908892
|detailschange|p2b: Staraptor|Staraptor-Mega, L50, M
|-mega|p2b: Staraptor|Staraptor|Staraptite
|detailschange|p1b: Floette|Floette-Mega, L50, F
|-mega|p1b: Floette|Floette|Floettite
|-ability|p1b: Floette|Fairy Aura
|move|p1b: Floette|Protect|p1b: Floette
|-singleturn|p1b: Floette|Protect
|move|p2a: Sneasler|Close Combat|p1a: Farigiraf
|-damage|p1a: Farigiraf|50/100g
|-unboost|p2a: Sneasler|def|1
|-unboost|p2a: Sneasler|spd|1
|-enditem|p2a: Sneasler|White Herb
|-clearnegativeboost|p2a: Sneasler|[silent]
|move|p2b: Staraptor|Close Combat|p1a: Farigiraf
|-damage|p1a: Farigiraf|0 fnt
|-boost|p2b: Staraptor|def|1
|-boost|p2b: Staraptor|spd|1
|faint|p1a: Farigiraf
|
|upkeep
|
|t:|1783908897
|switch|p1a: Incineroar|Incineroar, L50, M|100/100
|-ability|p1a: Incineroar|Intimidate|boost
|-unboost|p2a: Sneasler|atk|1
|-boost|p2b: Staraptor|atk|1
|turn|2
|
|t:|1783908916
|move|p2a: Sneasler|Protect|p2a: Sneasler
|-singleturn|p2a: Sneasler|Protect
|move|p2b: Staraptor|Protect|p2b: Staraptor
|-singleturn|p2b: Staraptor|Protect
|move|p1a: Incineroar|Fake Out|p2b: Staraptor
|-activate|p2b: Staraptor|move: Protect
|move|p1b: Floette|Dazzling Gleam|p2b: Staraptor|[spread] 
|-activate|p2a: Sneasler|move: Protect
|-activate|p2b: Staraptor|move: Protect
|
|upkeep
|turn|3
|
|t:|1783908930
|move|p2a: Sneasler|Dire Claw|p1b: Floette
|-supereffective|p1b: Floette|1
|-damage|p1b: Floette|42/100
|move|p2b: Staraptor|Dual Wingbeat|p1b: Floette
|-damage|p1b: Floette|8/100
|-damage|p1b: Floette|0 fnt
|faint|p1b: Floette
|-hitcount|p1: Floette|2
|move|p1a: Incineroar|Parting Shot|p2b: Staraptor
|-boost|p2b: Staraptor|atk|1
|-boost|p2b: Staraptor|spa|1
|-message|TMJS01 forfeited.
|
|win|gatita golosa 123
||TMJS01 is ready for game 2.
||gatita golosa 123 is ready for game 2.
|uhtml|next|Next: Game 2 of 3
|l|☆gatita golosa 123
|player|p2|
