|j|☆TrashTest6116
|j|☆uvuvuvwewe
|html|TrashTest6116uvuvuvwewe    
|uhtml|bestof|Game 2 of a best-of-3
|t:|1783749496
|gametype|doubles
|player|p1|TrashTest6116|colress|1203
|player|p2|uvuvuvwewe|unknown|1118
|gen|9
|tier|[Gen 9 Champions] VGC 2026 Reg M-B (Bo3)
|rated|
|rule|Species Clause: Limit one of each Pokémon
|rule|Item Clause: Limit 1 of each item
|clearpoke
|poke|p1|Blastoise, L50, F|
|poke|p1|Delphox, L50, M|
|poke|p1|Incineroar, L50, F|
|poke|p1|Sneasler, L50, M|
|poke|p1|Sinistcha-Masterpiece, L50|
|poke|p1|Kingambit, L50, M|
|poke|p2|Ninetales, L50, M|
|poke|p2|Sinistcha-Masterpiece, L50|
|poke|p2|Garchomp, L50, M|
|poke|p2|Farigiraf, L50, M, shiny|
|poke|p2|Pyroar, L50, M|
|poke|p2|Basculegion, L50, M|
|teampreview|4
|showteam|p1|Blastoise||Blastoisinite|Torrent|Protect,ShellSmash,WaterSpout,DarkPulse|Modest||F|||50|]Delphox||Delphoxite|Blaze|Protect,NastyPlot,HeatWave,Psyshock|Timid||M|||50|]Incineroar||SitrusBerry|Intimidate|FakeOut,FlareBlitz,HelpingHand,PartingShot|Impish||F|||50|]Sneasler||FocusSash|PoisonTouch|CloseCombat,PoisonJab,FakeOut,QuickGuard|Jolly||M|||50|]Sinistcha-Masterpiece||OccaBerry|Hospitality|Protect,MatchaGotcha,RagePowder,LifeDew|Bold|||||50|]Kingambit||LifeOrb|Defiant|KowtowCleave,SuckerPunch,SwordsDance,Protect|Adamant||M|||50|
|showteam|p2|Ninetales||HeatRock|Drought|Encore,SolarBeam,WeatherBall,Protect|Timid||M|||50|]Sinistcha-Masterpiece||FocusSash|Hospitality|RagePowder,MatchaGotcha,Protect,TrickRoom|Modest|||||50|]Garchomp||LifeOrb|RoughSkin|Earthquake,RockSlide,Protect,PoisonJab|Jolly||M|||50|]Farigiraf||Leftovers|ArmorTail|HelpingHand,Psychic,Protect,Roar|Timid||M|||50|]Pyroar||Pyroarite|Rivalry|HeatWave,Overheat,HyperVoice,Protect|Modest||M|||50|]Basculegion||MysticWater|Adaptability|AquaJet,WaveCrash,LastRespects,Protect|Adamant||M|||50|
|inactive|Battle timer is ON: inactive players will automatically lose when time's up. (requested by TrashTest6116)
|
|t:|1783749507
|teamsize|p1|4
|teamsize|p2|4
|start
|switch|p1a: Delphox|Delphox, L50, M|100/100
|switch|p1b: Incineroar|Incineroar, L50, F|100/100
|switch|p2a: Ninetales|Ninetales, L50, M|100/100
|switch|p2b: Pyroar|Pyroar, L50, M|100/100
|-weather|SunnyDay|[from] ability: Drought|[of] p2a: Ninetales
|-ability|p1b: Incineroar|Intimidate|boost
|-unboost|p2a: Ninetales|atk|1
|-unboost|p2b: Pyroar|atk|1
|turn|1
|inactive|TrashTest6116 has 30 seconds left.
|
|t:|1783749532
|switch|p2a: Farigiraf|Farigiraf, L50, M, shiny|100/100
|detailschange|p2b: Pyroar|Pyroar-Mega, L50, M
|-mega|p2b: Pyroar|Pyroar|Pyroarite
|move|p1a: Delphox|Protect|p1a: Delphox
|-singleturn|p1a: Delphox|Protect
|move|p2b: Pyroar|Heat Wave|p1a: Delphox|[spread] p1b
|-activate|p1a: Delphox|move: Protect
|-resisted|p1b: Incineroar|1
|-damage|p1b: Incineroar|59/100
|move|p1b: Incineroar|Parting Shot|p2b: Pyroar
|-unboost|p2b: Pyroar|atk|1
|-unboost|p2b: Pyroar|spa|1
|
|t:|1783749544
|switch|p1b: Sinistcha|Sinistcha-Masterpiece, L50|100/100|[from] Parting Shot
|
|-weather|SunnyDay|[upkeep]
|upkeep
|turn|2
|
|t:|1783749555
|switch|p1b: Incineroar|Incineroar, L50, F|59/100
|-ability|p1b: Incineroar|Intimidate|boost
|-unboost|p2a: Farigiraf|atk|1
|-unboost|p2b: Pyroar|atk|1
|detailschange|p1a: Delphox|Delphox-Mega, L50, M
|-mega|p1a: Delphox|Delphox|Delphoxite
|move|p1a: Delphox|Heat Wave|p2a: Farigiraf|[spread] p2a,p2b
|-resisted|p2b: Pyroar|1
|-damage|p2a: Farigiraf|29/100
|-damage|p2b: Pyroar|60/100
|move|p2b: Pyroar|Heat Wave|p1a: Delphox|[spread] p1a,p1b
|-resisted|p1a: Delphox|1
|-resisted|p1b: Incineroar|1
|-damage|p1a: Delphox|69/100
|-damage|p1b: Incineroar|33/100
|-enditem|p1b: Incineroar|Sitrus Berry|[eat]
|-heal|p1b: Incineroar|57/100|[from] item: Sitrus Berry
|move|p2a: Farigiraf|Roar|p1b: Incineroar
|drag|p1b: Kingambit|Kingambit, L50, M|100/100
|
|-weather|SunnyDay|[upkeep]
|-heal|p2a: Farigiraf|36/100|[from] item: Leftovers
|upkeep
|turn|3
|
|t:|1783749579
|move|p2a: Farigiraf|Protect|p2a: Farigiraf
|-singleturn|p2a: Farigiraf|Protect
|move|p1b: Kingambit|Protect|p1b: Kingambit
|-singleturn|p1b: Kingambit|Protect
|move|p1a: Delphox|Heat Wave|p2a: Farigiraf|[spread] p2b
|-activate|p2a: Farigiraf|move: Protect
|-resisted|p2b: Pyroar|1
|-damage|p2b: Pyroar|23/100
|move|p2b: Pyroar|Heat Wave|p1a: Delphox|[spread] p1a
|-activate|p1b: Kingambit|move: Protect
|-resisted|p1a: Delphox|1
|-damage|p1a: Delphox|41/100
|
|-weather|SunnyDay|[upkeep]
|-heal|p2a: Farigiraf|42/100|[from] item: Leftovers
|upkeep
|turn|4
|-message|uvuvuvwewe forfeited.
|
|win|TrashTest6116
|raw|TrashTest6116's rating: 1203 → 1222(+19 for winning)
|raw|uvuvuvwewe's rating: 1118 → 1099(-19 for losing)
