|j|☆umbreoffxd
|j|☆ming0mang0
|html|umbreoffxdming0mang0    
|uhtml|bestof|Game 1 of a best-of-3
|t:|1757714568
|gametype|doubles
|player|p1|umbreoffxd|grimsley-gen7|1160
|player|p2|ming0mang0|harlequin|1085
|gen|9
|tier|[Gen 9] VGC 2025 Reg H (Bo3)
|rated|
|rule|Species Clause: Limit one of each Pokémon
|rule|Item Clause: Limit 1 of each item
|clearpoke
|poke|p1|Charizard, L50, F|
|poke|p1|Torkoal, L50, F|
|poke|p1|Porygon2, L50|
|poke|p1|Incineroar, L50, F|
|poke|p1|Jumpluff, L50, M|
|poke|p1|Ursaluna, L50, M|
|poke|p2|Excadrill, L50, F|
|poke|p2|Tyranitar, L50, M|
|poke|p2|Sneasler, L50, M|
|poke|p2|Indeedee, L50, M|
|poke|p2|Corviknight, L50, F|
|poke|p2|Annihilape, L50, M|
|teampreview|4
|showteam|p1|Charizard||ChoiceSpecs|SolarPower|HeatWave,Overheat,WeatherBall,AirSlash|||F|||50|,,,,,Ghost]Torkoal||EjectPack|Drought|Eruption,Overheat,HelpingHand,Protect|||F|||50|,,,,,Fire]Porygon2||Eviolite|Download|TeraBlast,IceBeam,Recover,TrickRoom||||||50|,,,,,Fighting]Incineroar||SitrusBerry|Intimidate|FlareBlitz,KnockOff,FakeOut,PartingShot|||F|||50|,,,,,Ghost]Jumpluff||CovertCloak|Chlorophyll|SleepPowder,SunnyDay,RagePowder,Tailwind|||M|||50|,,,,,Water]Ursaluna||FlameOrb|Guts|HeadlongRush,Facade,Earthquake,Protect|||M|||50|,,,,,Ghost
|showteam|p2|Excadrill||FocusSash|SandRush|IronHead,HighHorsepower,Earthquake,Protect|||F|||50|,,,,,Stellar]Tyranitar||AssaultVest|SandStream|RockSlide,KnockOff,TeraBlast,LowKick|||M|||50|,,,,,Flying]Sneasler||PsychicSeed|Unburden|DireClaw,CloseCombat,ThroatChop,Protect|||M|||50|,,,,,Dark]Indeedee||ChoiceScarf|PsychicSurge|ExpandingForce,TeraBlast,Protect,Trick|||M|||50|,,,,,Psychic]Corviknight||Leftovers|MirrorArmor|BulkUp,BraveBird,Roost,Tailwind|||F|||50|,,,,,Dragon]Annihilape||SafetyGoggles|Defiant|CloseCombat,FinalGambit,RageFist,Taunt|||M|||50|,,,,,Water
|inactive|Battle timer is ON: inactive players will automatically lose when time's up. (requested by umbreoffxd)
|
|t:|1757714617
|teamsize|p1|4
|teamsize|p2|4
|start
|switch|p1a: Charizard|Charizard, L50, F|100/100
|switch|p1b: Jumpluff|Jumpluff, L50, M|100/100
|switch|p2a: Sneasler|Sneasler, L50, M|100/100
|switch|p2b: Indeedee|Indeedee, L50, M|100/100
|-fieldstart|move: Psychic Terrain|[from] ability: Psychic Surge|[of] p2b: Indeedee
|-enditem|p2a: Sneasler|Psychic Seed
|-boost|p2a: Sneasler|spd|1|[from] item: Psychic Seed
|turn|1
|inactive|umbreoffxd has 30 seconds left.
|inactive|ming0mang0 has 30 seconds left.
|
|t:|1757714648
|switch|p2a: Tyranitar|Tyranitar, L50, M|100/100
|-weather|Sandstorm|[from] ability: Sand Stream|[of] p2a: Tyranitar
|switch|p1a: Torkoal|Torkoal, L50, F|100/100
|-weather|SunnyDay|[from] ability: Drought|[of] p1a: Torkoal
|-terastallize|p1b: Jumpluff|Water
|move|p1b: Jumpluff|Tailwind|p1b: Jumpluff
|-sidestart|p1: umbreoffxd|move: Tailwind
|move|p2b: Indeedee|Expanding Force|p1b: Jumpluff|[spread] p1a,p1b
|-damage|p1a: Torkoal|23/100
|-damage|p1b: Jumpluff|46/100
|
|-weather|SunnyDay|[upkeep]
|upkeep
|turn|2
|inactive|ming0mang0 has 30 seconds left.
|inactive|ming0mang0 has 20 seconds left.
|inactive|ming0mang0 has 15 seconds left.
|
|t:|1757714689
|switch|p1a: Ursaluna|Ursaluna, L50, M|100/100
|move|p1b: Jumpluff|Sleep Powder|p2b: Indeedee|[miss]
|-miss|p1b: Jumpluff|p2b: Indeedee
|move|p2b: Indeedee|Expanding Force|p1b: Jumpluff|[spread] p1a,p1b
|-damage|p1a: Ursaluna|48/100
|-damage|p1b: Jumpluff|0 fnt
|faint|p1b: Jumpluff
|move|p2a: Tyranitar|Rock Slide|p1a: Ursaluna
|-resisted|p1a: Ursaluna
|-damage|p1a: Ursaluna|32/100
|
|-weather|SunnyDay|[upkeep]
|-status|p1a: Ursaluna|brn|[from] item: Flame Orb
|upkeep
|
|t:|1757714696
|switch|p1b: Charizard|Charizard, L50, F|100/100
|turn|3
|
|t:|1757714719
|switch|p2a: Excadrill|Excadrill, L50, F|100/100
|move|p1b: Charizard|Heat Wave|p2b: Indeedee|[spread] 
|-miss|p1b: Charizard|p2a: Excadrill
|-miss|p1b: Charizard|p2b: Indeedee
|move|p2b: Indeedee|Expanding Force|p1b: Charizard|[spread] p1a,p1b
|-damage|p1a: Ursaluna|0 fnt
|-damage|p1b: Charizard|28/100
|faint|p1a: Ursaluna
|
|-weather|SunnyDay|[upkeep]
|-damage|p1b: Charizard|16/100|[from] ability: Solar Power|[of] p1b: Charizard
|upkeep
|
|t:|1757714730
|switch|p1a: Torkoal|Torkoal, L50, F|23/100
|turn|4
|-message|umbreoffxd forfeited.
|
|win|ming0mang0
||ming0mang0 is ready for game 2.
|inactive|umbreoffxd has 30 seconds to confirm battle start!
|inactive|umbreoffxd has 20 seconds to confirm battle start!
||umbreoffxd is ready for game 2.
|uhtml|next|Next: Game 2 of 3
