|j|☆lets buy packs
|j|☆Pakaan64
|html|lets buy packsPakaan64    
|uhtml|bestof|Game 1 of a best-of-3
|t:|1783898684
|gametype|doubles
|player|p1|lets buy packs|red-masters3|1190
|player|p2|Pakaan64|koga|1262
|gen|9
|tier|[Gen 9 Champions] VGC 2026 Reg M-B (Bo3)
|rated|
|rule|Species Clause: Limit one of each Pokémon
|rule|Item Clause: Limit 1 of each item
|clearpoke
|poke|p1|Farigiraf, L50, M|
|poke|p1|Incineroar, L50, M|
|poke|p1|Gardevoir, L50, F, shiny|
|poke|p1|Torkoal, L50, F|
|poke|p1|Mudsdale, L50, M|
|poke|p1|Vivillon-Marine, L50, F|
|poke|p2|Aerodactyl, L50, F|
|poke|p2|Garchomp, L50, M|
|poke|p2|Farigiraf, L50, M|
|poke|p2|Sylveon, L50, M|
|poke|p2|Charizard, L50, F, shiny|
|poke|p2|Kingambit, L50, M|
|teampreview|4
|showteam|p1|Farigiraf||ColburBerry|ArmorTail|Psychic,Thunderbolt,TrickRoom,Protect|Sassy||M|||50|]Incineroar||BlackGlasses|Intimidate|FakeOut,PartingShot,FlareBlitz,DarkestLariat|Adamant||M|||50|]Gardevoir||Gardevoirite|Telepathy|HyperVoice,Psychic,TrickRoom,Protect|Quiet||F|||50|]Torkoal||Charcoal|Drought|Eruption,Flamethrower,SolarBeam,Protect|Quiet||F|||50|]Mudsdale||LifeOrb|InnerFocus|Earthquake,HighHorsepower,RockSlide,HeavySlam|Brave||M|||50|]Vivillon-Marine||FocusSash|CompoundEyes|Hurricane,RagePowder,SleepPowder,Protect|Timid||F|||50|
|showteam|p2|Aerodactyl||Aerodactylite|Unnerve|Tailwind,IceFang,RockSlide,WideGuard|Adamant||F|||50|]Garchomp||SitrusBerry|RoughSkin|DragonClaw,SwordsDance,Earthquake,Protect|Impish||M|||50|]Farigiraf||ColburBerry|ArmorTail|Protect,TrickRoom,TwinBeam,HelpingHand|Sassy||M|||50|]Sylveon||LifeOrb|Pixilate|Protect,HyperBeam,HyperVoice,QuickAttack|Serious||M|||50|]Charizard||CharizarditeY|SolarPower|SolarBeam,Protect,HeatWave,WeatherBall|Serious||F|||50|]Kingambit||FocusSash|Defiant|SuckerPunch,LowKick,KowtowCleave,IronHead|Adamant||M|||50|
|inactive|Battle timer is ON: inactive players will automatically lose when time's up. (requested by Pakaan64)
|inactive|lets buy packs also wants the timer to be on.
|inactive|lets buy packs has 60 seconds left.
|
|t:|1783898743
|teamsize|p1|4
|teamsize|p2|4
|start
|switch|p1a: Incineroar|Incineroar, L50, M|100/100
|switch|p1b: Farigiraf|Farigiraf, L50, M|100/100
|switch|p2a: Garchomp|Garchomp, L50, M|100/100
|switch|p2b: Charizard|Charizard, L50, F, shiny|100/100
|-ability|p1a: Incineroar|Intimidate|boost
|-unboost|p2a: Garchomp|atk|1
|-unboost|p2b: Charizard|atk|1
|turn|1
|
|t:|1783898755
|switch|p2a: Farigiraf|Farigiraf, L50, M|100/100
|detailschange|p2b: Charizard|Charizard-Mega-Y, L50, F, shiny
|-mega|p2b: Charizard|Charizard|Charizardite Y
|-weather|SunnyDay|[from] ability: Drought|[of] p2b: Charizard
|move|p2b: Charizard|Weather Ball|p1b: Farigiraf
|-damage|p1b: Farigiraf|29/100
|move|p1a: Incineroar|Parting Shot|p2a: Farigiraf
|-unboost|p2a: Farigiraf|atk|1
|-unboost|p2a: Farigiraf|spa|1
|
|t:|1783898766
|switch|p1a: Gardevoir|Gardevoir, L50, F, shiny|100/100|[from] Parting Shot
|move|p1b: Farigiraf|Trick Room|p1b: Farigiraf
|-fieldstart|move: Trick Room|[of] p1b: Farigiraf
|
|-weather|SunnyDay|[upkeep]
|upkeep
|turn|2
|
|t:|1783898776
|detailschange|p1a: Gardevoir|Gardevoir-Mega, L50, F, shiny
|-mega|p1a: Gardevoir|Gardevoir|Gardevoirite
|move|p1b: Farigiraf|Thunderbolt|p2a: Farigiraf
|-damage|p2a: Farigiraf|84/100
|move|p1a: Gardevoir|Hyper Voice|p2a: Farigiraf|[spread] p2a,p2b
|-resisted|p2b: Charizard|1
|-damage|p2a: Farigiraf|45/100
|-damage|p2b: Charizard|76/100
|move|p2b: Charizard|Heat Wave|p1a: Gardevoir|[spread] p1a,p1b
|-damage|p1a: Gardevoir|53/100
|-damage|p1b: Farigiraf|0 fnt
|-status|p1a: Gardevoir|brn
|faint|p1b: Farigiraf
|move|p2a: Farigiraf|Trick Room|p2a: Farigiraf
|-fieldend|move: Trick Room
|
|-weather|SunnyDay|[upkeep]
|-damage|p1a: Gardevoir|47/100 brn|[from] brn
|upkeep
|
|t:|1783898783
|switch|p1b: Mudsdale|Mudsdale, L50, M|100/100
|turn|3
|
|t:|1783898797
|move|p2a: Farigiraf|Helping Hand|p2b: Charizard
|-singleturn|p2b: Charizard|Helping Hand|[of] p2a: Farigiraf
|move|p1a: Gardevoir|Protect|p1a: Gardevoir
|-singleturn|p1a: Gardevoir|Protect
|move|p2b: Charizard|Solar Beam||[still]
|-prepare|p2b: Charizard|Solar Beam
|-anim|p2b: Charizard|Solar Beam|p1b: Mudsdale
|-supereffective|p1b: Mudsdale|1
|-damage|p1b: Mudsdale|0 fnt
|faint|p1b: Mudsdale
|
|-weather|SunnyDay|[upkeep]
|-damage|p1a: Gardevoir|41/100 brn|[from] brn
|upkeep
|-message|lets buy packs forfeited.
|
|win|Pakaan64
