|j|☆tryson69
|j|☆gortland
|html|tryson69gortland    
|uhtml|bestof|Game 1 of a best-of-3
|t:|1756699702
|gametype|doubles
|player|p1|tryson69|crasherwake|1212
|player|p2|gortland|winona|1263
|gen|9
|tier|[Gen 9] VGC 2025 Reg H (Bo3)
|rated|
|rule|Species Clause: Limit one of each Pokémon
|rule|Item Clause: Limit 1 of each item
|clearpoke
|poke|p1|Typhlosion-Hisui, L50, M|
|poke|p1|Rillaboom, L50, F|
|poke|p1|Primarina, L50, F|
|poke|p1|Archaludon, L50, M|
|poke|p1|Whimsicott, L50, F|
|poke|p1|Pelipper, L50, M|
|poke|p2|Ninetales-Alola, L50, M|
|poke|p2|Ursaluna-Bloodmoon, L50, M|
|poke|p2|Gholdengo, L50|
|poke|p2|Amoonguss, L50, M|
|poke|p2|Annihilape, L50, F|
|poke|p2|Dragonite, L50, F|
|teampreview|4
|showteam|p1|Typhlosion-Hisui||ChoiceScarf|Blaze|Eruption,HeatWave,Overheat,ShadowBall|||M|||50|,,,,,Fire]Rillaboom||AssaultVest|GrassySurge|WoodHammer,GrassyGlide,HighHorsepower,FakeOut|||F|||50|,,,,,Fire]Primarina||ThroatSpray|LiquidVoice|HyperVoice,Moonblast,Haze,Protect|||F|||50|,,,,,Poison]Archaludon||Leftovers|Stamina|ElectroShot,BodyPress,Protect,DracoMeteor|||M|||50|,,,,,Grass]Whimsicott||CovertCloak|Prankster|Tailwind,Taunt,Moonblast,SunnyDay|||F|||50|,,,,,Water]Pelipper||FocusSash|Drizzle|WeatherBall,Hurricane,WideGuard,Protect|||M|||50|,,,,,Ghost
|showteam|p2|Ninetales-Alola||CovertCloak|SnowWarning|IcyWind,Blizzard,AuroraVeil,IcicleSpear|||M|||50|,,,,,Water]Ursaluna-Bloodmoon||AssaultVest|MindsEye|BloodMoon,EarthPower,HyperVoice,VacuumWave|||M|||50|,,,,,Water]Gholdengo||LifeOrb|GoodasGold|Protect,NastyPlot,MakeItRain,ShadowBall||||||50|,,,,,Water]Amoonguss||SitrusBerry|Regenerator|Spore,RagePowder,PollenPuff,Protect|||M|||50|,,,,,Psychic]Annihilape||SafetyGoggles|Defiant|RageFist,BulkUp,DrainPunch,Protect|||F|||50|,,,,,Fire]Dragonite||LoadedDice|Multiscale|ScaleShot,Tailwind,Haze,Protect|||F|||50|,,,,,Fairy
|inactive|Battle timer is ON: inactive players will automatically lose when time's up. (requested by gortland)
|
|t:|1756699768
|teamsize|p1|4
|teamsize|p2|4
|start
|switch|p1a: Typhlosion|Typhlosion-Hisui, L50, M|100/100
|switch|p1b: Primarina|Primarina, L50, F|100/100
|switch|p2a: Dragonite|Dragonite, L50, F|100/100
|switch|p2b: Ursaluna|Ursaluna-Bloodmoon, L50, M|100/100
|turn|1
|inactive|tryson69 has 30 seconds left.
|inactive|tryson69 has 20 seconds left.
|inactive|tryson69 has 15 seconds left.
|
|t:|1756699809
|switch|p1a: Pelipper|Pelipper, L50, M|100/100
|-weather|RainDance|[from] ability: Drizzle|[of] p1a: Pelipper
|move|p2a: Dragonite|Scale Shot|p1a: Pelipper|[miss]
|-miss|p2a: Dragonite|p1a: Pelipper
|move|p1b: Primarina|Hyper Voice|p2a: Dragonite|[spread] p2a,p2b
|-resisted|p2a: Dragonite
|-supereffective|p2b: Ursaluna
|-damage|p2a: Dragonite|86/100
|-damage|p2b: Ursaluna|28/100
|-enditem|p1b: Primarina|Throat Spray
|-boost|p1b: Primarina|spa|1|[from] item: Throat Spray
|move|p2b: Ursaluna|Hyper Voice|p1a: Pelipper|[spread] p1a,p1b
|-damage|p1a: Pelipper|40/100
|-damage|p1b: Primarina|68/100
|
|-weather|RainDance|[upkeep]
|upkeep
|turn|2
|
|t:|1756699832
|switch|p2b: Amoonguss|Amoonguss, L50, M|100/100
|-terastallize|p2a: Dragonite|Fairy
|move|p1a: Pelipper|Wide Guard|p1a: Pelipper
|-singleturn|p1a: Pelipper|Wide Guard
|move|p2a: Dragonite|Scale Shot|p1a: Pelipper|[miss]
|-miss|p2a: Dragonite|p1a: Pelipper
|move|p1b: Primarina|Hyper Voice|p2b: Amoonguss|[spread] p2a,p2b
|-resisted|p2b: Amoonguss
|-damage|p2a: Dragonite|0 fnt
|-damage|p2b: Amoonguss|69/100
|faint|p2a: Dragonite
|
|-weather|RainDance|[upkeep]
|upkeep
|
|t:|1756699841
|switch|p2a: Gholdengo|Gholdengo, L50|100/100
|turn|3
|
|t:|1756699856
|-terastallize|p1b: Primarina|Poison
|move|p2a: Gholdengo|Protect|p2a: Gholdengo
|-singleturn|p2a: Gholdengo|Protect
|move|p1a: Pelipper|Hurricane|p2b: Amoonguss
|-supereffective|p2b: Amoonguss
|-damage|p2b: Amoonguss|0 fnt
|faint|p2b: Amoonguss
|move|p1b: Primarina|Hyper Voice|p2a: Gholdengo
|-activate|p2a: Gholdengo|move: Protect
|
|-weather|RainDance|[upkeep]
|upkeep
|
|t:|1756699865
|switch|p2b: Ursaluna|Ursaluna-Bloodmoon, L50, M|28/100
|turn|4
|
|t:|1756699878
|move|p1a: Pelipper|Wide Guard|p1a: Pelipper
|-singleturn|p1a: Pelipper|Wide Guard
|move|p2a: Gholdengo|Shadow Ball|p1b: Primarina
|-damage|p1b: Primarina|22/100
|-unboost|p1b: Primarina|spd|1
|-damage|p2a: Gholdengo|91/100|[from] item: Life Orb
|move|p1b: Primarina|Hyper Voice|p2b: Ursaluna|[spread] p2a,p2b
|-supereffective|p2b: Ursaluna
|-damage|p2a: Gholdengo|10/100
|-damage|p2b: Ursaluna|0 fnt
|faint|p2b: Ursaluna
|
|-weather|RainDance|[upkeep]
|upkeep
|turn|5
|-message|gortland forfeited.
|
|win|tryson69
|l|☆gortland
|player|p2|
||gortland is ready for game 2.
||tryson69 is ready for game 2.
|uhtml|next|Next: Game 2 of 3
