|j|☆Faebian
|j|☆EchoHevy5555
|html|FaebianEchoHevy5555    
|uhtml|bestof|Game 1 of a best-of-3
|t:|1757705935
|gametype|doubles
|player|p1|Faebian|169|1000
|player|p2|EchoHevy5555|170|1086
|gen|9
|tier|[Gen 9] VGC 2025 Reg H (Bo3)
|rated|
|rule|Species Clause: Limit one of each Pokémon
|rule|Item Clause: Limit 1 of each item
|clearpoke
|poke|p1|Samurott-Hisui, L50, M|
|poke|p1|Grimmsnarl, L50, M|
|poke|p1|Sneasler, L50, F|
|poke|p1|Electabuzz, L50, F|
|poke|p1|Rillaboom, L50, M|
|poke|p1|Volcarona, L50, F|
|poke|p2|Noivern, L50, M|
|poke|p2|Toxtricity, L50, F|
|poke|p2|Zoroark-Hisui, L50, F|
|poke|p2|Malamar, L50, F|
|poke|p2|Incineroar, L50, M|
|poke|p2|Gastrodon, L50, F|
|teampreview|4
|showteam|p1|Samurott-Hisui||LifeOrb|Sharpness|AquaCutter,SuckerPunch,SacredSword,Protect|||M|||50|,,,,,Stellar]Grimmsnarl||LightClay|Prankster|Reflect,LightScreen,PlayRough,ThunderWave|||M|||50|,,,,,Ghost]Sneasler||FocusSash|Unburden|Coaching,CloseCombat,DireClaw,Protect|||F|||50|,,,,,Ghost]Electabuzz||Eviolite|VitalSpirit|Thunderbolt,FollowMe,Taunt,Protect|||F|||50|,,,,,Ghost]Rillaboom||AssaultVest|GrassySurge|FakeOut,WoodHammer,Uturn,GrassyGlide|||M|||50|,,,,,Water]Volcarona||Leftovers|FlameBody|QuiverDance,GigaDrain,FieryDance,Protect|||F|||50|,,,,,Grass
|showteam|p2|Noivern||CovertCloak|Telepathy|Tailwind,SuperFang,DracoMeteor,Taunt|||M|||50|,,,,,Steel]Toxtricity||LifeOrb|PunkRock|Boomburst,Overdrive,SludgeBomb,Protect|||F|||50|,,,,,Normal]Zoroark-Hisui||FocusSash|Illusion|BitterMalice,Protect,FakeTears,TeraBlast|||F|||50|,,,,,Fighting]Malamar||SafetyGoggles|Contrary|KnockOff,Superpower,TopsyTurvy,TrickRoom|||F|||50|,,,,,Fire]Incineroar||SitrusBerry|Intimidate|KnockOff,FlareBlitz,Protect,FakeOut|||M|||50|,,,,,Ghost]Gastrodon||Leftovers|StormDrain|EarthPower,IceBeam,Protect,Yawn|||F|||50|,,,,,Fire
|
|t:|1757706016
|teamsize|p1|4
|teamsize|p2|4
|start
|switch|p1a: Electabuzz|Electabuzz, L50, F|100/100
|switch|p1b: Volcarona|Volcarona, L50, F|100/100
|switch|p2a: Noivern|Noivern, L50, M|100/100
|switch|p2b: Toxtricity|Toxtricity, L50, F|100/100
|turn|1
|
|t:|1757706053
|-terastallize|p2b: Toxtricity|Normal
|move|p2a: Noivern|Tailwind|p2a: Noivern
|-sidestart|p2: EchoHevy5555|move: Tailwind
|move|p2b: Toxtricity|Boomburst|p1a: Electabuzz|[spread] p1a,p1b
|-activate|p2a: Noivern|ability: Telepathy
|-damage|p1a: Electabuzz|37/100
|-damage|p1b: Volcarona|24/100
|-damage|p2b: Toxtricity|91/100|[from] item: Life Orb
|move|p1b: Volcarona|Quiver Dance|p1b: Volcarona
|-boost|p1b: Volcarona|spa|1
|-boost|p1b: Volcarona|spd|1
|-boost|p1b: Volcarona|spe|1
|move|p1a: Electabuzz|Taunt|p2a: Noivern
|-start|p2a: Noivern|move: Taunt
|
|-heal|p1b: Volcarona|31/100|[from] item: Leftovers
|upkeep
|turn|2
|
|t:|1757706079
|switch|p2a: Incineroar|Incineroar, L50, M|100/100
|-ability|p2a: Incineroar|Intimidate|boost
|-unboost|p1a: Electabuzz|atk|1
|-unboost|p1b: Volcarona|atk|1
|move|p1b: Volcarona|Protect|p1b: Volcarona
|-singleturn|p1b: Volcarona|Protect
|move|p1a: Electabuzz|Protect|p1a: Electabuzz
|-singleturn|p1a: Electabuzz|Protect
|move|p2b: Toxtricity|Boomburst|p1a: Electabuzz|[spread] p2a
|-activate|p1a: Electabuzz|move: Protect
|-activate|p1b: Volcarona|move: Protect
|-damage|p2a: Incineroar|24/100
|-enditem|p2a: Incineroar|Sitrus Berry|[eat]
|-heal|p2a: Incineroar|49/100|[from] item: Sitrus Berry
|-damage|p2b: Toxtricity|81/100|[from] item: Life Orb
|
|-heal|p1b: Volcarona|37/100|[from] item: Leftovers
|upkeep
|turn|3
|c|☆EchoHevy5555|Oops lol
|
|t:|1757706113
|switch|p2a: Noivern|Noivern, L50, M|100/100
|move|p2b: Toxtricity|Boomburst|p1a: Electabuzz|[spread] p1a,p1b
|-activate|p2a: Noivern|ability: Telepathy
|-damage|p1a: Electabuzz|0 fnt
|-damage|p1b: Volcarona|0 fnt
|faint|p1a: Electabuzz
|faint|p1b: Volcarona
|-damage|p2b: Toxtricity|72/100|[from] item: Life Orb
|
|upkeep
|
|t:|1757706125
|switch|p1b: Sneasler|Sneasler, L50, F|100/100
|switch|p1a: Samurott|Samurott-Hisui, L50, M|100/100
|turn|4
|
|t:|1757706144
|switch|p2a: Incineroar|Incineroar, L50, M|49/100
|-ability|p2a: Incineroar|Intimidate|boost
|-unboost|p1a: Samurott|atk|1
|-unboost|p1b: Sneasler|atk|1
|-terastallize|p1a: Samurott|Stellar
|move|p1b: Sneasler|Protect|p1b: Sneasler
|-singleturn|p1b: Sneasler|Protect
|move|p1a: Samurott|Sucker Punch|p2b: Toxtricity
|-damage|p2b: Toxtricity|18/100
|-damage|p1a: Samurott|91/100|[from] item: Life Orb
|move|p2b: Toxtricity|Overdrive|p1b: Sneasler|[spread] p1a
|-activate|p1b: Sneasler|move: Protect
|-supereffective|p1a: Samurott
|-damage|p1a: Samurott|0 fnt
|faint|p1a: Samurott
|-damage|p2b: Toxtricity|9/100|[from] item: Life Orb
|
|-sideend|p2: EchoHevy5555|move: Tailwind
|upkeep
|turn|5
|
|t:|1757706166
|move|p1b: Sneasler|Protect|p1b: Sneasler
|-singleturn|p1b: Sneasler|Protect
|move|p2a: Incineroar|Fake Out|p1b: Sneasler
|-activate|p1b: Sneasler|move: Protect
|move|p2b: Toxtricity|Boomburst|p1b: Sneasler|[spread] p2a
|-activate|p1b: Sneasler|move: Protect
|-damage|p2a: Incineroar|0 fnt
|faint|p2a: Incineroar
|-damage|p2b: Toxtricity|0 fnt|[from] item: Life Orb
|faint|p2b: Toxtricity
|
|upkeep
|
|t:|1757706169
|switch|p2b: Malamar|Malamar, L50, F|100/100
|switch|p2a: Noivern|Noivern, L50, M|100/100
|turn|6
|
|t:|1757706189
|move|p2a: Noivern|Super Fang|p1b: Sneasler
|-damage|p1b: Sneasler|50/100
|move|p1b: Sneasler|Dire Claw|p2b: Malamar
|-damage|p2b: Malamar|72/100
|move|p2b: Malamar|Superpower|p1b: Sneasler
|-resisted|p1b: Sneasler
|-damage|p1b: Sneasler|25/100
|-boost|p2b: Malamar|atk|1
|-boost|p2b: Malamar|def|1
|
|upkeep
|turn|7
|
|t:|1757706207
|move|p2a: Noivern|Draco Meteor|p1b: Sneasler|[miss]
|-miss|p2a: Noivern|p1b: Sneasler
|move|p1b: Sneasler|Dire Claw|p2b: Malamar
|-damage|p2b: Malamar|54/100
|-status|p2b: Malamar|slp
|cant|p2b: Malamar|slp
|
|upkeep
|turn|8
|
|t:|1757706218
|move|p2a: Noivern|Draco Meteor|p1b: Sneasler
|-damage|p1b: Sneasler|0 fnt
|-unboost|p2a: Noivern|spa|2
|faint|p1b: Sneasler
|
|win|EchoHevy5555
|l|☆Faebian
|player|p1|
