|j|☆mr no sauce
|j|☆FALL3N_DWN
|html|mr no sauceFALL3N_DWN    
|uhtml|bestof|Game 2 of a best-of-3
|t:|1756841169
|gametype|doubles
|player|p1|mr no sauce|courtney|1162
|player|p2|FALL3N_DWN|carmine-festival|1195
|gen|9
|tier|[Gen 9] VGC 2025 Reg H (Bo3)
|rated|
|rule|Species Clause: Limit one of each Pokémon
|rule|Item Clause: Limit 1 of each item
|clearpoke
|poke|p1|Gholdengo, L50|
|poke|p1|Sneasler, L50, F|
|poke|p1|Dragonite, L50, F|
|poke|p1|Garchomp, L50, M|
|poke|p1|Incineroar, L50, F|
|poke|p1|Whimsicott, L50, F|
|poke|p2|Electabuzz, L50, M|
|poke|p2|Kingambit, L50, M|
|poke|p2|Volcarona, L50, M|
|poke|p2|Dragonite, L50, M|
|poke|p2|Sneasler, L50, M|
|poke|p2|Rillaboom, L50, M|
|teampreview|4
|showteam|p1|Gholdengo||ChoiceSpecs|GoodasGold|MakeItRain,ShadowBall,Trick,Protect||||||50|,,,,,Steel]Sneasler||WhiteHerb|Unburden|CloseCombat,DireClaw,ThroatChop,Protect|||F|||50|,,,,,Stellar]Dragonite||ChoiceBand|InnerFocus|ExtremeSpeed,Outrage,IceSpinner,StompingTantrum|||F|||50|,,,,,Normal]Garchomp||LifeOrb|RoughSkin|Earthquake,DragonClaw,StompingTantrum,Protect|||M|||50|,,,,,Ground]Incineroar||AssaultVest|Intimidate|FlareBlitz,KnockOff,FakeOut,Uturn|||F|||50|,,,,,Grass]Whimsicott||FocusSash|Prankster|Moonblast,Tailwind,Encore,Protect|||F|||50|,,,,,Ghost
|showteam|p2|Electabuzz||Eviolite|VitalSpirit|FollowMe,Thunderbolt,Taunt,Protect|||M|||50|,,,,,Ghost]Kingambit||BlackGlasses|Defiant|KowtowCleave,SuckerPunch,SwordsDance,Protect|||M|||50|,,,,,Dark]Volcarona||Leftovers|FlameBody|HeatWave,TeraBlast,QuiverDance,Protect|||M|||50|,,,,,Fairy]Dragonite||LoadedDice|Multiscale|ScaleShot,ExtremeSpeed,Haze,Protect|||M|||50|,,,,,Fairy]Sneasler||FocusSash|Unburden|DireClaw,CloseCombat,Coaching,FakeOut|||M|||50|,,,,,Stellar]Rillaboom||AssaultVest|GrassySurge|FakeOut,WoodHammer,GrassyGlide,HighHorsepower|||M|||50|,,,,,Fire
|inactive|Battle timer is ON: inactive players will automatically lose when time's up. (requested by FALL3N_DWN)
|
|t:|1756841221
|teamsize|p1|4
|teamsize|p2|4
|start
|switch|p1a: Dragonite|Dragonite, L50, F, shiny|100/100
|switch|p1b: Garchomp|Garchomp, L50, M, shiny|100/100
|switch|p2a: Dragonite|Dragonite, L50, M|100/100
|switch|p2b: Sneasler|Sneasler, L50, M|100/100
|turn|1
|inactive|mr no sauce has 30 seconds left.
|inactive|FALL3N_DWN has 30 seconds left.
|inactive|mr no sauce has 20 seconds left.
|inactive|FALL3N_DWN has 20 seconds left.
|
|t:|1756841258
|-terastallize|p2a: Dragonite|Fairy
|-terastallize|p1a: Dragonite|Normal
|move|p1b: Garchomp|Protect|p1b: Garchomp
|-singleturn|p1b: Garchomp|Protect
|move|p1a: Dragonite|Extreme Speed|p2b: Sneasler
|-enditem|p2b: Sneasler|Focus Sash
|-damage|p2b: Sneasler|1/100
|move|p2b: Sneasler|Coaching|p2a: Dragonite
|-boost|p2a: Dragonite|atk|1
|-boost|p2a: Dragonite|def|1
|move|p2a: Dragonite|Scale Shot|p1a: Dragonite
|-damage|p1a: Dragonite|80/100
|-damage|p1a: Dragonite|56/100
|-damage|p1a: Dragonite|34/100
|-damage|p1a: Dragonite|10/100
|-hitcount|p1a: Dragonite|4
|-unboost|p2a: Dragonite|def|1
|-boost|p2a: Dragonite|spe|1
|
|upkeep
|turn|2
|inactive|mr no sauce has 30 seconds left.
|inactive|FALL3N_DWN has 30 seconds left.
|inactive|FALL3N_DWN has 20 seconds left.
|inactive|FALL3N_DWN has 15 seconds left.
|inactive|mr no sauce has 20 seconds left.
|inactive|FALL3N_DWN has 10 seconds left.
|inactive|mr no sauce has 15 seconds left.
|inactive|FALL3N_DWN has 5 seconds left.
|
|t:|1756841311
|switch|p2b: Electabuzz|Electabuzz, L50, M|100/100
|switch|p1a: Incineroar|Incineroar, L50, F|100/100
|-ability|p1a: Incineroar|Intimidate|boost
|-unboost|p2a: Dragonite|atk|1
|-unboost|p2b: Electabuzz|atk|1
|move|p2a: Dragonite|Scale Shot|p1b: Garchomp
|-supereffective|p1b: Garchomp
|-damage|p1b: Garchomp|68/100
|-supereffective|p1b: Garchomp
|-damage|p1b: Garchomp|37/100
|-supereffective|p1b: Garchomp
|-damage|p1b: Garchomp|3/100
|-supereffective|p1b: Garchomp
|-damage|p1b: Garchomp|0 fnt
|faint|p1b: Garchomp
|-hitcount|p1: Garchomp|4
|-unboost|p2a: Dragonite|def|1
|-boost|p2a: Dragonite|spe|1
|
|upkeep
|
|t:|1756841330
|switch|p1b: Sneasler|Sneasler, L50, F, shiny|100/100
|turn|3
|inactive|mr no sauce has 30 seconds left.
|inactive|FALL3N_DWN has 30 seconds left.
|inactive|mr no sauce has 20 seconds left.
|inactive|FALL3N_DWN has 20 seconds left.
|inactive|mr no sauce has 15 seconds left.
|inactive|FALL3N_DWN has 15 seconds left.
|inactive|FALL3N_DWN has 10 seconds left.
|
|t:|1756841377
|move|p1a: Incineroar|Fake Out|p2b: Electabuzz
|-damage|p2b: Electabuzz|92/100
|cant|p2b: Electabuzz|flinch
|move|p2a: Dragonite|Scale Shot|p1b: Sneasler
|-damage|p1b: Sneasler|77/100
|-damage|p1b: Sneasler|54/100
|-damage|p1b: Sneasler|31/100
|-damage|p1b: Sneasler|8/100
|-damage|p1b: Sneasler|0 fnt
|faint|p1b: Sneasler
|-hitcount|p1: Sneasler|5
|-unboost|p2a: Dragonite|def|1
|-boost|p2a: Dragonite|spe|1
|
|upkeep
|
|t:|1756841387
|switch|p1b: Dragonite|Dragonite, L50, F, shiny, tera:Normal|10/100
|turn|4
|-message|mr no sauce forfeited.
|
|win|FALL3N_DWN
||mr no sauce is ready for game 3.
||FALL3N_DWN is ready for game 3.
|uhtml|next|Next: Game 3 of 3
