|j|☆lettitripppp
|j|☆Gastrosophilipp
|html|lettitrippppGastrosophilipp    
|uhtml|bestof|Game 2 of a best-of-3
|t:|1783110877
|gametype|doubles
|player|p1|lettitripppp|lucas|1197
|player|p2|Gastrosophilipp|juan|1175
|gen|9
|tier|[Gen 9 Champions] VGC 2026 Reg M-B (Bo3)
|rated|
|rule|Species Clause: Limit one of each Pokémon
|rule|Item Clause: Limit 1 of each item
|clearpoke
|poke|p1|Charizard, L50, F|
|poke|p1|Floette-Eternal, L50, F|
|poke|p1|Basculegion, L50, M, shiny|
|poke|p1|Garchomp, L50, F|
|poke|p1|Whimsicott, L50, M, shiny|
|poke|p1|Kingambit, L50, F|
|poke|p2|Tyranitar, L50, M|
|poke|p2|Excadrill, L50, M|
|poke|p2|Corviknight, L50, F|
|poke|p2|Hydreigon, L50, M|
|poke|p2|Venusaur, L50, F|
|poke|p2|Sneasler, L50, M|
|teampreview|4
|showteam|p1|Charizard||CharizarditeY|Blaze|WeatherBall,SolarBeam,HeatWave,Protect|Modest||F|||50|]Floette-Eternal||Floettite|FlowerVeil|DazzlingGleam,LightofRuin,Moonblast,Protect|Timid||F|||50|]Basculegion||MysticWater|Adaptability|LastRespects,WaveCrash,AquaJet,Protect|Adamant||M|||50|]Garchomp||LifeOrb|RoughSkin|DragonClaw,Earthquake,RockSlide,Protect|Jolly||F|||50|]Whimsicott||FocusSash|Prankster|Moonblast,Tailwind,Encore,Protect|Timid||M|||50|]Kingambit||OccaBerry|Defiant|KowtowCleave,SuckerPunch,IronHead,LowKick|Adamant||F|||50|
|showteam|p2|Tyranitar||Tyranitarite|SandStream|RockSlide,KnockOff,Protect,LowKick|Adamant||M|||50|]Excadrill||FocusSash|SandRush|IronHead,RockSlide,HighHorsepower,Protect|Adamant||M|||50|]Corviknight||Leftovers|Unnerve|Tailwind,BodyPress,Roost,BraveBird|Adamant||F|||50|]Hydreigon||ChoiceScarf|Levitate|DracoMeteor,DarkPulse,Flamethrower,EarthPower|Modest||M|||50|]Venusaur||Venusaurite|Chlorophyll|SludgeBomb,EarthPower,GigaDrain,Protect|Timid||F|||50|]Sneasler||WhiteHerb|Unburden|CloseCombat,DireClaw,FakeOut,ThroatChop|Jolly||M|||50|
|inactive|Battle timer is ON: inactive players will automatically lose when time's up. (requested by Gastrosophilipp)
|inactive|lettitripppp also wants the timer to be on.
|inactive|Gastrosophilipp has 60 seconds left.
|inactive|Gastrosophilipp has 30 seconds left.
|inactive|Gastrosophilipp has 20 seconds left.
|inactive|Gastrosophilipp has 15 seconds left.
|inactive|Gastrosophilipp has 10 seconds left.
|
|t:|1783110960
|teamsize|p1|4
|teamsize|p2|4
|start
|switch|p1a: CRUSH SHARK|Garchomp, L50, F|100/100
|switch|p1b: LETS GO GO|Whimsicott, L50, M, shiny|100/100
|switch|p2a: Corviknight|Corviknight, L50, F|100/100
|switch|p2b: Sneasler|Sneasler, L50, M|100/100
|-ability|p2a: Corviknight|Unnerve
|turn|1
|
|t:|1783110982
|move|p2b: Sneasler|Fake Out|p1a: CRUSH SHARK
|-damage|p1a: CRUSH SHARK|85/100
|-damage|p2b: Sneasler|87/100|[from] ability: Rough Skin|[of] p1a: CRUSH SHARK
|move|p1b: LETS GO GO|Tailwind|p1b: LETS GO GO
|-sidestart|p1: lettitripppp|move: Tailwind
|cant|p1a: CRUSH SHARK|flinch
|move|p2a: Corviknight|Tailwind|p2a: Corviknight
|-sidestart|p2: Gastrosophilipp|move: Tailwind
|
|upkeep
|turn|2
|inactive|Gastrosophilipp has 30 seconds left.
|
|t:|1783111013
|move|p1b: LETS GO GO|Encore|p2a: Corviknight
|-start|p2a: Corviknight|Encore
|move|p2b: Sneasler|Dire Claw|p1b: LETS GO GO
|-supereffective|p1b: LETS GO GO|2
|-enditem|p1b: LETS GO GO|Focus Sash
|-damage|p1b: LETS GO GO|1/100
|move|p1a: CRUSH SHARK|Dragon Claw|p2b: Sneasler
|-damage|p2b: Sneasler|0 fnt
|faint|p2b: Sneasler
|-damage|p1a: CRUSH SHARK|75/100|[from] item: Life Orb
|move|p2a: Corviknight|Tailwind||[still]
|-fail|p2a: Corviknight
|
|upkeep
|inactive|Gastrosophilipp has 30 seconds left.
|
|t:|1783111040
|switch|p2b: Venusaur|Venusaur, L50, F|100/100
|turn|3
|
|t:|1783111062
|switch|p2a: Hydreigon|Hydreigon, L50, M|100/100
|detailschange|p2b: Venusaur|Venusaur-Mega, L50, F
|-mega|p2b: Venusaur|Venusaur|Venusaurite
|move|p1b: LETS GO GO|Moonblast|p2b: Venusaur
|-resisted|p2b: Venusaur|1
|-damage|p2b: Venusaur|85/100
|move|p1a: CRUSH SHARK|Dragon Claw|p2b: Venusaur
|-damage|p2b: Venusaur|37/100
|-damage|p1a: CRUSH SHARK|65/100|[from] item: Life Orb
|move|p2b: Venusaur|Sludge Bomb|p1b: LETS GO GO
|-supereffective|p1b: LETS GO GO|2
|-damage|p1b: LETS GO GO|0 fnt
|faint|p1b: LETS GO GO
|
|upkeep
|
|t:|1783111079
|switch|p1b: AGNI|Charizard, L50, F|100/100
|turn|4
|inactive|Gastrosophilipp has 30 seconds left.
|inactive|Gastrosophilipp has 20 seconds left.
|inactive|Gastrosophilipp has 15 seconds left.
|inactive|Gastrosophilipp has 10 seconds left.
|
|t:|1783111126
|detailschange|p1b: AGNI|Charizard-Mega-Y, L50, F
|-mega|p1b: AGNI|Charizard|Charizardite Y
|-weather|SunnyDay|[from] ability: Drought|[of] p1b: AGNI
|move|p1a: CRUSH SHARK|Protect|p1a: CRUSH SHARK
|-singleturn|p1a: CRUSH SHARK|Protect
|move|p2b: Venusaur|Protect|p2b: Venusaur
|-singleturn|p2b: Venusaur|Protect
|move|p2a: Hydreigon|Dark Pulse|p1a: CRUSH SHARK
|-activate|p1a: CRUSH SHARK|move: Protect
|move|p1b: AGNI|Heat Wave|p2b: Venusaur|[spread] p2a
|-activate|p2b: Venusaur|move: Protect
|-resisted|p2a: Hydreigon|1
|-damage|p2a: Hydreigon|62/100
|
|-weather|SunnyDay|[upkeep]
|-sideend|p1: lettitripppp|move: Tailwind
|-sideend|p2: Gastrosophilipp|move: Tailwind
|upkeep
|turn|5
|inactive|Gastrosophilipp has 30 seconds left.
|
|t:|1783111152
|move|p2a: Hydreigon|Dark Pulse|p1a: CRUSH SHARK
|-damage|p1a: CRUSH SHARK|13/100
|move|p1a: CRUSH SHARK|Dragon Claw|p2a: Hydreigon
|-supereffective|p2a: Hydreigon|1
|-damage|p2a: Hydreigon|0 fnt
|faint|p2a: Hydreigon
|-damage|p1a: CRUSH SHARK|3/100|[from] item: Life Orb
|move|p1b: AGNI|Weather Ball|p2b: Venusaur
|-supereffective|p2b: Venusaur|1
|-damage|p2b: Venusaur|0 fnt
|faint|p2b: Venusaur
|
|-weather|SunnyDay|[upkeep]
|upkeep
|inactive|Gastrosophilipp has 30 seconds left.
|inactive|Gastrosophilipp has 20 seconds left.
|-message|Gastrosophilipp forfeited.
|
|win|lettitripppp
|raw|lettitripppp's rating: 1197 → 1220(+23 for winning)
|raw|Gastrosophilipp's rating: 1175 → 1152(-23 for losing)
