|j|☆new mental
|j|☆Navizz0
|html|new mentalNavizz0    
|uhtml|bestof|Game 1 of a best-of-3
|t:|1783434967
|gametype|doubles
|player|p1|new mental|volkner|1209
|player|p2|Navizz0|ethan|1241
|gen|9
|tier|[Gen 9 Champions] VGC 2026 Reg M-B (Bo3)
|rated|
|rule|Species Clause: Limit one of each Pokémon
|rule|Item Clause: Limit 1 of each item
|clearpoke
|poke|p1|Aerodactyl, L50, F|
|poke|p1|Garchomp, L50, M|
|poke|p1|Kingambit, L50, F|
|poke|p1|Charizard, L50, F|
|poke|p1|Sylveon, L50, M|
|poke|p1|Farigiraf, L50, F|
|poke|p2|Aerodactyl, L50, F|
|poke|p2|Farigiraf, L50, M|
|poke|p2|Sylveon, L50, F|
|poke|p2|Kingambit, L50, F|
|poke|p2|Garchomp, L50, M|
|poke|p2|Gengar, L50, M|
|teampreview|4
|showteam|p1|Aerodactyl||Aerodactylite|Unnerve|IceFang,RockSlide,Tailwind,DualWingbeat|Jolly||F|||50|]Garchomp||LifeOrb|RoughSkin|DragonClaw,StompingTantrum,Earthquake,Protect|Jolly||M|||50|]Kingambit||FocusSash|Defiant|SuckerPunch,KowtowCleave,IronHead,LowKick|Adamant||F|||50|]Charizard||CharizarditeY|SolarPower|Protect,HeatWave,SolarBeam,WeatherBall|Timid||F|||50|]Sylveon||FairyFeather|Pixilate|Protect,HyperVoice,HyperBeam,QuickAttack|Modest||M|||50|]Farigiraf||SitrusBerry|ArmorTail|TrickRoom,Thunderbolt,Psychic,Roar|Bold||F|||50|
|showteam|p2|Aerodactyl||Aerodactylite|Unnerve|RockSlide,DualWingbeat,Protect,Tailwind|Jolly||F|||50|]Farigiraf||SitrusBerry|ArmorTail|FoulPlay,TwinBeam,Protect,TrickRoom|Calm||M|||50|]Sylveon||FairyFeather|Pixilate|HyperBeam,HyperVoice,Protect,Yawn|Modest||F|||50|]Kingambit||BlackGlasses|Defiant|SuckerPunch,IronHead,Protect,KowtowCleave|Adamant||F|||50|]Garchomp||LifeOrb|RoughSkin|RockSlide,DragonClaw,Earthquake,Protect|Jolly||M|||50|]Gengar||Gengarite|CursedBody|SludgeBomb,ShadowBall,Protect,Endure|Timid||M|||50|
|inactive|Battle timer is ON: inactive players will automatically lose when time's up. (requested by Navizz0)
|inactive|new mental has 60 seconds left.
|inactive|Navizz0 has 60 seconds left.
|
|t:|1783435016
|teamsize|p1|4
|teamsize|p2|4
|start
|switch|p1a: Kingambit|Kingambit, L50, F|100/100
|switch|p1b: Sylveon|Sylveon, L50, M|100/100
|switch|p2a: Aerodactyl|Aerodactyl, L50, F|100/100
|switch|p2b: Sylveon|Sylveon, L50, F|100/100
|-ability|p2a: Aerodactyl|Unnerve
|turn|1
|
|t:|1783435032
|detailschange|p2a: Aerodactyl|Aerodactyl-Mega, L50, F
|-mega|p2a: Aerodactyl|Aerodactyl|Aerodactylite
|move|p2a: Aerodactyl|Rock Slide|p1b: Sylveon|[spread] p1a,p1b
|-resisted|p1a: Kingambit|1
|-damage|p1a: Kingambit|86/100
|-damage|p1b: Sylveon|66/100
|move|p1a: Kingambit|Iron Head|p2b: Sylveon
|-supereffective|p2b: Sylveon|1
|-damage|p2b: Sylveon|0 fnt
|faint|p2b: Sylveon
|move|p1b: Sylveon|Hyper Voice|p2a: Aerodactyl
|-damage|p2a: Aerodactyl|21/100
|
|upkeep
|
|t:|1783435045
|switch|p2b: Garchomp|Garchomp, L50, M|100/100
|turn|2
|
|t:|1783435051
|move|p2a: Aerodactyl|Protect|p2a: Aerodactyl
|-singleturn|p2a: Aerodactyl|Protect
|move|p1a: Kingambit|Sucker Punch||[still]
|-fail|p1a: Kingambit
|move|p2b: Garchomp|Earthquake|p1b: Sylveon|[spread] p1a,p1b
|-activate|p2a: Aerodactyl|move: Protect
|-supereffective|p1a: Kingambit|1
|-damage|p1a: Kingambit|0 fnt
|-damage|p1b: Sylveon|6/100
|faint|p1a: Kingambit
|-damage|p2b: Garchomp|90/100|[from] item: Life Orb
|move|p1b: Sylveon|Hyper Voice|p2a: Aerodactyl|[spread] p2b
|-activate|p2a: Aerodactyl|move: Protect
|-supereffective|p2b: Garchomp|1
|-crit|p2b: Garchomp
|-damage|p2b: Garchomp|0 fnt
|faint|p2b: Garchomp
|
|upkeep
|
|t:|1783435060
|switch|p2b: Kingambit|Kingambit, L50, F|100/100
|switch|p1a: Farigiraf|Farigiraf, L50, F|100/100
|turn|3
|
|t:|1783435073
|move|p1b: Sylveon|Quick Attack|p2a: Aerodactyl
|-damage|p2a: Aerodactyl|3/100
|move|p2a: Aerodactyl|Rock Slide|p1a: Farigiraf|[spread] p1a,p1b
|-damage|p1a: Farigiraf|78/100
|-damage|p1b: Sylveon|0 fnt
|faint|p1b: Sylveon
|move|p2b: Kingambit|Kowtow Cleave|p1a: Farigiraf
|-supereffective|p1a: Farigiraf|1
|-crit|p1a: Farigiraf
|-damage|p1a: Farigiraf|0 fnt
|faint|p1a: Farigiraf
|
|upkeep
|
|t:|1783435088
|switch|p1b: Charizard|Charizard, L50, F|100/100
|turn|4
|
|t:|1783435091
|detailschange|p1b: Charizard|Charizard-Mega-Y, L50, F
|-mega|p1b: Charizard|Charizard|Charizardite Y
|-weather|SunnyDay|[from] ability: Drought|[of] p1b: Charizard
|move|p2b: Kingambit|Sucker Punch|p1b: Charizard
|-damage|p1b: Charizard|55/100
|move|p2a: Aerodactyl|Rock Slide|p1b: Charizard
|-supereffective|p1b: Charizard|2
|-damage|p1b: Charizard|0 fnt
|faint|p1b: Charizard
|
|win|Navizz0
||Navizz0 is ready for game 2.
||new mental is ready for game 2.
|uhtml|next|Next: Game 2 of 3
