|j|☆Schroombert
|j|☆Mumblin'Penguin
|html|SchroombertMumblin'Penguin    
|uhtml|bestof|Game 1 of a best-of-3
|t:|1756299478
|gametype|doubles
|player|p1|Schroombert|rancher|1277
|player|p2|Mumblin'Penguin|gambler|1153
|gen|9
|tier|[Gen 9] VGC 2025 Reg H (Bo3)
|rated|
|rule|Species Clause: Limit one of each Pokémon
|rule|Item Clause: Limit 1 of each item
|clearpoke
|poke|p1|Whimsicott, L50, M|
|poke|p1|Ursaluna-Bloodmoon, L50, M|
|poke|p1|Archaludon, L50, M|
|poke|p1|Typhlosion-Hisui, L50, F|
|poke|p1|Indeedee-F, L50, F|
|poke|p1|Gallade, L50, M|
|poke|p2|Ursaluna-Bloodmoon, L50, M|
|poke|p2|Gholdengo, L50|
|poke|p2|Dragonite, L50, F|
|poke|p2|Sneasler, L50, M|
|poke|p2|Incineroar, L50, M|
|poke|p2|Amoonguss, L50, M|
|teampreview|4
|showteam|p1|Whimsicott||CovertCloak|Prankster|Tailwind,Moonblast,SunnyDay,Encore|||M|||50|,,,,,Steel]Ursaluna-Bloodmoon||LifeOrb|MindsEye|EarthPower,BloodMoon,HyperVoice,Protect|||M|||50|,,,,,Normal]Archaludon||PowerHerb|Sturdy|ElectroShot,FlashCannon,Protect,DracoMeteor|||M|||50|,,,,,Electric]Typhlosion-Hisui||ChoiceSpecs|Blaze|Eruption,HeatWave,ShadowBall,Overheat|||F|||50|,,,,,Fire]Indeedee-F||SafetyGoggles|PsychicSurge|TrickRoom,FollowMe,Imprison,Psychic|||F|||50|,,,,,Fairy]Gallade||ClearAmulet|Sharpness|NightSlash,PsychoCut,SacredSword,WideGuard|||M|||50|,,,,,Grass
|showteam|p2|Ursaluna-Bloodmoon||AssaultVest|MindsEye|BloodMoon,EarthPower,VacuumWave,HyperVoice|||M|||50|,,,,,Water]Gholdengo||LifeOrb|GoodasGold|Protect,MakeItRain,ShadowBall,NastyPlot||||||50|,,,,,Water]Dragonite||LoadedDice|Multiscale|ScaleShot,Tailwind,Haze,Protect|||F|||50|,,,,,Fairy]Sneasler||FocusSash|Unburden|Protect,DireClaw,CloseCombat,ThroatChop|||M|||50|,,,,,Stellar]Incineroar||SafetyGoggles|Intimidate|KnockOff,PartingShot,FlareBlitz,FakeOut|||M|||50|,,,,,Ghost]Amoonguss||SitrusBerry|Regenerator|RagePowder,Spore,PollenPuff,Protect|||M|||50|,,,,,Psychic
|inactive|Battle timer is ON: inactive players will automatically lose when time's up. (requested by Schroombert)
|inactive|Mumblin'Penguin has 60 seconds left.
|
|t:|1756299523
|teamsize|p1|4
|teamsize|p2|4
|start
|switch|p1a: Indeedee|Indeedee-F, L50, F|100/100
|switch|p1b: Gallade|Gallade, L50, M, shiny|100/100
|switch|p2a: Ursaluna|Ursaluna-Bloodmoon, L50, M|100/100
|switch|p2b: Incineroar|Incineroar, L50, M|100/100
|-ability|p2b: Incineroar|Intimidate|boost
|-unboost|p1a: Indeedee|atk|1
|-fail|p1b: Gallade|unboost|[from] item: Clear Amulet|[of] p1b: Gallade
|-fieldstart|move: Psychic Terrain|[from] ability: Psychic Surge|[of] p1a: Indeedee
|turn|1
|inactive|Schroombert has 30 seconds left.
|inactive|Mumblin'Penguin has 30 seconds left.
|inactive|Schroombert has 20 seconds left.
|inactive|Mumblin'Penguin has 20 seconds left.
|inactive|Schroombert has 15 seconds left.
|inactive|Mumblin'Penguin has 15 seconds left.
|inactive|Schroombert has 10 seconds left.
|inactive|Mumblin'Penguin has 10 seconds left.
|inactive|Mumblin'Penguin has 5 seconds left.
|
|t:|1756299573
|-terastallize|p2a: Ursaluna|Water
|move|p1b: Gallade|Sacred Sword|p2a: Ursaluna
|-damage|p2a: Ursaluna|43/100
|move|p2b: Incineroar|Knock Off|p1a: Indeedee
|-supereffective|p1a: Indeedee
|-damage|p1a: Indeedee|25/100
|-enditem|p1a: Indeedee|Safety Goggles|[from] move: Knock Off|[of] p2b: Incineroar
|move|p1a: Indeedee|Psychic|p2a: Ursaluna
|-damage|p2a: Ursaluna|17/100
|-unboost|p2a: Ursaluna|spd|1
|move|p2a: Ursaluna|Blood Moon|p1b: Gallade
|-damage|p1b: Gallade|36/100
|
|upkeep
|turn|2
|inactive|Mumblin'Penguin has 30 seconds left.
|inactive|Mumblin'Penguin has 20 seconds left.
|inactive|Mumblin'Penguin has 15 seconds left.
|inactive|Mumblin'Penguin has 10 seconds left.
|
|t:|1756299620
|move|p1b: Gallade|Sacred Sword|p2b: Incineroar
|-supereffective|p2b: Incineroar
|-damage|p2b: Incineroar|0 fnt
|faint|p2b: Incineroar
|move|p1a: Indeedee|Psychic|p2a: Ursaluna
|-damage|p2a: Ursaluna|0 fnt
|faint|p2a: Ursaluna
|
|upkeep
|
|t:|1756299628
|switch|p2b: Dragonite|Dragonite, L50, F|100/100
|switch|p2a: Sneasler|Sneasler, L50, M|100/100
|turn|3
|inactive|Schroombert has 30 seconds left.
|inactive|Schroombert has 20 seconds left.
|inactive|Schroombert has 15 seconds left.
|inactive|Schroombert has 10 seconds left.
|inactive|Schroombert has 5 seconds left.
|
|t:|1756299678
|move|p1a: Indeedee|Follow Me|p1a: Indeedee
|-singleturn|p1a: Indeedee|move: Follow Me
|move|p2a: Sneasler|Throat Chop|p1a: Indeedee
|-supereffective|p1a: Indeedee
|-damage|p1a: Indeedee|0 fnt
|faint|p1a: Indeedee
|move|p2b: Dragonite|Scale Shot|p1b: Gallade|[miss]
|-miss|p2b: Dragonite|p1b: Gallade
|move|p1b: Gallade|Sacred Sword|p2a: Sneasler
|-resisted|p2a: Sneasler
|-damage|p2a: Sneasler|37/100
|
|upkeep
|inactive|Schroombert has 30 seconds left.
|inactive|Schroombert has 20 seconds left.
|inactive|Schroombert has 15 seconds left.
|inactive|Schroombert has 10 seconds left.
|inactive|Schroombert has 5 seconds left.
|
|t:|1756299733
|switch|p1a: Whimsicott|Whimsicott, L50, M, shiny|100/100
|turn|4
|inactive|Schroombert has 30 seconds left.
|inactive|Mumblin'Penguin has 30 seconds left.
|inactive|Schroombert has 20 seconds left.
|inactive|Mumblin'Penguin has 20 seconds left.
|inactive|Schroombert has 15 seconds left.
|inactive|Mumblin'Penguin has 15 seconds left.
|inactive|Schroombert has 10 seconds left.
|inactive|Schroombert has 5 seconds left.
|
|t:|1756299788
|move|p1a: Whimsicott|Tailwind|p1a: Whimsicott
|-sidestart|p1: Schroombert|move: Tailwind
|move|p1b: Gallade|Night Slash|p2a: Sneasler
|-resisted|p2a: Sneasler
|-damage|p2a: Sneasler|6/100
|move|p2a: Sneasler|Dire Claw|p1a: Whimsicott
|-supereffective|p1a: Whimsicott
|-damage|p1a: Whimsicott|0 fnt
|faint|p1a: Whimsicott
|move|p2b: Dragonite|Scale Shot|p1b: Gallade
|-crit|p1b: Gallade
|-damage|p1b: Gallade|3/100
|-damage|p1b: Gallade|0 fnt
|faint|p1b: Gallade
|-hitcount|p1: Gallade|2
|-unboost|p2b: Dragonite|def|1
|-boost|p2b: Dragonite|spe|1
|
|upkeep
|inactive|Schroombert has 30 seconds left.
|inactive|Schroombert has 20 seconds left.
|inactive|Schroombert has 15 seconds left.
|inactive|Schroombert has 10 seconds left.
|inactive|Schroombert has 5 seconds left.
|
|t:|1756299843
|switch|p1a: Typhlosion|Typhlosion-Hisui, L50, F, shiny|100/100
|turn|5
|inactive|Schroombert has 30 seconds left.
|inactive|Schroombert has 20 seconds left.
|inactive|Schroombert has 15 seconds left.
|inactive|Schroombert has 10 seconds left.
|inactive|Schroombert has 5 seconds left.
|
|t:|1756299898
|move|p2a: Sneasler|Protect|p2a: Sneasler
|-singleturn|p2a: Sneasler|Protect
|move|p1a: Typhlosion|Eruption|p2a: Sneasler|[spread] p2b
|-activate|p2a: Sneasler|move: Protect
|-resisted|p2b: Dragonite
|-damage|p2b: Dragonite|80/100
|move|p2b: Dragonite|Tailwind|p2b: Dragonite
|-sidestart|p2: Mumblin'Penguin|move: Tailwind
|
|-fieldend|move: Psychic Terrain
|upkeep
|turn|6
|inactive|Schroombert has 30 seconds left.
|inactive|Schroombert has 20 seconds left.
|inactive|Schroombert has 15 seconds left.
|inactive|Schroombert has 10 seconds left.
|inactive|Schroombert has 5 seconds left.
|
|t:|1756299953
|move|p2b: Dragonite|Scale Shot|p1a: Typhlosion
|-damage|p1a: Typhlosion|80/100
|-damage|p1a: Typhlosion|58/100
|-damage|p1a: Typhlosion|36/100
|-crit|p1a: Typhlosion
|-damage|p1a: Typhlosion|0 fnt
|faint|p1a: Typhlosion
|-hitcount|p1: Typhlosion|4
|
|win|Mumblin'Penguin
||Mumblin'Penguin is ready for game 2.
|inactive|Schroombert has 30 seconds to confirm battle start!
|inactive|Schroombert has 20 seconds to confirm battle start!
|inactive|Schroombert has 10 seconds to confirm battle start!
|uhtml|next|Next: Game 2 of 3
|l|☆Schroombert
|player|p1|
