|j|☆we_are_toasted
|j|☆monkeychese
|html|we_are_toastedmonkeychese    
|uhtml|bestof|Game 1 of a best-of-3
|t:|1784330755
|gametype|doubles
|player|p1|we_are_toasted|169|1232
|player|p2|monkeychese|lucas|1167
|gen|9
|tier|[Gen 9 Champions] VGC 2026 Reg M-B (Bo3)
|rated|
|rule|Species Clause: Limit one of each Pokémon
|rule|Item Clause: Limit 1 of each item
|clearpoke
|poke|p1|Pelipper, L50, F|
|poke|p1|Archaludon, L50, F|
|poke|p1|Venusaur, L50, F|
|poke|p1|Basculegion, L50, M|
|poke|p1|Grimmsnarl, L50, M|
|poke|p1|Charizard, L50, F|
|poke|p2|Metagross, L50|
|poke|p2|Whimsicott, L50, M|
|poke|p2|Garchomp, L50, M|
|poke|p2|Charizard, L50, F|
|poke|p2|Sneasler, L50, F|
|poke|p2|Milotic, L50, F|
|teampreview|4
|showteam|p1|Pelipper||SitrusBerry|Drizzle|WeatherBall,Hurricane,WideGuard,Tailwind|Modest||F|||50|]Archaludon||Leftovers|Stamina|FlashCannon,ElectroShot,DragonPulse,Protect|Calm||F|||50|]Venusaur||FocusSash|Chlorophyll|SleepPowder,SludgeBomb,EarthPower,Protect|Modest||F|||50|]Basculegion||ChoiceScarf|Adaptability|WaveCrash,FlipTurn,LastRespects,AquaJet|Jolly||M|||50|]Grimmsnarl||LightClay|Prankster|SpiritBreak,Reflect,LightScreen,PartingShot|Sassy||M|||50|]Charizard||CharizarditeY|Blaze|HeatWave,WeatherBall,SolarBeam,Protect|Modest||F|||50|
|showteam|p2|Metagross||Metagrossite|ClearBody|IronHead,PsychicFangs,StompingTantrum,Protect|Adamant|||||50|]Whimsicott||FocusSash|Prankster|Moonblast,Encore,Tailwind,Protect|Timid||M|||50|]Garchomp||LifeOrb|RoughSkin|RockSlide,DragonClaw,StompingTantrum,Protect|Jolly||M|||50|]Charizard||CharizarditeY|Blaze|HeatWave,WeatherBall,SolarBeam,Protect|Timid||F|||50|]Sneasler||WhiteHerb|Unburden|DireClaw,CloseCombat,FakeOut,Protect|Jolly||F|||50|]Milotic||Leftovers|Competitive|MuddyWater,Coil,Hypnosis,Recover|Modest||F|||50|
|inactive|Battle timer is ON: inactive players will automatically lose when time's up. (requested by we_are_toasted)
|inactive|we_are_toasted has 60 seconds left.
|inactive|we_are_toasted has 30 seconds left.
|inactive|we_are_toasted has 20 seconds left.
|
|t:|1784330831
|teamsize|p1|4
|teamsize|p2|4
|start
|switch|p1a: Charizard|Charizard, L50, F|100/100
|switch|p1b: Venusaur|Venusaur, L50, F|100/100
|switch|p2a: Whimsicott|Whimsicott, L50, M|100/100
|switch|p2b: Metagross|Metagross, L50|100/100
|turn|1
|inactive|we_are_toasted has 30 seconds left.
|inactive|we_are_toasted has 20 seconds left.
|inactive|we_are_toasted has 15 seconds left.
|
|t:|1784330872
|detailschange|p1a: Charizard|Charizard-Mega-Y, L50, F
|-mega|p1a: Charizard|Charizard|Charizardite Y
|-weather|SunnyDay|[from] ability: Drought|[of] p1a: Charizard
|move|p2b: Metagross|Protect|p2b: Metagross
|-singleturn|p2b: Metagross|Protect
|move|p2a: Whimsicott|Tailwind|p2a: Whimsicott
|-sidestart|p2: monkeychese|move: Tailwind
|move|p1b: Venusaur|Sleep Powder|p2b: Metagross
|-activate|p2b: Metagross|move: Protect
|move|p1a: Charizard|Heat Wave|p2b: Metagross|[spread] p2a
|-activate|p2b: Metagross|move: Protect
|-supereffective|p2a: Whimsicott|1
|-crit|p2a: Whimsicott
|-enditem|p2a: Whimsicott|Focus Sash
|-damage|p2a: Whimsicott|1/100
|
|-weather|SunnyDay|[upkeep]
|upkeep
|turn|2
|
|t:|1784330890
|detailschange|p2b: Metagross|Metagross-Mega, L50
|-mega|p2b: Metagross|Metagross|Metagrossite
|move|p1b: Venusaur|Protect|p1b: Venusaur
|-singleturn|p1b: Venusaur|Protect
|move|p2a: Whimsicott|Moonblast|p1b: Venusaur
|-activate|p1b: Venusaur|move: Protect
|move|p2b: Metagross|Psychic Fangs|p1b: Venusaur
|-activate|p1b: Venusaur|move: Protect
|move|p1a: Charizard|Heat Wave|p2a: Whimsicott|[spread] p2a,p2b
|-supereffective|p2a: Whimsicott|1
|-supereffective|p2b: Metagross|1
|-damage|p2a: Whimsicott|0 fnt
|-damage|p2b: Metagross|0 fnt
|faint|p2a: Whimsicott
|faint|p2b: Metagross
|
|-weather|SunnyDay|[upkeep]
|upkeep
|
|t:|1784330894
|switch|p2a: Garchomp|Garchomp, L50, M|100/100
|switch|p2b: Sneasler|Sneasler, L50, F|100/100
|turn|3
|j| KingHephaestus
|inactive|we_are_toasted has 30 seconds left.
|inactive|we_are_toasted has 20 seconds left.
|
|t:|1784330933
|move|p1a: Charizard|Protect|p1a: Charizard
|-singleturn|p1a: Charizard|Protect
|move|p2b: Sneasler|Fake Out|p1b: Venusaur
|-damage|p1b: Venusaur|81/100
|move|p2a: Garchomp|Rock Slide|p1a: Charizard|[spread] p1b
|-activate|p1a: Charizard|move: Protect
|-damage|p1b: Venusaur|48/100
|-damage|p2a: Garchomp|90/100|[from] item: Life Orb
|cant|p1b: Venusaur|flinch
|
|-weather|SunnyDay|[upkeep]
|upkeep
|turn|4
|inactive|monkeychese has 30 seconds left.
|
|t:|1784330965
|switch|p1a: Basculegion|Basculegion, L50, M|100/100
|move|p1b: Venusaur|Protect|p1b: Venusaur
|-singleturn|p1b: Venusaur|Protect
|move|p2b: Sneasler|Dire Claw|p1b: Venusaur
|-activate|p1b: Venusaur|move: Protect
|move|p2a: Garchomp|Rock Slide|p1a: Basculegion|[spread] p1a
|-activate|p1b: Venusaur|move: Protect
|-damage|p1a: Basculegion|67/100
|-damage|p2a: Garchomp|80/100|[from] item: Life Orb
|
|-weather|SunnyDay|[upkeep]
|-sideend|p2: monkeychese|move: Tailwind
|upkeep
|turn|5
|-message|monkeychese forfeited.
|
|win|we_are_toasted
|l|☆monkeychese
|player|p2|
||monkeychese is ready for game 2.
||we_are_toasted is ready for game 2.
|uhtml|next|Next: Game 2 of 3
|l| KingHephaestus
