|j|☆Northgdh
|j|☆gengur
|html|Northgdhgengur    
|uhtml|bestof|Game 1 of a best-of-3
|t:|1783968203
|gametype|doubles
|player|p1|Northgdh|102|1331
|player|p2|gengur|1|1320
|gen|9
|tier|[Gen 9 Champions] VGC 2026 Reg M-B (Bo3)
|rated|
|rule|Species Clause: Limit one of each Pokémon
|rule|Item Clause: Limit 1 of each item
|clearpoke
|poke|p1|Incineroar, L50, M, shiny|
|poke|p1|Delphox, L50, F, shiny|
|poke|p1|Sinistcha, L50|
|poke|p1|Kingambit, L50, M, shiny|
|poke|p1|Blastoise, L50, M, shiny|
|poke|p1|Sneasler, L50, M|
|poke|p2|Froslass, L50, F|
|poke|p2|Scovillain, L50, M|
|poke|p2|Lycanroc-Dusk, L50, M|
|poke|p2|Kingambit, L50, M|
|poke|p2|Basculegion, L50, M|
|poke|p2|Sneasler, L50, F|
|teampreview|4
|showteam|p1|Incineroar||SitrusBerry|Intimidate|FlareBlitz,FakeOut,HelpingHand,PartingShot|Impish||M|||50|]Delphox||Delphoxite|Blaze|HeatWave,Psychic,NastyPlot,Protect|Timid||F|||50|]Sinistcha||KasibBerry|Hospitality|MatchaGotcha,RagePowder,LifeDew,Protect|Bold|||||50|]Kingambit||LifeOrb|Defiant|KowtowCleave,SuckerPunch,SwordsDance,Protect|Adamant||M|||50|]Blastoise||Blastoisinite|RainDish|WaterSpout,DarkPulse,ShellSmash,Protect|Modest||M|||50|]Sneasler||FocusSash|PoisonTouch|CloseCombat,PoisonJab,FakeOut,QuickGuard|Jolly||M|||50|
|showteam|p2|Froslass||Froslassite|CursedBody|Blizzard,ShadowBall,AuroraVeil,Protect|Modest||F|||50|]Scovillain||Scovillainite|Moody|Overheat,GigaDrain,RagePowder,Protect|Modest||M|||50|]Lycanroc-Dusk||FocusSash|ToughClaws|RockSlide,CloseCombat,Accelerock,Protect|Adamant||M|||50|]Kingambit||BlackGlasses|Defiant|KowtowCleave,SuckerPunch,SwordsDance,Protect|Adamant||M|||50|]Basculegion||SitrusBerry|Adaptability|WaveCrash,LastRespects,AquaJet,Protect|Adamant||M|||50|]Sneasler||WhiteHerb|Unburden|CloseCombat,DireClaw,FakeOut,Protect|Adamant||F|||50|
|inactive|Battle timer is ON: inactive players will automatically lose when time's up. (requested by Northgdh)
|inactive|gengur has 60 seconds left.
|inactive|Northgdh has 60 seconds left.
|inactive|gengur has 30 seconds left.
|inactive|gengur has 20 seconds left.
|
|t:|1783968277
|teamsize|p1|4
|teamsize|p2|4
|start
|switch|p1a: purple|Delphox, L50, F, shiny|100/100
|switch|p1b: honeybee|Sneasler, L50, M|100/100
|switch|p2a: Sneasler|Sneasler, L50, F|100/100
|switch|p2b: Froslass|Froslass, L50, F|100/100
|turn|1
|inactive|Northgdh has 30 seconds left.
|inactive|Northgdh has 20 seconds left.
|
|t:|1783968317
|detailschange|p1a: purple|Delphox-Mega, L50, F, shiny
|-mega|p1a: purple|Delphox|Delphoxite
|detailschange|p2b: Froslass|Froslass-Mega, L50, F
|-mega|p2b: Froslass|Froslass|Froslassite
|-weather|Snowscape|[from] ability: Snow Warning|[of] p2b: Froslass
|move|p1b: honeybee|Fake Out|p2a: Sneasler
|-damage|p2a: Sneasler|81/100
|cant|p2a: Sneasler|flinch
|move|p1a: purple|Nasty Plot|p1a: purple
|-boost|p1a: purple|spa|2
|move|p2b: Froslass|Aurora Veil|p2b: Froslass
|-sidestart|p2: gengur|move: Aurora Veil
|
|-weather|Snowscape|[upkeep]
|upkeep
|turn|2
|
|t:|1783968338
|move|p1a: purple|Heat Wave|p2a: Sneasler|[spread] p2b
|-miss|p1a: purple|p2a: Sneasler
|-supereffective|p2b: Froslass|1
|-damage|p2b: Froslass|0 fnt
|faint|p2b: Froslass
|move|p1b: honeybee|Close Combat|p2a: Sneasler
|-resisted|p2a: Sneasler|1
|-damage|p2a: Sneasler|54/100
|-unboost|p1b: honeybee|def|1
|-unboost|p1b: honeybee|spd|1
|move|p2a: Sneasler|Dire Claw|p1b: honeybee
|-resisted|p1b: honeybee|1
|-damage|p1b: honeybee|45/100
|
|-weather|Snowscape|[upkeep]
|upkeep
|c|☆Northgdh|What a miss
|
|t:|1783968349
|switch|p2b: Lycanroc|Lycanroc-Dusk, L50, M|100/100
|turn|3
|
|t:|1783968362
|move|p1a: purple|Protect|p1a: purple
|-singleturn|p1a: purple|Protect
|move|p1b: honeybee|Close Combat|p2b: Lycanroc
|-supereffective|p2b: Lycanroc|1
|-enditem|p2b: Lycanroc|Focus Sash
|-damage|p2b: Lycanroc|1/100
|-unboost|p1b: honeybee|def|1
|-unboost|p1b: honeybee|spd|1
|move|p2a: Sneasler|Dire Claw|p1a: purple
|-activate|p1a: purple|move: Protect
|move|p2b: Lycanroc|Rock Slide|p1a: purple|[spread] p1b
|-activate|p1a: purple|move: Protect
|-resisted|p1b: honeybee|1
|-damage|p1b: honeybee|0 fnt
|faint|p1b: honeybee
|
|-weather|Snowscape|[upkeep]
|upkeep
|
|t:|1783968367
|switch|p1b: the cure|Sinistcha, L50|100/100
|turn|4
|
|t:|1783968380
|move|p1b: the cure|Rage Powder|p1b: the cure
|-singleturn|p1b: the cure|move: Rage Powder
|move|p2b: Lycanroc|Accelerock|p1b: the cure
|-damage|p1b: the cure|77/100
|move|p1a: purple|Heat Wave|p2b: Lycanroc|[spread] p2a,p2b
|-crit|p2a: Sneasler
|-resisted|p2b: Lycanroc|1
|-damage|p2a: Sneasler|0 fnt
|-damage|p2b: Lycanroc|0 fnt
|faint|p2a: Sneasler
|faint|p2b: Lycanroc
|
|-weather|Snowscape|[upkeep]
|upkeep
|-message|gengur forfeited.
|
|win|Northgdh
|l|☆gengur
|player|p2|
||gengur is ready for game 2.
