|j|☆CrystalGem02
|j|☆ramesses_the_ii
|html|CrystalGem02ramesses_the_ii    
|uhtml|bestof|Game 2 of a best-of-3
|t:|1756234222
|gametype|doubles
|player|p1|CrystalGem02|valerie|1174
|player|p2|ramesses_the_ii|policeman-gen4|1078
|gen|9
|tier|[Gen 9] VGC 2025 Reg H (Bo3)
|rated|
|rule|Species Clause: Limit one of each Pokémon
|rule|Item Clause: Limit 1 of each item
|clearpoke
|poke|p1|Rillaboom, L50, F|
|poke|p1|Electabuzz, L50, M|
|poke|p1|Archaludon, L50, F|
|poke|p1|Kingambit, L50, M|
|poke|p1|Pelipper, L50, F|
|poke|p1|Basculegion, L50, M|
|poke|p2|Ceruledge, L50, F|
|poke|p2|Rillaboom, L50, M|
|poke|p2|Clefairy, L50, M|
|poke|p2|Glimmora, L50, M|
|poke|p2|Whimsicott, L50, M|
|poke|p2|Hydreigon, L50, F|
|teampreview|4
|showteam|p1|Rillaboom||LoadedDice|GrassySurge|BulletSeed,GrassyGlide,HighHorsepower,FakeOut|||F|||50|,,,,,Fire]Electabuzz||Eviolite|VitalSpirit|Electroweb,Taunt,FollowMe,Protect|||M|||50|,,,,,Ghost]Archaludon||AssaultVest|Stamina|ElectroShot,DracoMeteor,FlashCannon,BodyPress|||F|||50|,,,,,Fairy]Kingambit||BlackGlasses|Defiant|KowtowCleave,SuckerPunch,SwordsDance,Protect|||M|||50|,,,,,Dark]Pelipper||FocusSash|Drizzle|WeatherBall,Hurricane,Tailwind,Protect|||F|||50|,,,,,Ghost]Basculegion||ChoiceBand|SwiftSwim|WaveCrash,FlipTurn,AquaJet,LastRespects|||M|||50|,,,,,Grass
|showteam|p2|Ceruledge||ClearAmulet|FlashFire|Protect,BulkUp,BitterBlade,ShadowSneak|||F|||50|,,,,,Grass]Rillaboom||MiracleSeed|GrassySurge|FakeOut,GrassyGlide,WoodHammer,Uturn|||M|||50|,,,,,Fire]Clefairy||Eviolite|FriendGuard|Protect,FollowMe,HelpingHand,AfterYou|||M|||50|,,,,,Dark]Glimmora||PowerHerb|ToxicDebris|SpikyShield,EarthPower,MeteorBeam,SludgeBomb|||M|||50|,,,,,Ground]Whimsicott||FocusSash|Prankster|Protect,Tailwind,Moonblast,Taunt|||M|||50|,,,,,Ghost]Hydreigon||LifeOrb|Levitate|Protect,Snarl,DarkPulse,DracoMeteor|||F|||50|,,,,,Steel
|inactive|Battle timer is ON: inactive players will automatically lose when time's up. (requested by CrystalGem02)
|inactive|ramesses_the_ii has 60 seconds left.
|
|t:|1756234268
|teamsize|p1|4
|teamsize|p2|4
|start
|switch|p1a: Basculegion|Basculegion, L50, M|100/100
|switch|p1b: Pelipper|Pelipper, L50, F|100/100
|switch|p2a: Clefairy|Clefairy, L50, M|100/100
|switch|p2b: Glimmora|Glimmora, L50, M|100/100
|-weather|RainDance|[from] ability: Drizzle|[of] p1b: Pelipper
|turn|1
|
|t:|1756234292
|move|p2a: Clefairy|Follow Me|p2a: Clefairy
|-singleturn|p2a: Clefairy|move: Follow Me
|move|p1a: Basculegion|Wave Crash|p2a: Clefairy
|-damage|p2a: Clefairy|0 fnt
|faint|p2a: Clefairy
|-damage|p1a: Basculegion|76/100|[from] Recoil
|move|p2b: Glimmora|Meteor Beam||[still]
|-prepare|p2b: Glimmora|Meteor Beam
|-boost|p2b: Glimmora|spa|1
|-enditem|p2b: Glimmora|Power Herb
|-anim|p2b: Glimmora|Meteor Beam|p1b: Pelipper
|-supereffective|p1b: Pelipper
|-enditem|p1b: Pelipper|Focus Sash
|-damage|p1b: Pelipper|1/100
|move|p1b: Pelipper|Weather Ball|p2b: Glimmora
|-supereffective|p2b: Glimmora
|-damage|p2b: Glimmora|0 fnt
|faint|p2b: Glimmora
|
|-weather|RainDance|[upkeep]
|upkeep
|
|t:|1756234309
|switch|p2b: Whimsicott|Whimsicott, L50, M|100/100
|switch|p2a: Rillaboom|Rillaboom, L50, M|100/100
|-fieldstart|move: Grassy Terrain|[from] ability: Grassy Surge|[of] p2a: Rillaboom
|turn|2
|
|t:|1756234319
|switch|p1b: Kingambit|Kingambit, L50, M|100/100
|-terastallize|p1a: Basculegion|Grass
|move|p2a: Rillaboom|Grassy Glide|p1a: Basculegion
|-resisted|p1a: Basculegion
|-damage|p1a: Basculegion|48/100
|move|p1a: Basculegion|Wave Crash|p2a: Rillaboom
|-resisted|p2a: Rillaboom
|-damage|p2a: Rillaboom|40/100
|-damage|p1a: Basculegion|27/100|[from] Recoil
|move|p2b: Whimsicott|Moonblast|p1b: Kingambit
|-damage|p1b: Kingambit|65/100
|
|-weather|RainDance|[upkeep]
|-heal|p1a: Basculegion|33/100|[from] Grassy Terrain
|-heal|p2a: Rillaboom|45/100|[from] Grassy Terrain
|-heal|p1b: Kingambit|71/100|[from] Grassy Terrain
|upkeep
|turn|3
|
|t:|1756234337
|move|p2b: Whimsicott|Tailwind|p2b: Whimsicott
|-sidestart|p2: ramesses_the_ii|move: Tailwind
|move|p1a: Basculegion|Wave Crash|p2a: Rillaboom
|-resisted|p2a: Rillaboom
|-damage|p2a: Rillaboom|0 fnt
|faint|p2a: Rillaboom
|-damage|p1a: Basculegion|17/100|[from] Recoil
|move|p1b: Kingambit|Kowtow Cleave|p2b: Whimsicott
|-resisted|p2b: Whimsicott
|-damage|p2b: Whimsicott|52/100
|
|-weather|RainDance|[upkeep]
|-heal|p2b: Whimsicott|58/100|[from] Grassy Terrain
|-heal|p1a: Basculegion|23/100|[from] Grassy Terrain
|-heal|p1b: Kingambit|77/100|[from] Grassy Terrain
|upkeep
|turn|4
|-message|ramesses_the_ii forfeited.
|raw|CrystalGem02's rating: 1174 → 1192(+18 for winning)
|raw|ramesses_the_ii's rating: 1078 → 1062(-16 for losing)
|
|win|CrystalGem02
