|j|Ōśåtonynds
|j|Ōśåeevee1ynn
|html|tonyndseevee1ynn    
|uhtml|bestof|Game 1 of a best-of-3
|t:|1783533953
|gametype|doubles
|player|p1|tonynds|170|
|player|p2|eevee1ynn|serena-masters3|
|gen|9
|tier|[Gen 9 Champions] VGC 2026 Reg M-B (Bo3)
|rule|Species Clause: Limit one of each Pok├®mon
|rule|Item Clause: Limit 1 of each item
|clearpoke
|poke|p1|Blastoise, L50, F|
|poke|p1|Incineroar, L50, M|
|poke|p1|Maushold, L50|
|poke|p1|Delphox, L50, F|
|poke|p1|Sinistcha, L50|
|poke|p1|Kingambit, L50, F|
|poke|p2|Scrafty, L50, M, shiny|
|poke|p2|Ceruledge, L50, M|
|poke|p2|Ninetales-Alola, L50, F|
|poke|p2|Sinistcha, L50|
|poke|p2|Dragonite, L50, M|
|poke|p2|Raichu, L50, M|
|teampreview|4
|showteam|p1|Blastoise||Blastoisinite|RainDish|WaterSpout,DarkPulse,ShellSmash,Protect|Modest||F|||50|]Incineroar||SitrusBerry|Intimidate|FakeOut,ThroatChop,FlareBlitz,PartingShot|Impish||M|||50|]Maushold||FocusSash|FriendGuard|FollowMe,Feint,SuperFang,Protect|Jolly|||||50|]Delphox||Delphoxite|Blaze|HeatWave,Psyshock,NastyPlot,Protect|Modest||F|||50|]Sinistcha||OccaBerry|Hospitality|MatchaGotcha,RagePowder,TrickRoom,Protect|Bold|||||50|]Kingambit||BlackGlasses|Defiant|KowtowCleave,SuckerPunch,SwordsDance,Protect|Adamant||F|||50|
|showteam|p2|Scrafty||Scraftinite|Intimidate|Detect,DrainPunch,KnockOff,FakeOut|Adamant||M|||50|]Ceruledge||ColburBerry|FlashFire|Protect,BitterBlade,ShadowSneak,BulkUp|Adamant||M|||50|]Ninetales-Alola||NeverMeltIce|SnowWarning|Protect,FreezeDry,IcyWind,AuroraVeil|Timid||F|||50|]Sinistcha||FocusSash|Hospitality|Protect,MatchaGotcha,Hex,RagePowder|Modest|||||50|]Dragonite||LifeOrb|InnerFocus|Protect,DragonClaw,RockSlide,ExtremeSpeed|Adamant||M|||50|]Raichu||RaichuniteY|LightningRod|Protect,ZapCannon,FocusBlast,FakeOut|Timid||M|||50|
|c|Ōśåeevee1ynn|glhf
|c|Ōśåtonynds|y too
|
|t:|1783534028
|teamsize|p1|4
|teamsize|p2|4
|start
|switch|p1a: Kingambit|Kingambit, L50, F|100/100
|switch|p1b: Maushold|Maushold, L50|100/100
|switch|p2a: Raichu|Raichu, L50, M|100/100
|switch|p2b: Ninetales|Ninetales-Alola, L50, F|100/100
|-weather|Snowscape|[from] ability: Snow Warning|[of] p2b: Ninetales
|turn|1
|
|t:|1783534071
|detailschange|p2a: Raichu|Raichu-Mega-Y, L50, M
|-mega|p2a: Raichu|Raichu|Raichunite Y
|move|p2a: Raichu|Fake Out|p1a: Kingambit
|-resisted|p1a: Kingambit|1
|-damage|p1a: Kingambit|98/100
|move|p1b: Maushold|Follow Me|p1b: Maushold
|-singleturn|p1b: Maushold|move: Follow Me
|move|p2b: Ninetales|Freeze-Dry|p1b: Maushold
|-damage|p1b: Maushold|58/100
|cant|p1a: Kingambit|flinch
|
|-weather|Snowscape|[upkeep]
|upkeep
|turn|2
|
|t:|1783534084
|move|p1b: Maushold|Follow Me|p1b: Maushold
|-singleturn|p1b: Maushold|move: Follow Me
|move|p2a: Raichu|Focus Blast|p1b: Maushold
|-supereffective|p1b: Maushold|1
|-damage|p1b: Maushold|0 fnt
|faint|p1b: Maushold
|move|p2b: Ninetales|Aurora Veil|p2b: Ninetales
|-sidestart|p2: eevee1ynn|move: Aurora Veil
|move|p1a: Kingambit|Swords Dance|p1a: Kingambit
|-boost|p1a: Kingambit|atk|2
|
|-weather|Snowscape|[upkeep]
|upkeep
|
|t:|1783534094
|switch|p1b: Incineroar|Incineroar, L50, M|100/100
|-ability|p1b: Incineroar|Intimidate|boost
|-unboost|p2a: Raichu|atk|1
|-unboost|p2b: Ninetales|atk|1
|turn|3
|
|t:|1783534116
|switch|p2b: Scrafty|Scrafty, L50, M, shiny|100/100
|-ability|p2b: Scrafty|Intimidate|boost
|-unboost|p1a: Kingambit|atk|1
|-ability|p1a: Kingambit|Defiant|boost
|-boost|p1a: Kingambit|atk|2
|-unboost|p1b: Incineroar|atk|1
|move|p2a: Raichu|Protect|p2a: Raichu
|-singleturn|p2a: Raichu|Protect
|move|p1b: Incineroar|Fake Out|p2a: Raichu
|-activate|p2a: Raichu|move: Protect
|move|p1a: Kingambit|Kowtow Cleave|p2b: Scrafty
|-resisted|p2b: Scrafty|2
|-damage|p2b: Scrafty|78/100
|
|-weather|Snowscape|[upkeep]
|upkeep
|turn|4
|
|t:|1783534149
|move|p1a: Kingambit|Protect|p1a: Kingambit
|-singleturn|p1a: Kingambit|Protect
|move|p2b: Scrafty|Fake Out|p1a: Kingambit
|-activate|p1a: Kingambit|move: Protect
|move|p2a: Raichu|Zap Cannon|p1b: Incineroar
|-damage|p1b: Incineroar|42/100
|-status|p1b: Incineroar|par
|-enditem|p1b: Incineroar|Sitrus Berry|[eat]
|-heal|p1b: Incineroar|66/100 par|[from] item: Sitrus Berry
|move|p1b: Incineroar|Parting Shot|p2b: Scrafty
|-unboost|p2b: Scrafty|atk|1
|-unboost|p2b: Scrafty|spa|1
|
|t:|1783534165
|switch|p1b: Delphox|Delphox, L50, F|100/100|[from] Parting Shot
|
|-weather|Snowscape|[upkeep]
|upkeep
|turn|5
|l|Ōśåtonynds
|player|p1|
|j|Ōśåtonynds
|player|p1|tonynds|170|
|
|t:|1783534217
|switch|p2a: Sinistcha|Sinistcha, L50|100/100
|-heal|p2b: Scrafty|100/100|[from] ability: Hospitality|[of] p2a: Sinistcha
|detailschange|p1b: Delphox|Delphox-Mega, L50, F
|-mega|p1b: Delphox|Delphox|Delphoxite
|move|p1a: Kingambit|Sucker Punch||[still]
|-fail|p1a: Kingambit
|move|p1b: Delphox|Heat Wave|p2a: Sinistcha|[spread] p2a,p2b
|-supereffective|p2a: Sinistcha|1
|-damage|p2a: Sinistcha|20/100y
|-damage|p2b: Scrafty|70/100
|move|p2b: Scrafty|Drain Punch|p1a: Kingambit
|-supereffective|p1a: Kingambit|2
|-crit|p1a: Kingambit
|-damage|p1a: Kingambit|0 fnt
|-heal|p2b: Scrafty|100/100|[from] drain|[of] p1a: Kingambit
|faint|p1a: Kingambit
|
|-weather|none
|upkeep
|
|t:|1783534234
|switch|p1a: Incineroar|Incineroar, L50, M|66/100 par
|-ability|p1a: Incineroar|Intimidate|boost
|-unboost|p2a: Sinistcha|atk|1
|-unboost|p2b: Scrafty|atk|1
|turn|6
|
|t:|1783534257
|move|p1a: Incineroar|Fake Out|p2b: Scrafty
|-damage|p2b: Scrafty|93/100
|move|p1b: Delphox|Nasty Plot|p1b: Delphox
|-boost|p1b: Delphox|spa|2
|move|p2a: Sinistcha|Hex|p1b: Delphox
|-supereffective|p1b: Delphox|1
|-damage|p1b: Delphox|36/100
|cant|p2b: Scrafty|flinch
|
|-sideend|p2: eevee1ynn|move: Aurora Veil
|upkeep
|turn|7
|
|t:|1783534284
|switch|p2b: Ninetales|Ninetales-Alola, L50, F|100/100
|-weather|Snowscape|[from] ability: Snow Warning|[of] p2b: Ninetales
|move|p1b: Delphox|Protect|p1b: Delphox
|-singleturn|p1b: Delphox|Protect
|move|p2a: Sinistcha|Protect|p2a: Sinistcha
|-singleturn|p2a: Sinistcha|Protect
|move|p1a: Incineroar|Throat Chop|p2a: Sinistcha
|-activate|p2a: Sinistcha|move: Protect
|
|-weather|Snowscape|[upkeep]
|upkeep
|turn|8
|
|t:|1783534311
|move|p2b: Ninetales|Icy Wind|p1b: Delphox|[spread] p1a,p1b
|-resisted|p1a: Incineroar|1
|-resisted|p1b: Delphox|1
|-damage|p1a: Incineroar|57/100 par
|-damage|p1b: Delphox|28/100
|-unboost|p1a: Incineroar|spe|1
|-unboost|p1b: Delphox|spe|1
|move|p1b: Delphox|Heat Wave|p2a: Sinistcha|[spread] p2b
|-miss|p1b: Delphox|p2a: Sinistcha
|-supereffective|p2b: Ninetales|1
|-damage|p2b: Ninetales|0 fnt
|faint|p2b: Ninetales
|move|p2a: Sinistcha|Hex|p1b: Delphox
|-supereffective|p1b: Delphox|1
|-damage|p1b: Delphox|0 fnt
|faint|p1b: Delphox
|move|p1a: Incineroar|Flare Blitz|p2a: Sinistcha
|-supereffective|p2a: Sinistcha|1
|-damage|p2a: Sinistcha|0 fnt
|faint|p2a: Sinistcha
|-damage|p1a: Incineroar|52/100 par|[from] Recoil
|
|-weather|Snowscape|[upkeep]
|upkeep
|
|t:|1783534319
|switch|p2b: Scrafty|Scrafty, L50, M, shiny|93/100
|switch|p2a: Raichu|Raichu-Mega-Y, L50, M|100/100
|-ability|p2b: Scrafty|Intimidate|boost
|-unboost|p1a: Incineroar|atk|1
|turn|9
|-message|tonynds forfeited.
|
|win|eevee1ynn
