|j|☆spellbreakvgc
|j|☆WinonaUnderrated
|html|spellbreakvgcWinonaUnderrated    
|uhtml|bestof|Game 1 of a best-of-3
|t:|1756726879
|gametype|doubles
|player|p1|spellbreakvgc|lance|1169
|player|p2|WinonaUnderrated|winona|1051
|gen|9
|tier|[Gen 9] VGC 2025 Reg H (Bo3)
|rated|
|rule|Species Clause: Limit one of each Pokémon
|rule|Item Clause: Limit 1 of each item
|clearpoke
|poke|p1|Toedscruel, L50, F|
|poke|p1|Weezing-Galar, L50, F|
|poke|p1|Corviknight, L50, F|
|poke|p1|Garchomp, L50, M|
|poke|p1|Typhlosion-Hisui, L50, F|
|poke|p1|Baxcalibur, L50, M|
|poke|p2|Talonflame, L50, M|
|poke|p2|Altaria, L50, M|
|poke|p2|Flamigo, L50, M|
|poke|p2|Gliscor, L50, M|
|poke|p2|Corviknight, L50, F|
|poke|p2|Jumpluff, L50, F|
|teampreview|4
|showteam|p1|Toedscruel||CovertCloak|MyceliumMight|Spore,EarthPower,AcidSpray,RagePowder|||F|||50|,,,,,Water]Weezing-Galar||ChoiceSpecs|NeutralizingGas|DazzlingGleam,SludgeBomb,StrangeSteam,Flamethrower|||F|||50|,,,,,Fire]Corviknight||SitrusBerry|MirrorArmor|Protect,Tailwind,Roost,BraveBird|||F|||50|,,,,,Dragon]Garchomp||LifeOrb|RoughSkin|Protect,Earthquake,DragonClaw,StompingTantrum|||M|||50|,,,,,Ground]Typhlosion-Hisui||ChoiceScarf|Blaze|Eruption,SleepTalk,HeatWave,ShadowBall|||F|||50|,,,,,Fire]Baxcalibur||LoadedDice|ThermalExchange|ScaleShot,IcicleSpear,SwordsDance,Protect|||M|||50|,,,,,Ghost
|showteam|p2|Talonflame||CovertCloak|GaleWings|DualWingbeat,Tailwind,Taunt,WillOWisp|||M|||50|,,,,,Ghost]Altaria||ClearAmulet|CloudNine|BraveBird,CottonGuard,DragonDance,Roost|||M|||50|,,,,,Flying]Flamigo||FocusSash|Costar|CloseCombat,BraveBird,ThroatChop,WideGuard|||M|||50|,,,,,Dark]Gliscor||LifeOrb|HyperCutter|Tailwind,StoneEdge,Earthquake,SwordsDance|||M|||50|,,,,,Rock]Corviknight||RockyHelmet|MirrorArmor|BulkUp,IronHead,Taunt,Tailwind|||F|||50|,,,,,Flying]Jumpluff||MentalHerb|Chlorophyll|Encore,SleepPowder,Tailwind,RagePowder|||F|||50|,,,,,Water
|inactive|Battle timer is ON: inactive players will automatically lose when time's up. (requested by WinonaUnderrated)
|inactive|spellbreakvgc has 60 seconds left.
|inactive|WinonaUnderrated has 60 seconds left.
|inactive|spellbreakvgc has 30 seconds left.
|
|t:|1756726942
|teamsize|p1|4
|teamsize|p2|4
|start
|switch|p1a: Typhlosion|Typhlosion-Hisui, L50, F|100/100
|switch|p1b: Weezing|Weezing-Galar, L50, F|100/100
|switch|p2a: Jumpluff|Jumpluff, L50, F|100/100
|switch|p2b: Gliscor|Gliscor, L50, M|100/100
|-ability|p1b: Weezing|Neutralizing Gas
|turn|1
|inactive|spellbreakvgc has 30 seconds left.
|inactive|WinonaUnderrated has 30 seconds left.
|inactive|WinonaUnderrated has 20 seconds left.
|inactive|WinonaUnderrated has 15 seconds left.
|inactive|WinonaUnderrated has 10 seconds left.
|inactive|WinonaUnderrated has 5 seconds left.
|
|t:|1756726995
|switch|p2a: Altaria|Altaria, L50, M|100/100
|-terastallize|p1a: Typhlosion|Fire
|move|p1a: Typhlosion|Eruption|p2a: Altaria|[spread] p2a,p2b
|-resisted|p2a: Altaria
|-damage|p2a: Altaria|74/100
|-damage|p2b: Gliscor|0 fnt
|faint|p2b: Gliscor
|move|p1b: Weezing|Sludge Bomb|p2a: Altaria
|-damage|p2a: Altaria|34/100
|-status|p2a: Altaria|psn
|
|-damage|p2a: Altaria|21/100 psn|[from] psn
|upkeep
|
|t:|1756727006
|switch|p2b: Jumpluff|Jumpluff, L50, F|100/100
|turn|2
|
|t:|1756727020
|-terastallize|p2b: Jumpluff|Water
|move|p1a: Typhlosion|Eruption|p2b: Jumpluff|[spread] p2a,p2b
|-resisted|p2a: Altaria
|-resisted|p2b: Jumpluff
|-damage|p2a: Altaria|0 fnt
|-damage|p2b: Jumpluff|62/100
|faint|p2a: Altaria
|move|p2b: Jumpluff|Sleep Powder|p1a: Typhlosion
|-status|p1a: Typhlosion|slp|[from] move: Sleep Powder
|move|p1b: Weezing|Sludge Bomb|p2b: Jumpluff
|-damage|p2b: Jumpluff|9/100
|
|upkeep
|
|t:|1756727022
|switch|p2a: Flamigo|Flamigo, L50, M|100/100
|turn|3
|
|t:|1756727034
|cant|p1a: Typhlosion|slp
|move|p2b: Jumpluff|Sleep Powder|p1b: Weezing
|-status|p1b: Weezing|slp|[from] move: Sleep Powder
|move|p2a: Flamigo|Close Combat|p1a: Typhlosion
|-damage|p1a: Typhlosion|20/100 slp
|-unboost|p2a: Flamigo|def|1
|-unboost|p2a: Flamigo|spd|1
|cant|p1b: Weezing|slp
|
|upkeep
|turn|4
|
|t:|1756727045
|-curestatus|p1a: Typhlosion|slp|[msg]
|move|p1a: Typhlosion|Eruption|p2b: Jumpluff|[spread] p2a,p2b
|-resisted|p2b: Jumpluff
|-damage|p2a: Flamigo|60/100
|-damage|p2b: Jumpluff|0 fnt
|faint|p2b: Jumpluff
|move|p2a: Flamigo|Close Combat|p1a: Typhlosion
|-damage|p1a: Typhlosion|0 fnt
|-unboost|p2a: Flamigo|def|1
|-unboost|p2a: Flamigo|spd|1
|faint|p1a: Typhlosion
|cant|p1b: Weezing|slp
|
|upkeep
|-message|WinonaUnderrated forfeited.
|
|win|spellbreakvgc
|l|☆WinonaUnderrated
|player|p2|
||spellbreakvgc is ready for game 2.
||WinonaUnderrated is ready for game 2.
|uhtml|next|Next: Game 2 of 3
