|j|☆Sazandoramx
|j|☆namboyVGC
|html|SazandoramxnamboyVGC    
|uhtml|bestof|Game 2 of a best-of-3
|t:|1756144361
|gametype|doubles
|player|p1|Sazandoramx|266|1278
|player|p2|namboyVGC|pokemonranger-gen4|1347
|gen|9
|tier|[Gen 9] VGC 2025 Reg H (Bo3)
|rated|
|rule|Species Clause: Limit one of each Pokémon
|rule|Item Clause: Limit 1 of each item
|clearpoke
|poke|p1|Armarouge, L50, M|
|poke|p1|Kingambit, L50, F|
|poke|p1|Indeedee-F, L50, F|
|poke|p1|Annihilape, L50, F|
|poke|p1|Hatterene, L50, F|
|poke|p1|Torkoal, L50, F|
|poke|p2|Sneasler, L50, M|
|poke|p2|Indeedee, L50, M|
|poke|p2|Annihilape, L50, F|
|poke|p2|Tyranitar, L50, M|
|poke|p2|Excadrill, L50, M|
|poke|p2|Hydreigon, L50, M|
|teampreview|4
|showteam|p1|Armarouge||PowerHerb|FlashFire|ArmorCannon,ExpandingForce,MeteorBeam,TrickRoom|||M|||50|,,,,,Grass]Kingambit||SafetyGoggles|Defiant|KowtowCleave,LowKick,SuckerPunch,SwordsDance|||F|||50|,,,,,Dark]Indeedee-F||RockyHelmet|PsychicSurge|Psychic,FollowMe,TrickRoom,HelpingHand|||F|||50|,,,,,Steel]Annihilape||ChoiceScarf|Defiant|CloseCombat,ShadowClaw,FinalGambit,Uturn|||F|||50|,,,,,Stellar]Hatterene||LifeOrb|MagicBounce|ExpandingForce,DazzlingGleam,TrickRoom,Protect|||F|||50|,,,,,Water]Torkoal||ChoiceSpecs|Drought|Eruption,EarthPower,WeatherBall,HeatWave|||F|||50|,,,,,Fire
|showteam|p2|Sneasler||PsychicSeed|Unburden|CloseCombat,DireClaw,ThroatChop,Protect|||M|||50|,,,,,Dark]Indeedee||ChoiceScarf|PsychicSurge|ExpandingForce,TeraBlast,Trick,DazzlingGleam|||M|||50|,,,,,Fire]Annihilape||SafetyGoggles|Defiant|CloseCombat,RageFist,Taunt,FinalGambit|||F|||50|,,,,,Psychic]Tyranitar||AssaultVest|SandStream|RockSlide,KnockOff,TeraBlast,LowKick|||M|||50|,,,,,Flying]Excadrill||FocusSash|SandRush|HighHorsepower,Earthquake,IronHead,Protect|||M|||50|,,,,,Stellar]Hydreigon||CovertCloak|Levitate|Snarl,DracoMeteor,Tailwind,Roar|||M|||50|,,,,,Poison
|inactive|Battle timer is ON: inactive players will automatically lose when time's up. (requested by namboyVGC)
|
|t:|1756144383
|teamsize|p1|4
|teamsize|p2|4
|start
|switch|p1a: Hatterene|Hatterene, L50, F|100/100
|switch|p1b: Indeedee|Indeedee-F, L50, F|100/100
|switch|p2a: Annihilape|Annihilape, L50, F|100/100
|switch|p2b: Tyranitar|Tyranitar, L50, M|100/100
|-weather|Sandstorm|[from] ability: Sand Stream|[of] p2b: Tyranitar
|-fieldstart|move: Psychic Terrain|[from] ability: Psychic Surge|[of] p1b: Indeedee
|turn|1
|inactive|Sazandoramx has 30 seconds left.
|inactive|Sazandoramx has 20 seconds left.
|
|t:|1756144419
|move|p1b: Indeedee|Follow Me|p1b: Indeedee
|-singleturn|p1b: Indeedee|move: Follow Me
|move|p2a: Annihilape|Taunt|p1b: Indeedee
|-start|p1b: Indeedee|move: Taunt
|move|p2b: Tyranitar|Rock Slide|p1a: Hatterene|[spread] p1a,p1b
|-damage|p1a: Hatterene|65/100
|-damage|p1b: Indeedee|70/100
|move|p1a: Hatterene|Trick Room|p1a: Hatterene
|-fieldstart|move: Trick Room|[of] p1a: Hatterene
|
|-weather|Sandstorm|[upkeep]
|-damage|p1a: Hatterene|59/100|[from] Sandstorm
|-damage|p1b: Indeedee|64/100|[from] Sandstorm
|upkeep
|turn|2
|inactive|Sazandoramx has 30 seconds left.
|inactive|Sazandoramx has 20 seconds left.
|
|t:|1756144457
|switch|p1b: Kingambit|Kingambit, L50, F|100/100
|switch|p2b: Sneasler|Sneasler, L50, M|100/100
|-enditem|p2b: Sneasler|Psychic Seed
|-boost|p2b: Sneasler|spd|1|[from] item: Psychic Seed
|-terastallize|p2a: Annihilape|Psychic
|move|p1a: Hatterene|Dazzling Gleam|p2b: Sneasler|[spread] p2a,p2b
|-damage|p2a: Annihilape|59/100
|-damage|p2b: Sneasler|60/100
|-damage|p1a: Hatterene|50/100|[from] item: Life Orb
|move|p2a: Annihilape|Rage Fist|p1a: Hatterene
|-supereffective|p1a: Hatterene
|-damage|p1a: Hatterene|0 fnt
|faint|p1a: Hatterene
|
|-weather|Sandstorm|[upkeep]
|-damage|p2b: Sneasler|55/100|[from] Sandstorm
|upkeep
|
|t:|1756144482
|switch|p1a: Torkoal|Torkoal, L50, F|100/100
|-weather|SunnyDay|[from] ability: Drought|[of] p1a: Torkoal
|turn|3
|inactive|namboyVGC has 30 seconds left.
|
|t:|1756144507
|switch|p2a: Tyranitar|Tyranitar, L50, M|100/100
|-weather|Sandstorm|[from] ability: Sand Stream|[of] p2a: Tyranitar
|move|p1a: Torkoal|Eruption|p2a: Tyranitar|[spread] p2a,p2b
|-resisted|p2a: Tyranitar
|-damage|p2a: Tyranitar|86/100
|-damage|p2b: Sneasler|0 fnt
|faint|p2b: Sneasler
|move|p1b: Kingambit|Swords Dance|p1b: Kingambit
|-boost|p1b: Kingambit|atk|2
|
|-weather|Sandstorm|[upkeep]
|-damage|p1a: Torkoal|94/100|[from] Sandstorm
|upkeep
|
|t:|1756144520
|switch|p2b: Excadrill|Excadrill, L50, M|100/100
|turn|4
|inactive|Sazandoramx has 30 seconds left.
|inactive|Sazandoramx has 20 seconds left.
|inactive|Sazandoramx has 15 seconds left.
|inactive|Sazandoramx has 10 seconds left.
|inactive|Sazandoramx has 5 seconds left.
|
|t:|1756144572
|switch|p2a: Annihilape|Annihilape, L50, F, tera:Psychic|59/100
|-terastallize|p1b: Kingambit|Dark
|move|p1a: Torkoal|Eruption|p2b: Excadrill|[spread] p2a,p2b
|-supereffective|p2b: Excadrill
|-damage|p2a: Annihilape|0 fnt
|-enditem|p2b: Excadrill|Focus Sash
|-damage|p2b: Excadrill|1/100
|faint|p2a: Annihilape
|move|p1b: Kingambit|Low Kick|p2b: Excadrill
|-supereffective|p2b: Excadrill
|-damage|p2b: Excadrill|0 fnt
|faint|p2b: Excadrill
|
|-weather|Sandstorm|[upkeep]
|-damage|p1a: Torkoal|88/100|[from] Sandstorm
|upkeep
|-message|namboyVGC forfeited.
|
|win|Sazandoramx
|raw|Sazandoramx's rating: 1278 → 1308(+30 for winning)
|raw|namboyVGC's rating: 1347 → 1323(-24 for losing)
|l|☆namboyVGC
|player|p2|
|j|☆namboyVGC
|player|p2|namboyVGC|pokemonranger-gen4|
|l|☆namboyVGC
|player|p2|
