|j|☆Champ B
|j|☆PamamoDaisukiKo
|html|Champ BPamamoDaisukiKo    
|uhtml|bestof|Game 2 of a best-of-3
|t:|1756232732
|gametype|doubles
|player|p1|Champ B|169|1107
|player|p2|PamamoDaisukiKo|dawn|1164
|gen|9
|tier|[Gen 9] VGC 2025 Reg H (Bo3)
|rated|
|rule|Species Clause: Limit one of each Pokémon
|rule|Item Clause: Limit 1 of each item
|clearpoke
|poke|p1|Archaludon, L50, M|
|poke|p1|Maushold-Four, L50|
|poke|p1|Annihilape, L50, F|
|poke|p1|Amoonguss, L50, M|
|poke|p1|Pelipper, L50, M|
|poke|p1|Incineroar, L50, M|
|poke|p2|Ursaluna-Bloodmoon, L50, M|
|poke|p2|Murkrow, L50, M|
|poke|p2|Gholdengo, L50|
|poke|p2|Pawmot, L50, M|
|poke|p2|Indeedee, L50, M|
|poke|p2|Sneasler, L50, F|
|teampreview|4
|showteam|p1|Archaludon||AssaultVest|Stamina|ElectroShot,BodyPress,FlashCannon,DragonPulse|||M|||50|,,,,,Grass]Maushold-Four||WideLens|FriendGuard|Protect,FollowMe,Taunt,PopulationBomb||||||50|,,,,,Ghost]Annihilape||Leftovers|Defiant|Protect,BulkUp,RageFist,DrainPunch|||F|||50|,,,,,Fire]Amoonguss||CovertCloak|Regenerator|Protect,RagePowder,Spore,PollenPuff|||M|||50|,,,,,Water]Pelipper||FocusSash|Drizzle|Protect,Tailwind,WeatherBall,Hurricane|||M|||50|,,,,,Stellar]Incineroar||SitrusBerry|Intimidate|FakeOut,PartingShot,WillOWisp,KnockOff|||M|||50|,,,,,Grass
|showteam|p2|Ursaluna-Bloodmoon||LifeOrb|MindsEye|EarthPower,BloodMoon,HyperVoice,Protect|||M|||50|,,,,,Normal]Murkrow||Eviolite|Prankster|Tailwind,Haze,FoulPlay,Quash|||M|||50|,,,,,Ghost]Gholdengo||ChoiceSpecs|GoodasGold|MakeItRain,ShadowBall,PowerGem,Trick||||||50|,,,,,Steel]Pawmot||FocusSash|VoltAbsorb|FakeOut,DoubleShock,CloseCombat,Nuzzle|||M|||50|,,,,,Stellar]Indeedee||ChoiceScarf|PsychicSurge|ExpandingForce,TeraBlast,Trick,Protect|||M|||50|,,,,,Psychic]Sneasler||PsychicSeed|Unburden|CloseCombat,DireClaw,ThroatChop,Protect|||F|||50|,,,,,Dark
|inactive|Battle timer is ON: inactive players will automatically lose when time's up. (requested by Champ B)
|inactive|Champ B has 60 seconds left.
|inactive|PamamoDaisukiKo has 60 seconds left.
|inactive|PamamoDaisukiKo has 30 seconds left.
|
|t:|1756232801
|teamsize|p1|4
|teamsize|p2|4
|start
|switch|p1a: Archaludon|Archaludon, L50, M|100/100
|switch|p1b: Incineroar|Incineroar, L50, M|100/100
|switch|p2a: Pawmot|Pawmot, L50, M|100/100
|switch|p2b: Sneasler|Sneasler, L50, F|100/100
|-ability|p1b: Incineroar|Intimidate|boost
|-unboost|p2a: Pawmot|atk|1
|-unboost|p2b: Sneasler|atk|1
|turn|1
|inactive|PamamoDaisukiKo has 30 seconds left.
|
|t:|1756232835
|switch|p1b: Amoonguss|Amoonguss, L50, M|100/100
|move|p2a: Pawmot|Close Combat|p1a: Archaludon
|-supereffective|p1a: Archaludon
|-damage|p1a: Archaludon|41/100
|-unboost|p2a: Pawmot|def|1
|-unboost|p2a: Pawmot|spd|1
|-ability|p1a: Archaludon|Stamina|boost
|-boost|p1a: Archaludon|def|1
|move|p2b: Sneasler|Close Combat|p1a: Archaludon
|-supereffective|p1a: Archaludon
|-damage|p1a: Archaludon|0 fnt
|-unboost|p2b: Sneasler|def|1
|-unboost|p2b: Sneasler|spd|1
|faint|p1a: Archaludon
|
|upkeep
|
|t:|1756232847
|switch|p1a: Maushold|Maushold-Four, L50|100/100
|turn|2
|inactive|PamamoDaisukiKo has 30 seconds left.
|
|t:|1756232880
|switch|p2a: Gholdengo|Gholdengo, L50|100/100
|switch|p2b: Indeedee|Indeedee, L50, M|100/100
|-fieldstart|move: Psychic Terrain|[from] ability: Psychic Surge|[of] p2b: Indeedee
|move|p1a: Maushold|Population Bomb|p2a: Gholdengo
|-immune|p2a: Gholdengo
|move|p1b: Amoonguss|Spore|p2b: Indeedee
|-status|p2b: Indeedee|slp|[from] move: Spore
|
|upkeep
|turn|3
|
|t:|1756232904
|-terastallize|p2a: Gholdengo|Steel
|cant|p2b: Indeedee|slp
|move|p1a: Maushold|Population Bomb|p2b: Indeedee
|-damage|p2b: Indeedee|89/100 slp
|-damage|p2b: Indeedee|77/100 slp
|-damage|p2b: Indeedee|64/100 slp
|-damage|p2b: Indeedee|50/100 slp
|-damage|p2b: Indeedee|37/100 slp
|-damage|p2b: Indeedee|25/100 slp
|-damage|p2b: Indeedee|14/100 slp
|-damage|p2b: Indeedee|2/100 slp
|-damage|p2b: Indeedee|0 fnt
|faint|p2b: Indeedee
|-hitcount|p2: Indeedee|9
|move|p2a: Gholdengo|Make It Rain|p1b: Amoonguss|[spread] p1a,p1b
|-damage|p1a: Maushold|0 fnt
|-damage|p1b: Amoonguss|50/100
|-unboost|p2a: Gholdengo|spa|1
|faint|p1a: Maushold
|move|p1b: Amoonguss|Pollen Puff|p1: Maushold|[notarget]
|-fail|p1b: Amoonguss
|
|upkeep
|
|t:|1756232923
|switch|p1a: Incineroar|Incineroar, L50, M|100/100
|switch|p2b: Sneasler|Sneasler, L50, F|100/100
|-ability|p1a: Incineroar|Intimidate|boost
|-unboost|p2a: Gholdengo|atk|1
|-unboost|p2b: Sneasler|atk|1
|-enditem|p2b: Sneasler|Psychic Seed
|-boost|p2b: Sneasler|spd|1|[from] item: Psychic Seed
|turn|4
|-message|Champ B forfeited.
|raw|Champ B's rating: 1107 → 1086(-21 for losing)
|raw|PamamoDaisukiKo's rating: 1164 → 1185(+21 for winning)
|
|win|PamamoDaisukiKo
