|j|☆new mental
|j|☆Olciax34
|html|new mentalOlciax34    
|uhtml|bestof|Game 2 of a best-of-3
|t:|1784283769
|gametype|doubles
|player|p1|new mental|volkner|1235
|player|p2|Olciax34|clair|1234
|gen|9
|tier|[Gen 9 Champions] VGC 2026 Reg M-B (Bo3)
|rated|
|rule|Species Clause: Limit one of each Pokémon
|rule|Item Clause: Limit 1 of each item
|clearpoke
|poke|p1|Charizard, L50, F|
|poke|p1|Kingambit, L50, M|
|poke|p1|Sylveon, L50, F|
|poke|p1|Garchomp, L50, F|
|poke|p1|Aerodactyl, L50, M|
|poke|p1|Farigiraf, L50, F|
|poke|p2|Garchomp, L50, F|
|poke|p2|Whimsicott, L50, M|
|poke|p2|Aegislash, L50, F|
|poke|p2|Incineroar, L50, F|
|poke|p2|Charizard, L50, F|
|poke|p2|Floette-Eternal, L50, F|
|teampreview|4
|showteam|p1|Charizard||CharizarditeY|SolarPower|Protect,HeatWave,SolarBeam,WeatherBall|Modest||F|||50|]Kingambit||FocusSash|Defiant|IronHead,SuckerPunch,KowtowCleave,LowKick|Adamant||M|||50|]Sylveon||FairyFeather|Pixilate|Detect,HyperVoice,HyperBeam,QuickAttack|Modest||F|||50|]Garchomp||LifeOrb|RoughSkin|Protect,DragonClaw,Earthquake,RockSlide|Jolly||F|||50|]Aerodactyl||Aerodactylite|Unnerve|IceFang,RockSlide,Tailwind,DualWingbeat|Jolly||M|||50|]Farigiraf||SitrusBerry|ArmorTail|TrickRoom,Psychic,Thunderbolt,Roar|Bold||F|||50|
|showteam|p2|Garchomp||LifeOrb|RoughSkin|RockSlide,Earthquake,DragonClaw,Protect|Jolly||F|||50|]Whimsicott||FocusSash|Prankster|Moonblast,Tailwind,Encore,Protect|Timid||M|||50|]Aegislash||SpellTag|StanceChange|Poltergeist,IronHead,WideGuard,KingsShield|Adamant||F|||50|]Incineroar||SitrusBerry|Intimidate|FakeOut,ThroatChop,FlareBlitz,PartingShot|Careful||F|||50|]Charizard||CharizarditeY|SolarPower|HeatWave,WeatherBall,SolarBeam,Protect|Modest||F|||50|]Floette-Eternal||Floettite|FlowerVeil|Moonblast,LightofRuin,DazzlingGleam,Protect|Modest||F|||50|
|inactive|Battle timer is ON: inactive players will automatically lose when time's up. (requested by Olciax34)
|
|t:|1784283812
|teamsize|p1|4
|teamsize|p2|4
|start
|switch|p1a: Aerodactyl|Aerodactyl, L50, M|100/100
|switch|p1b: Kingambit|Kingambit, L50, M|100/100
|switch|p2a: Charizard|Charizard, L50, F|100/100
|switch|p2b: Aegislash|Aegislash, L50, F|100/100
|-ability|p1a: Aerodactyl|Unnerve
|turn|1
|inactive|Olciax34 has 30 seconds left.
|inactive|Olciax34 has 20 seconds left.
|
|t:|1784283848
|detailschange|p1a: Aerodactyl|Aerodactyl-Mega, L50, M
|-mega|p1a: Aerodactyl|Aerodactyl|Aerodactylite
|move|p2b: Aegislash|Wide Guard|p2b: Aegislash
|-singleturn|p2b: Aegislash|Wide Guard
|move|p1a: Aerodactyl|Dual Wingbeat|p2b: Aegislash
|-resisted|p2b: Aegislash|1
|-damage|p2b: Aegislash|90/100
|-resisted|p2b: Aegislash|1
|-damage|p2b: Aegislash|80/100
|-hitcount|p2b: Aegislash|2
|move|p2a: Charizard|Heat Wave|p1b: Kingambit|[spread] p1a,p1b
|-resisted|p1a: Aerodactyl|1
|-supereffective|p1b: Kingambit|1
|-damage|p1a: Aerodactyl|82/100
|-damage|p1b: Kingambit|22/100
|-status|p1a: Aerodactyl|brn
|move|p1b: Kingambit|Kowtow Cleave|p2b: Aegislash
|-supereffective|p2b: Aegislash|1
|-damage|p2b: Aegislash|5/100
|
|-damage|p1a: Aerodactyl|76/100 brn|[from] brn
|upkeep
|turn|2
|
|t:|1784283870
|detailschange|p2a: Charizard|Charizard-Mega-Y, L50, F
|-mega|p2a: Charizard|Charizard|Charizardite Y
|-weather|SunnyDay|[from] ability: Drought|[of] p2a: Charizard
|move|p2b: Aegislash|Wide Guard|p2b: Aegislash
|-singleturn|p2b: Aegislash|Wide Guard
|move|p1a: Aerodactyl|Tailwind|p1a: Aerodactyl
|-sidestart|p1: new mental|move: Tailwind
|move|p1b: Kingambit|Kowtow Cleave|p2b: Aegislash
|-supereffective|p2b: Aegislash|1
|-damage|p2b: Aegislash|0 fnt
|faint|p2b: Aegislash
|move|p2a: Charizard|Solar Beam||[still]
|-prepare|p2a: Charizard|Solar Beam
|-anim|p2a: Charizard|Solar Beam|p1a: Aerodactyl
|-crit|p1a: Aerodactyl
|-damage|p1a: Aerodactyl|0 fnt
|faint|p1a: Aerodactyl
|
|-weather|SunnyDay|[upkeep]
|upkeep
|
|t:|1784283889
|switch|p1a: Garchomp|Garchomp, L50, F|100/100
|switch|p2b: Whimsicott|Whimsicott, L50, M|100/100
|turn|3
|
|t:|1784283897
|move|p2b: Whimsicott|Tailwind|p2b: Whimsicott
|-sidestart|p2: Olciax34|move: Tailwind
|move|p1a: Garchomp|Rock Slide|p2a: Charizard|[spread] p2a,p2b
|-supereffective|p2a: Charizard|2
|-damage|p2a: Charizard|0 fnt
|-damage|p2b: Whimsicott|62/100
|faint|p2a: Charizard
|-damage|p1a: Garchomp|90/100|[from] item: Life Orb
|move|p1b: Kingambit|Iron Head|p2b: Whimsicott
|-supereffective|p2b: Whimsicott|1
|-crit|p2b: Whimsicott
|-damage|p2b: Whimsicott|0 fnt
|faint|p2b: Whimsicott
|
|-weather|SunnyDay|[upkeep]
|upkeep
|-message|Olciax34 forfeited.
|raw|new mental's rating: 1235 → 1260(+25 for winning)
|raw|Olciax34's rating: 1234 → 1209(-25 for losing)
|
|win|new mental
