|j|☆pantsuit
|j|☆dogggybears
|html|pantsuitdogggybears    
|uhtml|bestof|Game 1 of a best-of-3
|t:|1757207644
|gametype|doubles
|player|p1|pantsuit|102|1249
|player|p2|dogggybears|roxie|1208
|gen|9
|tier|[Gen 9] VGC 2025 Reg H (Bo3)
|rated|
|rule|Species Clause: Limit one of each Pokémon
|rule|Item Clause: Limit 1 of each item
|clearpoke
|poke|p1|Sneasler, L50, F|
|poke|p1|Indeedee, L50, M|
|poke|p1|Annihilape, L50, M|
|poke|p1|Tyranitar, L50, M|
|poke|p1|Corviknight, L50, F|
|poke|p1|Excadrill, L50, M|
|poke|p2|Sneasler, L50, F|
|poke|p2|Indeedee, L50, M|
|poke|p2|Volcarona, L50, F|
|poke|p2|Ursaluna-Bloodmoon, L50, M|
|poke|p2|Annihilape, L50, F|
|poke|p2|Tyranitar, L50, M|
|teampreview|4
|showteam|p1|Sneasler||PsychicSeed|Unburden|CloseCombat,DireClaw,ThroatChop,Protect|||F|||50|,,,,,Dark]Indeedee||ChoiceScarf|PsychicSurge|ExpandingForce,TeraBlast,Trick,Protect|||M|||50|,,,,,Psychic]Annihilape||SafetyGoggles|Defiant|CloseCombat,RageFist,Taunt,FinalGambit|||M|||50|,,,,,Water]Tyranitar||AssaultVest|SandStream|RockSlide,KnockOff,TeraBlast,LowKick|||M|||50|,,,,,Flying]Corviknight||Leftovers|MirrorArmor|BraveBird,BulkUp,Roost,Tailwind|||F|||50|,,,,,Dragon]Excadrill||FocusSash|SandRush|IronHead,HighHorsepower,Earthquake,Protect|||M|||50|,,,,,Stellar
|showteam|p2|Sneasler||PsychicSeed|Unburden|CloseCombat,DireClaw,ThroatChop,Protect|||F|||50|,,,,,Dark]Indeedee||ChoiceScarf|PsychicSurge|ExpandingForce,TeraBlast,Trick,Protect|||M|||50|,,,,,Psychic]Volcarona||SitrusBerry|FlameBody|Overheat,StruggleBug,RagePowder,Tailwind|||F|||50|,,,,,Grass]Ursaluna-Bloodmoon||LifeOrb|MindsEye|BloodMoon,HyperVoice,EarthPower,Protect|||M|||50|,,,,,Normal]Annihilape||SafetyGoggles|Defiant|CloseCombat,RageFist,Taunt,FinalGambit|||F|||50|,,,,,Fairy]Tyranitar||AssaultVest|SandStream|RockSlide,KnockOff,TeraBlast,LowKick|||M|||50|,,,,,Flying
|inactive|Battle timer is ON: inactive players will automatically lose when time's up. (requested by pantsuit)
|
|t:|1757207702
|teamsize|p1|4
|teamsize|p2|4
|start
|switch|p1a: Tyranitar|Tyranitar, L50, M|100/100
|switch|p1b: Corviknight|Corviknight, L50, F|100/100
|switch|p2a: Volcarona|Volcarona, L50, F|100/100
|switch|p2b: Tyranitar|Tyranitar, L50, M|100/100
|-weather|Sandstorm|[from] ability: Sand Stream|[of] p2b: Tyranitar
|turn|1
|inactive|dogggybears has 30 seconds left.
|
|t:|1757207733
|-terastallize|p1a: Tyranitar|Flying
|move|p2a: Volcarona|Overheat|p1b: Corviknight
|-supereffective|p1b: Corviknight
|-damage|p1b: Corviknight|0 fnt
|-unboost|p2a: Volcarona|spa|2
|faint|p1b: Corviknight
|move|p2b: Tyranitar|Low Kick|p1a: Tyranitar
|-resisted|p1a: Tyranitar
|-damage|p1a: Tyranitar|83/100
|move|p1a: Tyranitar|Rock Slide|p2b: Tyranitar|[spread] p2a,p2b
|-supereffective|p2a: Volcarona
|-damage|p2a: Volcarona|0 fnt
|-damage|p2b: Tyranitar|70/100
|faint|p2a: Volcarona
|
|-weather|Sandstorm|[upkeep]
|-damage|p1a: Tyranitar|77/100|[from] Sandstorm
|upkeep
|
|t:|1757207746
|switch|p2a: Indeedee|Indeedee, L50, M|100/100
|switch|p1b: Excadrill|Excadrill, L50, M|100/100
|-fieldstart|move: Psychic Terrain|[from] ability: Psychic Surge|[of] p2a: Indeedee
|turn|2
|inactive|dogggybears has 30 seconds left.
|
|t:|1757207776
|-terastallize|p2b: Tyranitar|Flying
|move|p1b: Excadrill|Earthquake|p2b: Tyranitar|[spread] p2a
|-immune|p1a: Tyranitar
|-immune|p2b: Tyranitar
|-damage|p2a: Indeedee|7/100
|move|p2a: Indeedee|Expanding Force|p1b: Excadrill|[spread] p1a,p1b
|-resisted|p1b: Excadrill
|-damage|p1a: Tyranitar|40/100
|-damage|p1b: Excadrill|63/100
|move|p1a: Tyranitar|Rock Slide|p2b: Tyranitar|[spread] p2a,p2b
|-supereffective|p2b: Tyranitar
|-damage|p2a: Indeedee|0 fnt
|-damage|p2b: Tyranitar|14/100
|faint|p2a: Indeedee
|move|p2b: Tyranitar|Rock Slide|p1b: Excadrill|[spread] p1a,p1b
|-supereffective|p1a: Tyranitar
|-resisted|p1b: Excadrill
|-damage|p1a: Tyranitar|0 fnt
|-damage|p1b: Excadrill|52/100
|faint|p1a: Tyranitar
|
|-weather|Sandstorm|[upkeep]
|-damage|p2b: Tyranitar|8/100|[from] Sandstorm
|upkeep
|
|t:|1757207792
|switch|p2a: Sneasler|Sneasler, L50, F|100/100
|switch|p1a: Sneasler|Sneasler, L50, F|100/100
|-enditem|p2a: Sneasler|Psychic Seed
|-boost|p2a: Sneasler|spd|1|[from] item: Psychic Seed
|-enditem|p1a: Sneasler|Psychic Seed
|-boost|p1a: Sneasler|spd|1|[from] item: Psychic Seed
|turn|3
|
|t:|1757207805
|move|p1b: Excadrill|Protect|p1b: Excadrill
|-singleturn|p1b: Excadrill|Protect
|move|p1a: Sneasler|Dire Claw|p2b: Tyranitar
|-damage|p2b: Tyranitar|0 fnt
|faint|p2b: Tyranitar
|move|p2a: Sneasler|Dire Claw|p1a: Sneasler
|-resisted|p1a: Sneasler
|-damage|p1a: Sneasler|62/100
|
|-weather|Sandstorm|[upkeep]
|-damage|p1a: Sneasler|57/100|[from] Sandstorm
|-damage|p2a: Sneasler|95/100|[from] Sandstorm
|upkeep
|turn|4
|
|t:|1757207818
|move|p1a: Sneasler|Dire Claw|p2a: Sneasler
|-resisted|p2a: Sneasler
|-damage|p2a: Sneasler|59/100
|-status|p2a: Sneasler|par
|move|p1b: Excadrill|High Horsepower|p2a: Sneasler
|-supereffective|p2a: Sneasler
|-damage|p2a: Sneasler|0 fnt
|faint|p2a: Sneasler
|
|win|pantsuit
||pantsuit is ready for game 2.
|inactive|dogggybears has 30 seconds to confirm battle start!
||dogggybears is ready for game 2.
|uhtml|next|Next: Game 2 of 3
|l|☆pantsuit
|player|p1|
