|j|☆Truevillany123
|j|☆Squarecity
|html|Truevillany123Squarecity    
|uhtml|bestof|Game 2 of a best-of-3
|t:|1757702796
|gametype|doubles
|player|p1|Truevillany123|1|1122
|player|p2|Squarecity|169|1013
|gen|9
|tier|[Gen 9] VGC 2025 Reg H (Bo3)
|rated|
|rule|Species Clause: Limit one of each Pokémon
|rule|Item Clause: Limit 1 of each item
|clearpoke
|poke|p1|Dragonite, L50, M|
|poke|p1|Ursaluna-Bloodmoon, L50, M|
|poke|p1|Gholdengo, L50|
|poke|p1|Annihilape, L50, M|
|poke|p1|Ninetales-Alola, L50, F|
|poke|p1|Rillaboom, L50, M|
|poke|p2|Gholdengo, L50|
|poke|p2|Ursaluna-Bloodmoon, L50, M|
|poke|p2|Gallade, L50, M|
|poke|p2|Charjabug, L50, M|
|poke|p2|Whimsicott, L50, F|
|poke|p2|Incineroar, L50, F|
|teampreview|4
|showteam|p1|Dragonite||LoadedDice|Multiscale|ScaleShot,Protect,Haze,Tailwind|||M|||50|,,,,,Fairy]Ursaluna-Bloodmoon||LifeOrb|MindsEye|BloodMoon,HyperVoice,EarthPower,Protect|||M|||50|,,,,,Normal]Gholdengo||ChoiceSpecs|GoodasGold|MakeItRain,ShadowBall,PowerGem,Trick||||||50|,,,,,Steel]Annihilape||SitrusBerry|Defiant|DrainPunch,RageFist,Protect,BulkUp|||M|||50|,,,,,Fire]Ninetales-Alola||FocusSash|SnowWarning|FreezeDry,AuroraVeil,Encore,IcicleSpear|||F|||50|,,,,,Ghost]Rillaboom||AssaultVest|GrassySurge|FakeOut,WoodHammer,HighHorsepower,Uturn|||M|||50|,,,,,Fire
|showteam|p2|Gholdengo||MetalCoat|GoodasGold|MakeItRain,ShadowBall,Protect,NastyPlot||||||50|,,,,,Steel]Ursaluna-Bloodmoon||ThroatSpray|MindsEye|BloodMoon,HyperVoice,EarthPower,Protect|||M|||50|,,,,,Ghost]Gallade||RazorClaw|Sharpness|SacredSword,PsychoCut,WideGuard,NightSlash|||M|||50|,,,,,Fighting]Charjabug||Eviolite|Battery|Spark,Lunge,StringShot,Protect|||M|||50|,,,,,Bug]Whimsicott||CovertCloak|Prankster|Moonblast,Encore,Tailwind,LightScreen|||F|||50|,,,,,Ghost]Incineroar||SafetyGoggles|Intimidate|KnockOff,FlareBlitz,FakeOut,PartingShot|||F|||50|,,,,,Grass
|
|t:|1757702848
|teamsize|p1|4
|teamsize|p2|4
|start
|switch|p1a: Dragonite|Dragonite, L50, M, shiny|100/100
|switch|p1b: Gholdengo|Gholdengo, L50|100/100
|switch|p2a: Incineroar|Incineroar, L50, F|100/100
|switch|p2b: Gallade|Gallade, L50, M|100/100
|-ability|p2a: Incineroar|Intimidate|boost
|-unboost|p1a: Dragonite|atk|1
|-unboost|p1b: Gholdengo|atk|1
|turn|1
|
|t:|1757702903
|move|p2a: Incineroar|Fake Out|p1a: Dragonite
|-damage|p1a: Dragonite|95/100
|move|p1b: Gholdengo|Power Gem|p2a: Incineroar
|-supereffective|p2a: Incineroar
|-damage|p2a: Incineroar|38/100
|cant|p1a: Dragonite|flinch
|move|p2b: Gallade|Night Slash|p1b: Gholdengo
|-supereffective|p1b: Gholdengo
|-damage|p1b: Gholdengo|29/100
|
|upkeep
|turn|2
|
|t:|1757702938
|switch|p1b: Ursaluna|Ursaluna-Bloodmoon, L50, M|100/100
|switch|p2a: Whimsicott|Whimsicott, L50, F|100/100
|move|p1a: Dragonite|Scale Shot|p2b: Gallade
|-damage|p2b: Gallade|90/100
|-damage|p2b: Gallade|79/100
|-damage|p2b: Gallade|69/100
|-damage|p2b: Gallade|57/100
|-damage|p2b: Gallade|45/100
|-hitcount|p2b: Gallade|5
|-unboost|p1a: Dragonite|def|1
|-boost|p1a: Dragonite|spe|1
|move|p2b: Gallade|Psycho Cut|p1a: Dragonite
|-crit|p1a: Dragonite
|-damage|p1a: Dragonite|0 fnt
|faint|p1a: Dragonite
|
|upkeep
|
|t:|1757702959
|switch|p1a: Annihilape|Annihilape, L50, M|100/100
|turn|3
|
|t:|1757702995
|switch|p1b: Gholdengo|Gholdengo, L50|29/100
|-terastallize|p1a: Annihilape|Fire
|move|p2a: Whimsicott|Tailwind|p2a: Whimsicott
|-sidestart|p2: Squarecity|move: Tailwind
|move|p2b: Gallade|Psycho Cut|p1a: Annihilape
|-crit|p1a: Annihilape
|-damage|p1a: Annihilape|37/100
|-enditem|p1a: Annihilape|Sitrus Berry|[eat]
|-heal|p1a: Annihilape|62/100|[from] item: Sitrus Berry
|move|p1a: Annihilape|Rage Fist|p2b: Gallade
|-supereffective|p2b: Gallade
|-damage|p2b: Gallade|0 fnt
|faint|p2b: Gallade
|
|upkeep
|
|t:|1757703013
|switch|p2b: Ursaluna|Ursaluna-Bloodmoon, L50, M|100/100
|turn|4
|
|t:|1757703029
|move|p2a: Whimsicott|Light Screen|p2a: Whimsicott
|-sidestart|p2: Squarecity|move: Light Screen
|move|p2b: Ursaluna|Hyper Voice|p1b: Gholdengo|[spread] p1a,p1b
|-resisted|p1b: Gholdengo
|-damage|p1a: Annihilape|27/100
|-damage|p1b: Gholdengo|7/100
|-enditem|p2b: Ursaluna|Throat Spray
|-boost|p2b: Ursaluna|spa|1|[from] item: Throat Spray
|move|p1a: Annihilape|Drain Punch|p2b: Ursaluna
|-supereffective|p2b: Ursaluna
|-damage|p2b: Ursaluna|54/100
|-heal|p1a: Annihilape|49/100|[from] drain|[of] p2b: Ursaluna
|move|p1b: Gholdengo|Make It Rain|p2b: Ursaluna|[spread] p2a,p2b
|-supereffective|p2a: Whimsicott
|-damage|p2a: Whimsicott|0 fnt
|-damage|p2b: Ursaluna|0 fnt
|-unboost|p1b: Gholdengo|spa|1
|faint|p2a: Whimsicott
|faint|p2b: Ursaluna
|
|upkeep
|inactive|Battle timer is ON: inactive players will automatically lose when time's up. (requested by Truevillany123)
|-message|Squarecity forfeited.
|
|win|Truevillany123
|raw|Truevillany123's rating: 1122 → 1139(+17 for winning)
|raw|Squarecity's rating: 1013 → 1005(-8 for losing)
|c|☆Truevillany123|gg
|l|☆Squarecity
|player|p2|
