|j|ŌĆĮJuaner95
|j|Ōśåclevername 30
|html|Juaner95clevername 30    
|uhtml|bestof|Game 2 of a best-of-3
|t:|1784593832
|gametype|doubles
|player|p1|Juaner95|ash-hoenn|1132
|player|p2|clevername 30|rancher|1013
|gen|9
|tier|[Gen 9 Champions] VGC 2026 Reg M-B (Bo3)
|rated|
|rule|Species Clause: Limit one of each Pok├®mon
|rule|Item Clause: Limit 1 of each item
|clearpoke
|poke|p1|Scrafty, L50, M|
|poke|p1|Vileplume, L50, M, shiny|
|poke|p1|Oranguru, L50, M|
|poke|p1|Torkoal, L50, F, shiny|
|poke|p1|Gholdengo, L50, shiny|
|poke|p1|Lucario, L50, M|
|poke|p2|Houndoom, L50, M|
|poke|p2|Torkoal, L50, F|
|poke|p2|Tauros-Paldea-Aqua, L50, M|
|poke|p2|Whimsicott, L50, F|
|poke|p2|Primarina, L50, F|
|poke|p2|Raichu, L50, F, shiny|
|teampreview|4
|showteam|p1|Scrafty||Scraftinite|Intimidate|FakeOut,KnockOff,DrainPunch,RockSlide|Brave||M|||50|]Vileplume||FocusSash|Chlorophyll|AfterYou,SludgeBomb,LeafStorm,Protect|Modest||M|||50|]Oranguru||MentalHerb|InnerFocus|Instruct,Encore,TrickRoom,Protect|Bold||M|||50|]Torkoal||Charcoal|Drought|Eruption,EarthPower,HeatWave,Protect|Quiet||F|||50|]Gholdengo||LifeOrb|GoodasGold|ShadowBall,MakeItRain,NastyPlot,Protect|Timid|||||50|]Lucario||ChoiceScarf|InnerFocus|FinalGambit,HelpingHand,SunnyDay,HealPulse|Timid||M|||50|
|showteam|p2|Houndoom||Houndoominite|FlashFire|HeatWave,SuckerPunch,Protect,NastyPlot|Hasty||M|||50|]Torkoal||Charcoal|Drought|EarthPower,Eruption,WillOWisp,SunnyDay|Calm||F|||50|]Tauros-Paldea-Aqua||LifeOrb|Intimidate|CloseCombat,Protect,AquaJet,WaveCrash|Jolly||M|||50|]Whimsicott||FocusSash|Prankster|Tailwind,Moonblast,Charm,CottonSpore|Serious||F|||50|]Primarina||SitrusBerry|LiquidVoice|IcyWind,HyperVoice,Protect,Moonblast|Calm||F|||50|]Raichu||RaichuniteY|Static|ZapCannon,FakeOut,GrassKnot,Protect|Hasty||F|||50|
|inactive|Battle timer is ON: inactive players will automatically lose when time's up. (requested by clevername 30)
|inactive|Juaner95 has 60 seconds left.
|inactive|clevername 30 has 60 seconds left.
|inactive|Juaner95 has 30 seconds left.
|inactive|Juaner95 has 20 seconds left.
|inactive|Juaner95 has 15 seconds left.
|
|t:|1784593915
|teamsize|p1|4
|teamsize|p2|4
|start
|switch|p1a: Lucario|Lucario, L50, M|100/100
|switch|p1b: Torkoal|Torkoal, L50, F, shiny|100/100
|switch|p2a: Raichu|Raichu, L50, F, shiny|100/100
|switch|p2b: Tauros|Tauros-Paldea-Aqua, L50, M|100/100
|-ability|p2b: Tauros|Intimidate|boost
|-fail|p1a: Lucario|unboost|Attack|[from] ability: Inner Focus|[of] p1a: Lucario
|-unboost|p1b: Torkoal|atk|1
|-weather|SunnyDay|[from] ability: Drought|[of] p1b: Torkoal
|turn|1
|inactive|clevername 30 has 30 seconds left.
|inactive|clevername 30 has 20 seconds left.
|inactive|clevername 30 has 15 seconds left.
|inactive|clevername 30 has 10 seconds left.
|inactive|clevername 30 has 5 seconds left.
|
|t:|1784593970
|move|p1b: Torkoal|Protect|p1b: Torkoal
|-singleturn|p1b: Torkoal|Protect
|move|p1a: Lucario|Final Gambit|p2a: Raichu
|-damage|p2a: Raichu|0 fnt
|faint|p1a: Lucario
|faint|p2a: Raichu
|move|p2b: Tauros|Close Combat|p1b: Torkoal
|-activate|p1b: Torkoal|move: Protect
|
|-weather|SunnyDay|[upkeep]
|upkeep
|c|Ōśåclevername 30|oops
|l|Ōśåclevername 30
|inactive|clevername 30 disconnected and has a minute to reconnect!
|player|p2|
|
|t:|1784593992
|switch|p2a: Houndoom|Houndoom, L50, M|100/100
|switch|p1a: Vileplume|Vileplume, L50, M, shiny|100/100
|turn|2
|inactive|clevername 30 has 30 seconds left.
|inactive|clevername 30 has 20 seconds left.
|inactive|clevername 30 has 15 seconds left.
|inactive|clevername 30 has 10 seconds left.
|inactive|clevername 30 has 5 seconds left.
|-message|clevername 30 lost due to inactivity.
|
|win|Juaner95
|inactive|Juaner95 has 30 seconds to confirm battle start!
|raw|Juaner95's rating: 1132 → 1149(+17 for winning)
|raw|clevername 30's rating: 1013 → 1005(-8 for losing)
