|j|☆rxbyeva
|j|☆ROCKkss
|html|rxbyevaROCKkss    
|uhtml|bestof|Game 2 of a best-of-3
|t:|1757774668
|gametype|doubles
|player|p1|rxbyeva|1|
|player|p2|ROCKkss|266|
|gen|9
|tier|[Gen 9] VGC 2025 Reg H (Bo3)
|rule|Species Clause: Limit one of each Pokémon
|rule|Item Clause: Limit 1 of each item
|clearpoke
|poke|p1|Talonflame, L50, M|
|poke|p1|Garchomp, L50, M|
|poke|p1|Primarina, L50, F|
|poke|p1|Sneasler, L50, F|
|poke|p1|Indeedee, L50, M|
|poke|p1|Gholdengo, L50|
|poke|p2|Talonflame, L50, F|
|poke|p2|Ninetales-Alola, L50, M|
|poke|p2|Garchomp, L50, F|
|poke|p2|Gholdengo, L50|
|poke|p2|Hydreigon, L50, F|
|poke|p2|Amoonguss, L50, F|
|teampreview|4
|showteam|p1|Talonflame||CovertCloak|GaleWings|BraveBird,Tailwind,WillOWisp,FlareBlitz|||M|||50|,,,,,Flying]Garchomp||LifeOrb|RoughSkin|Protect,Earthquake,StompingTantrum,DragonClaw|||M|||50|,,,,,Ground]Primarina||ThroatSpray|LiquidVoice|Protect,Haze,HyperVoice,Moonblast|||F|||50|,,,,,Poison]Sneasler||PsychicSeed|Unburden|DireClaw,CloseCombat,ThroatChop,Protect|||F|||50|,,,,,Dark]Indeedee||FocusSash|PsychicSurge|ExpandingForce,TrickRoom,Imprison,Protect|||M|||50|,,,,,Psychic]Gholdengo||ChoiceSpecs|GoodasGold|MakeItRain,ShadowBall,PowerGem,Thunderbolt||||||50|,,,,,Steel
|showteam|p2|Talonflame||CovertCloak|GaleWings|BraveBird,Tailwind,Taunt,QuickGuard|||F|||50|,,,,,Flying]Ninetales-Alola||FocusSash|SnowWarning|Blizzard,FreezeDry,Moonblast,Protect|||M|||50|,,,,,Ice]Garchomp||ClearAmulet|RoughSkin|Earthquake,DragonClaw,RockSlide,Protect|||F|||50|,,,,,Rock]Gholdengo||LifeOrb|GoodasGold|MakeItRain,ShadowBall,NastyPlot,Protect||||||50|,,,,,Water]Hydreigon||ChoiceSpecs|Levitate|Snarl,DarkPulse,DracoMeteor,HeatWave|||F|||50|,,,,,Fire]Amoonguss||SitrusBerry|Regenerator|SludgeBomb,RagePowder,Spore,Protect|||F|||50|,,,,,Water
|inactive|Battle timer is ON: inactive players will automatically lose when time's up. (requested by rxbyeva)
|inactive|rxbyeva has 60 seconds left.
|inactive|ROCKkss has 60 seconds left.
|
|t:|1757774710
|teamsize|p1|4
|teamsize|p2|4
|start
|switch|p1a: Primarina|Primarina, L50, F|100/100
|switch|p1b: Indeedee|Indeedee, L50, M, shiny|100/100
|switch|p2a: Talonflame|Talonflame, L50, F|100/100
|switch|p2b: Gholdengo|Gholdengo, L50|100/100
|-fieldstart|move: Psychic Terrain|[from] ability: Psychic Surge|[of] p1b: Indeedee
|turn|1
|inactive|rxbyeva has 30 seconds left.
|inactive|rxbyeva has 20 seconds left.
|inactive|rxbyeva has 15 seconds left.
|inactive|rxbyeva has 10 seconds left.
|inactive|rxbyeva has 5 seconds left.
|
|t:|1757774770
|move|p1a: Primarina|Protect|p1a: Primarina
|-singleturn|p1a: Primarina|Protect
|move|p2a: Talonflame|Taunt|p1b: Indeedee
|-start|p1b: Indeedee|move: Taunt
|move|p1b: Indeedee|Expanding Force|p2b: Gholdengo|[spread] p2a,p2b
|-resisted|p2b: Gholdengo
|-damage|p2a: Talonflame|16/100
|-damage|p2b: Gholdengo|67/100
|move|p2b: Gholdengo|Make It Rain|p1b: Indeedee|[spread] p1b
|-activate|p1a: Primarina|move: Protect
|-damage|p1b: Indeedee|20/100
|-unboost|p2b: Gholdengo|spa|1
|-damage|p2b: Gholdengo|58/100|[from] item: Life Orb
|
|upkeep
|turn|2
|inactive|ROCKkss has 30 seconds left.
|
|t:|1757774804
|switch|p1b: Talonflame|Talonflame, L50, M, shiny|100/100
|-terastallize|p1a: Primarina|Poison
|move|p2a: Talonflame|Brave Bird|p1a: Primarina
|-damage|p1a: Primarina|45/100
|-damage|p2a: Talonflame|0 fnt|[from] Recoil
|faint|p2a: Talonflame
|move|p2b: Gholdengo|Make It Rain|p1a: Primarina|[spread] p1a,p1b
|-resisted|p1b: Talonflame
|-damage|p1a: Primarina|9/100
|-damage|p1b: Talonflame|67/100
|-unboost|p2b: Gholdengo|spa|1
|-damage|p2b: Gholdengo|48/100|[from] item: Life Orb
|move|p1a: Primarina|Hyper Voice|p2b: Gholdengo
|-damage|p2b: Gholdengo|0 fnt
|faint|p2b: Gholdengo
|-enditem|p1a: Primarina|Throat Spray
|-boost|p1a: Primarina|spa|1|[from] item: Throat Spray
|
|upkeep
|
|t:|1757774828
|switch|p2a: Garchomp|Garchomp, L50, F|100/100
|switch|p2b: Hydreigon|Hydreigon, L50, F|100/100
|turn|3
|inactive|ROCKkss has 30 seconds left.
|inactive|ROCKkss has 20 seconds left.
|inactive|ROCKkss has 15 seconds left.
|inactive|ROCKkss has 10 seconds left.
|inactive|ROCKkss has 5 seconds left.
|
|t:|1757774883
|move|p1a: Primarina|Protect|p1a: Primarina
|-singleturn|p1a: Primarina|Protect
|move|p1b: Talonflame|Tailwind|p1b: Talonflame
|-sidestart|p1: rxbyeva|move: Tailwind
|move|p2a: Garchomp|Earthquake|p1a: Primarina|[spread] 
|-activate|p1a: Primarina|move: Protect
|-immune|p2b: Hydreigon|[from] ability: Levitate
|-immune|p1b: Talonflame
|move|p2b: Hydreigon|Snarl|p1b: Talonflame|[spread] p1b
|-activate|p1a: Primarina|move: Protect
|-damage|p1b: Talonflame|15/100
|
|upkeep
|turn|4
|inactive|rxbyeva has 30 seconds left.
|inactive|rxbyeva has 20 seconds left.
|inactive|ROCKkss has 30 seconds left.
|inactive|rxbyeva has 15 seconds left.
|inactive|rxbyeva has 10 seconds left.
|
|t:|1757774932
|move|p1b: Talonflame|Brave Bird|p2b: Hydreigon
|-damage|p2b: Hydreigon|42/100
|-damage|p1b: Talonflame|0 fnt|[from] Recoil
|faint|p1b: Talonflame
|move|p1a: Primarina|Hyper Voice|p2a: Garchomp|[spread] p2a,p2b
|-resisted|p2b: Hydreigon
|-damage|p2a: Garchomp|39/100
|-damage|p2b: Hydreigon|9/100
|move|p2a: Garchomp|Rock Slide|p1a: Primarina
|-damage|p1a: Primarina|0 fnt
|faint|p1a: Primarina
|move|p2b: Hydreigon|Snarl|p1: Primarina|[notarget]
|-fail|p2b: Hydreigon
|
|upkeep
|
|t:|1757774938
|switch|p1b: Indeedee|Indeedee, L50, M, shiny|20/100
|switch|p1a: Garchomp|Garchomp, L50, M, shiny|100/100
|turn|5
|inactive|ROCKkss has 30 seconds left.
|inactive|ROCKkss has 20 seconds left.
|inactive|ROCKkss has 15 seconds left.
|inactive|ROCKkss has 10 seconds left.
|
|t:|1757774988
|move|p1a: Garchomp|Dragon Claw|p2b: Hydreigon
|-supereffective|p2b: Hydreigon
|-damage|p2b: Hydreigon|0 fnt
|faint|p2b: Hydreigon
|-damage|p1a: Garchomp|91/100|[from] item: Life Orb
|move|p1b: Indeedee|Expanding Force|p2a: Garchomp
|-damage|p2a: Garchomp|0 fnt
|faint|p2a: Garchomp
|
|win|rxbyeva
|inactive|rxbyeva has 30 seconds to confirm battle start!
|inactive|ROCKkss has 30 seconds to confirm battle start!
||ROCKkss is ready for game 3.
