|j|☆james de la jungla
|j|☆lox1sm
|html|james de la junglalox1sm    
|uhtml|bestof|Game 1 of a best-of-3
|t:|1782581004
|gametype|doubles
|player|p1|james de la jungla|170|1175
|player|p2|lox1sm|veteran|1187
|gen|9
|tier|[Gen 9 Champions] VGC 2026 Reg M-B (Bo3)
|rated|
|rule|Species Clause: Limit one of each Pokémon
|rule|Item Clause: Limit 1 of each item
|clearpoke
|poke|p1|Umbreon, L50, M|
|poke|p1|Kingambit, L50, F|
|poke|p1|Raichu, L50, F|
|poke|p1|Talonflame, L50, F|
|poke|p1|Mamoswine, L50, M|
|poke|p1|Lycanroc-Dusk, L50, F|
|poke|p2|Charizard, L50, M|
|poke|p2|Metagross, L50|
|poke|p2|Aerodactyl, L50, M|
|poke|p2|Garchomp, L50, F|
|poke|p2|Kingambit, L50, M|
|poke|p2|Farigiraf, L50, M|
|teampreview|4
|showteam|p1|Umbreon||SitrusBerry|InnerFocus|Protect,HelpingHand,FoulPlay,Taunt|Bold||M|||50|]Kingambit||LifeOrb|Defiant|Protect,KowtowCleave,IronHead,SuckerPunch|Adamant||F|||50|]Raichu||RaichuniteY|LightningRod|Protect,GrassKnot,ZapCannon,FocusBlast|Timid||F|||50|]Talonflame|||GaleWings|Protect,Tailwind,Acrobatics,SunnyDay|Jolly||F|||50|]Mamoswine||NeverMeltIce|Oblivious|Protect,IcicleCrash,IceShard,StompingTantrum|Adamant||M|||50|]Lycanroc-Dusk||FocusSash|ToughClaws|RockSlide,Accelerock,CloseCombat,Protect|Adamant||F|||50|
|showteam|p2|Charizard||CharizarditeY|Blaze|HeatWave,WeatherBall,SolarBeam,Protect|Modest||M|||50|]Metagross||Metagrossite|ClearBody|IronHead,PsychicFangs,StompingTantrum,Protect|Jolly|||||50|]Aerodactyl||SitrusBerry|Unnerve|RockSlide,IceFang,Tailwind,Protect|Jolly||M|||50|]Garchomp||LifeOrb|RoughSkin|DragonClaw,Earthquake,RockSlide,Protect|Jolly||F|||50|]Kingambit||FocusSash|Defiant|KowtowCleave,SuckerPunch,IronHead,LowKick|Adamant||M|||50|]Farigiraf||ExpertBelt|ArmorTail|Psychic,DazzlingGleam,Thunderbolt,TrickRoom|Modest||M|||50|
|inactive|Battle timer is ON: inactive players will automatically lose when time's up. (requested by lox1sm)
|
|t:|1782581091
|teamsize|p1|4
|teamsize|p2|4
|start
|switch|p1a: Talonflame|Talonflame, L50, F|100/100
|switch|p1b: Raichu|Raichu, L50, F|100/100
|switch|p2a: Aerodactyl|Aerodactyl, L50, M|100/100
|switch|p2b: Charizard|Charizard, L50, M|100/100
|-ability|p2a: Aerodactyl|Unnerve
|turn|1
|inactive|lox1sm has 30 seconds left.
|inactive|james de la jungla has 30 seconds left.
|inactive|lox1sm has 20 seconds left.
|inactive|lox1sm has 15 seconds left.
|inactive|lox1sm has 10 seconds left.
|inactive|lox1sm has 5 seconds left.
|
|t:|1782581143
|switch|p2a: Garchomp|Garchomp, L50, F|100/100
|detailschange|p1b: Raichu|Raichu-Mega-Y, L50, F
|-mega|p1b: Raichu|Raichu|Raichunite Y
|detailschange|p2b: Charizard|Charizard-Mega-Y, L50, M
|-mega|p2b: Charizard|Charizard|Charizardite Y
|-weather|SunnyDay|[from] ability: Drought|[of] p2b: Charizard
|move|p1a: Talonflame|Tailwind|p1a: Talonflame
|-sidestart|p1: james de la jungla|move: Tailwind
|move|p1b: Raichu|Zap Cannon|p2b: Charizard
|-supereffective|p2b: Charizard|1
|-damage|p2b: Charizard|0 fnt
|faint|p2b: Charizard
|
|-weather|SunnyDay|[upkeep]
|upkeep
|
|t:|1782581165
|switch|p2b: Aerodactyl|Aerodactyl, L50, M|100/100
|-ability|p2b: Aerodactyl|Unnerve
|turn|2
|inactive|james de la jungla has 30 seconds left.
|
|t:|1782581191
|move|p2b: Aerodactyl|Protect|p2b: Aerodactyl
|-singleturn|p2b: Aerodactyl|Protect
|move|p1a: Talonflame|Acrobatics|p2a: Garchomp
|-damage|p2a: Garchomp|55/100
|-damage|p1a: Talonflame|87/100|[from] ability: Rough Skin|[of] p2a: Garchomp
|move|p1b: Raichu|Zap Cannon|p2b: Aerodactyl
|-activate|p2b: Aerodactyl|move: Protect
|move|p2a: Garchomp|Rock Slide|p1a: Talonflame|[spread] p1a,p1b
|-supereffective|p1a: Talonflame|2
|-damage|p1a: Talonflame|0 fnt
|-damage|p1b: Raichu|50/100g
|faint|p1a: Talonflame
|-damage|p2a: Garchomp|45/100|[from] item: Life Orb
|
|-weather|SunnyDay|[upkeep]
|upkeep
|
|t:|1782581202
|switch|p1a: Mamoswine|Mamoswine, L50, M|100/100
|turn|3
|
|t:|1782581215
|switch|p2b: Farigiraf|Farigiraf, L50, M|100/100
|move|p2a: Garchomp|Protect|p2a: Garchomp
|-singleturn|p2a: Garchomp|Protect
|move|p1a: Mamoswine|Ice Shard||[still]
|cant|p2b: Farigiraf|ability: Armor Tail|Ice Shard|[of] p1a: Mamoswine
|move|p1b: Raichu|Zap Cannon|p2b: Farigiraf
|-damage|p2b: Farigiraf|20/100y
|-status|p2b: Farigiraf|par
|
|-weather|SunnyDay|[upkeep]
|upkeep
|turn|4
|
|t:|1782581241
|switch|p2b: Aerodactyl|Aerodactyl, L50, M|100/100
|-ability|p2b: Aerodactyl|Unnerve
|move|p2a: Garchomp|Protect||[still]
|-fail|p2a: Garchomp
|move|p1b: Raichu|Zap Cannon|p2b: Aerodactyl
|-supereffective|p2b: Aerodactyl|1
|-damage|p2b: Aerodactyl|0 fnt
|faint|p2b: Aerodactyl
|move|p1a: Mamoswine|Icicle Crash|p2a: Garchomp
|-supereffective|p2a: Garchomp|2
|-damage|p2a: Garchomp|0 fnt
|faint|p2a: Garchomp
|
|-weather|SunnyDay|[upkeep]
|-sideend|p1: james de la jungla|move: Tailwind
|upkeep
|-message|lox1sm forfeited.
|
|win|james de la jungla
||lox1sm is ready for game 2.
||james de la jungla is ready for game 2.
|uhtml|next|Next: Game 2 of 3
|l|☆james de la jungla
|player|p1|
