|j|☆damage77
|j|☆bigbucksz
|html|damage77bigbucksz    
|uhtml|bestof|Game 1 of a best-of-3
|t:|1757701263
|gametype|doubles
|player|p1|damage77|flint|1454
|player|p2|bigbucksz|266|1397
|gen|9
|tier|[Gen 9] VGC 2025 Reg H (Bo3)
|rated|
|rule|Species Clause: Limit one of each Pokémon
|rule|Item Clause: Limit 1 of each item
|clearpoke
|poke|p1|Gholdengo, L50|
|poke|p1|Dragonite, L50, M|
|poke|p1|Annihilape, L50, F|
|poke|p1|Ursaluna-Bloodmoon, L50, M|
|poke|p1|Rillaboom, L50, F|
|poke|p1|Incineroar, L50, F|
|poke|p2|Rillaboom, L50, M|
|poke|p2|Dragonite, L50, F|
|poke|p2|Annihilape, L50, F|
|poke|p2|Gholdengo, L50|
|poke|p2|Maushold-Four, L50|
|poke|p2|Ursaluna-Bloodmoon, L50, M|
|teampreview|4
|showteam|p1|Gholdengo||ChoiceScarf|GoodasGold|MakeItRain,ShadowBall,Trick,NastyPlot||||||50|,,,,,Dragon]Dragonite||LoadedDice|Multiscale|ScaleShot,ExtremeSpeed,Tailwind,Protect|||M|||50|,,,,,Normal]Annihilape||SafetyGoggles|Defiant|CloseCombat,RageFist,FinalGambit,Taunt|||F|||50|,,,,,Water]Ursaluna-Bloodmoon||AssaultVest|MindsEye|BloodMoon,HyperVoice,EarthPower,VacuumWave|||M|||50|,,,,,Water]Rillaboom||LifeOrb|GrassySurge|WoodHammer,GrassyGlide,HighHorsepower,FakeOut|||F|||50|,,,,,Ghost]Incineroar||SitrusBerry|Intimidate|KnockOff,FlareBlitz,PartingShot,FakeOut|||F|||50|,,,,,Ghost
|showteam|p2|Rillaboom||MiracleSeed|GrassySurge|WoodHammer,HighHorsepower,GrassyGlide,FakeOut|||M|||50|,,,,,Fire]Dragonite||LoadedDice|Multiscale|ScaleShot,Tailwind,Haze,Protect|||F|||50|,,,,,Fairy]Annihilape||SafetyGoggles|Defiant|RageFist,DrainPunch,BulkUp,Protect|||F|||50|,,,,,Fire]Gholdengo||LifeOrb|GoodasGold|MakeItRain,ShadowBall,NastyPlot,Protect||||||50|,,,,,Water]Maushold-Four||FocusSash|FriendGuard|SuperFang,BeatUp,FollowMe,Protect||||||50|,,,,,Ghost]Ursaluna-Bloodmoon||AssaultVest|MindsEye|BloodMoon,EarthPower,HyperVoice,VacuumWave|||M|||50|,,,,,Water
|inactive|Battle timer is ON: inactive players will automatically lose when time's up. (requested by bigbucksz)
|inactive|damage77 also wants the timer to be on.
|inactive|damage77 has 60 seconds left.
|inactive|bigbucksz has 60 seconds left.
|inactive|damage77 has 30 seconds left.
|inactive|damage77 has 20 seconds left.
|
|t:|1757701337
|teamsize|p1|4
|teamsize|p2|4
|start
|switch|p1a: Gholdengo|Gholdengo, L50|100/100
|switch|p1b: Dragonite|Dragonite, L50, M|100/100
|switch|p2a: Annihilape|Annihilape, L50, F, shiny|100/100
|switch|p2b: Maushold|Maushold-Four, L50, shiny|100/100
|turn|1
|
|t:|1757701358
|move|p2b: Maushold|Protect|p2b: Maushold
|-singleturn|p2b: Maushold|Protect
|move|p1a: Gholdengo|Trick|p2a: Annihilape
|-activate|p1a: Gholdengo|move: Trick|[of] p2a: Annihilape
|-item|p2a: Annihilape|Choice Scarf|[from] move: Trick
|-item|p1a: Gholdengo|Safety Goggles|[from] move: Trick
|move|p2a: Annihilape|Bulk Up|p2a: Annihilape
|-boost|p2a: Annihilape|atk|1
|-boost|p2a: Annihilape|def|1
|move|p1b: Dragonite|Scale Shot|p2a: Annihilape
|-damage|p2a: Annihilape|93/100
|-damage|p2a: Annihilape|86/100
|-damage|p2a: Annihilape|79/100
|-damage|p2a: Annihilape|72/100
|-damage|p2a: Annihilape|64/100
|-hitcount|p2a: Annihilape|5
|-unboost|p1b: Dragonite|def|1
|-boost|p1b: Dragonite|spe|1
|
|upkeep
|turn|2
|inactive|damage77 has 30 seconds left.
|inactive|damage77 has 20 seconds left.
|inactive|damage77 has 15 seconds left.
|inactive|damage77 has 10 seconds left.
|
|t:|1757701404
|move|p2a: Annihilape|Bulk Up|p2a: Annihilape
|-boost|p2a: Annihilape|atk|1
|-boost|p2a: Annihilape|def|1
|move|p1b: Dragonite|Scale Shot|p2b: Maushold|[miss]
|-miss|p1b: Dragonite|p2b: Maushold
|move|p2b: Maushold|Super Fang|p1b: Dragonite
|-damage|p1b: Dragonite|51/100
|move|p1a: Gholdengo|Make It Rain|p2a: Annihilape|[spread] p2a,p2b
|-damage|p2a: Annihilape|25/100
|-damage|p2b: Maushold|31/100
|-unboost|p1a: Gholdengo|spa|1
|
|upkeep
|turn|3
|
|t:|1757701425
|switch|p2a: Ursaluna|Ursaluna-Bloodmoon, L50, M|100/100
|switch|p1a: Annihilape|Annihilape, L50, F|100/100
|move|p2b: Maushold|Follow Me|p2b: Maushold
|-singleturn|p2b: Maushold|move: Follow Me
|move|p1b: Dragonite|Scale Shot|p2b: Maushold
|-damage|p2b: Maushold|12/100
|-damage|p2b: Maushold|0 fnt
|faint|p2b: Maushold
|-hitcount|p2: Maushold|2
|-unboost|p1b: Dragonite|def|1
|-boost|p1b: Dragonite|spe|1
|
|upkeep
|
|t:|1757701440
|switch|p2b: Dragonite|Dragonite, L50, F|100/100
|turn|4
|inactive|bigbucksz has 30 seconds left.
|inactive|damage77 has 30 seconds left.
|
|t:|1757701473
|move|p1b: Dragonite|Tailwind|p1b: Dragonite
|-sidestart|p1: damage77|move: Tailwind
|move|p1a: Annihilape|Final Gambit|p2b: Dragonite
|-damage|p2b: Dragonite|0 fnt
|faint|p1a: Annihilape
|faint|p2b: Dragonite
|move|p2a: Ursaluna|Hyper Voice|p1b: Dragonite
|-damage|p1b: Dragonite|0 fnt
|faint|p1b: Dragonite
|
|upkeep
|
|t:|1757701482
|switch|p1a: Gholdengo|Gholdengo, L50|100/100
|switch|p1b: Rillaboom|Rillaboom, L50, F|100/100
|switch|p2b: Annihilape|Annihilape, L50, F, shiny|25/100
|-fieldstart|move: Grassy Terrain|[from] ability: Grassy Surge|[of] p1b: Rillaboom
|turn|5
|
|t:|1757701492
|move|p1a: Gholdengo|Shadow Ball|p2b: Annihilape
|-supereffective|p2b: Annihilape
|-damage|p2b: Annihilape|0 fnt
|faint|p2b: Annihilape
|move|p1b: Rillaboom|Wood Hammer|p2a: Ursaluna
|-supereffective|p2a: Ursaluna
|-damage|p2a: Ursaluna|0 fnt
|faint|p2a: Ursaluna
|-damage|p1b: Rillaboom|66/100|[from] Recoil
|-damage|p1b: Rillaboom|57/100|[from] item: Life Orb
|
|win|damage77
||bigbucksz is ready for game 2.
||bigbucksz is ready for game 2.
||damage77 is ready for game 2.
|uhtml|next|Next: Game 2 of 3
|l|☆bigbucksz
|player|p2|
