|j|☆Masonononon
|j|☆arby's service
|html|Masononononarby's service    
|uhtml|bestof|Game 2 of a best-of-3
|t:|1784838629
|gametype|doubles
|player|p1|Masonononon|102|1075
|player|p2|arby's service|scientist|1000
|gen|9
|tier|[Gen 9 Champions] VGC 2026 Reg M-B (Bo3)
|rated|
|rule|Species Clause: Limit one of each Pokémon
|rule|Item Clause: Limit 1 of each item
|clearpoke
|poke|p1|Maushold-Four, L50|
|poke|p1|Incineroar, L50, M, shiny|
|poke|p1|Whimsicott, L50, F, shiny|
|poke|p1|Sinistcha-Masterpiece, L50|
|poke|p1|Garchomp, L50, F|
|poke|p1|Starmie, L50, shiny|
|poke|p2|Sneasler, L50, F, shiny|
|poke|p2|Froslass, L50, F|
|poke|p2|Incineroar, L50, M|
|poke|p2|Pelipper, L50, F|
|poke|p2|Basculegion, L50, M|
|poke|p2|Charizard, L50, F, shiny|
|teampreview|4
|showteam|p1|Maushold-Four||WideLens|Technician|PopulationBomb,Encore,FakeTears,HelpingHand|Jolly|||||50|]Incineroar||SitrusBerry|Intimidate|PartingShot,FakeOut,FlareBlitz,Protect|Jolly||M|||50|]Whimsicott||FairyFeather|Prankster|Tailwind,Encore,FakeTears,Moonblast|Timid||F|||50|]Sinistcha-Masterpiece||CobaBerry|Hospitality|MatchaGotcha,RagePowder,ShadowBall,Protect|Serious|||||50|]Garchomp||Leftovers|SandVeil|DragonClaw,Earthquake,SwordsDance,Protect|Jolly||F|||50|]Starmie||Starminite|Illuminate|SkillSwap,AquaJet,SelfDestruct,Protect|Jolly|||||50|
|showteam|p2|Sneasler||FocusSash|PoisonTouch|DireClaw,Taunt,CloseCombat,FakeOut|Jolly||F|||50|]Froslass||Froslassite|CursedBody|Thunderbolt,ShadowBall,WeatherBall,Blizzard|Timid||F|||50|]Incineroar||Leftovers|Intimidate|Protect,DarkestLariat,PartingShot,FakeOut|Careful||M|||50|]Pelipper||QuickClaw|Drizzle|WideGuard,Tailwind,Hurricane,WeatherBall|Modest||F|||50|]Basculegion||LifeOrb|SwiftSwim|PsychicFangs,WaveCrash,AquaJet,LastRespects|Jolly||M|||50|]Charizard||CharizarditeY|SolarPower|HeatWave,ScorchingSands,WeatherBall,Protect|Timid||F|||50|
|inactive|Battle timer is ON: inactive players will automatically lose when time's up. (requested by arby's service)
|
|t:|1784838653
|teamsize|p1|4
|teamsize|p2|4
|start
|switch|p1a: Maushold|Maushold-Four, L50|100/100
|switch|p1b: Starmie|Starmie, L50, shiny|100/100
|switch|p2a: Pelipper|Pelipper, L50, F|100/100
|switch|p2b: Basculegion|Basculegion, L50, M|100/100
|-weather|RainDance|[from] ability: Drizzle|[of] p2a: Pelipper
|turn|1
|
|t:|1784838665
|detailschange|p1b: Starmie|Starmie-Mega, L50, shiny
|-mega|p1b: Starmie|Starmie|Starminite
|move|p2b: Basculegion|Wave Crash|p1a: Maushold
|-damage|p1a: Maushold|0 fnt
|faint|p1a: Maushold
|-damage|p2b: Basculegion|74/100|[from] Recoil
|-damage|p2b: Basculegion|64/100|[from] item: Life Orb
|move|p1b: Starmie|Skill Swap|p1: Maushold|[notarget]
|-fail|p1b: Starmie
|move|p2a: Pelipper|Tailwind|p2a: Pelipper
|-sidestart|p2: arby's service|move: Tailwind
|
|-weather|RainDance|[upkeep]
|upkeep
|-message|Masonononon forfeited.
|raw|Masonononon's rating: 1075 → 1049(-26 for losing)
|raw|arby's service's rating: 1000 → 1049(+49 for winning)
|
|win|arby's service
|l|☆Masonononon
|player|p1|
