|j|☆jetboy57
|j|☆ar1stoteles vgc
|html|jetboy57ar1stoteles vgc    
|uhtml|bestof|Game 1 of a best-of-3
|t:|1756759081
|gametype|doubles
|player|p1|jetboy57|n|1122
|player|p2|ar1stoteles vgc|alder|1049
|gen|9
|tier|[Gen 9] VGC 2025 Reg H (Bo3)
|rated|
|rule|Species Clause: Limit one of each Pokémon
|rule|Item Clause: Limit 1 of each item
|clearpoke
|poke|p1|Tyranitar, L50, F|
|poke|p1|Corviknight, L50, M|
|poke|p1|Indeedee, L50, M|
|poke|p1|Amoonguss, L50, F|
|poke|p1|Sneasler, L50, F|
|poke|p1|Garchomp, L50, F|
|poke|p2|Indeedee-F, L50, F|
|poke|p2|Hatterene, L50, F|
|poke|p2|Gallade, L50, M|
|poke|p2|Ursaluna, L50, M|
|poke|p2|Lilligant-Hisui, L50, F|
|poke|p2|Torkoal, L50, M|
|teampreview|4
|showteam|p1|Tyranitar||AssaultVest|SandStream|RockSlide,KnockOff,TeraBlast,LowKick|||F|||50|,,,,,Flying]Corviknight||Leftovers|MirrorArmor|BulkUp,BraveBird,Tailwind,Roost|||M|||50|,,,,,Dragon]Indeedee||FocusSash|PsychicSurge|TrickRoom,ExpandingForce,Imprison,TeraBlast|||M|||50|,,,,,Fighting]Amoonguss||SitrusBerry|Regenerator|Spore,RagePowder,ClearSmog,Protect|||F|||50|,,,,,Water]Sneasler||PsychicSeed|Unburden|ThroatChop,DireClaw,CloseCombat,Protect|||F|||50|,,,,,Dark]Garchomp||LifeOrb|SandVeil|Earthquake,DragonClaw,StompingTantrum,Protect|||F|||50|,,,,,Fairy
|showteam|p2|Indeedee-F||PsychicSeed|PsychicSurge|TrickRoom,FollowMe,HelpingHand,DazzlingGleam|||F|||50|,,,,,Fire]Hatterene||LifeOrb|MagicBounce|ExpandingForce,TrickRoom,DazzlingGleam,Protect|||F|||50|,,,,,Psychic]Gallade||ClearAmulet|Sharpness|PsychoCut,TrickRoom,SacredSword,WideGuard|||M|||50|,,,,,Grass]Ursaluna||FlameOrb|Guts|HeadlongRush,Facade,SwordsDance,Protect|||M|||50|,,,,,Ghost]Lilligant-Hisui||FocusSash|Chlorophyll|SolarBlade,SleepPowder,CloseCombat,AfterYou|||F|||50|,,,,,Ghost]Torkoal||ChoiceSpecs|Drought|Eruption,HeatWave,WeatherBall,EarthPower|||M|||50|,,,,,Fire
|inactive|Battle timer is ON: inactive players will automatically lose when time's up. (requested by ar1stoteles vgc)
|inactive|jetboy57 has 60 seconds left.
|inactive|jetboy57 has 30 seconds left.
|
|t:|1756759145
|teamsize|p1|4
|teamsize|p2|4
|start
|switch|p1a: Indeedee|Indeedee, L50, M|100/100
|switch|p1b: Garchomp|Garchomp, L50, F|100/100
|switch|p2a: 紫竽好可愛|Lilligant-Hisui, L50, F, shiny|100/100
|switch|p2b: 太樂巴戈斯|Torkoal, L50, M, shiny|100/100
|-fieldstart|move: Psychic Terrain|[from] ability: Psychic Surge|[of] p1a: Indeedee
|-weather|SunnyDay|[from] ability: Drought|[of] p2b: 太樂巴戈斯
|turn|1
|inactive|ar1stoteles vgc has 30 seconds left.
|
|t:|1756759178
|switch|p1b: Tyranitar|Tyranitar, L50, F|100/100
|-weather|Sandstorm|[from] ability: Sand Stream|[of] p1b: Tyranitar
|switch|p2b: 紫竽超可愛|Indeedee-F, L50, F, shiny|100/100
|-enditem|p2b: 紫竽超可愛|Psychic Seed
|-boost|p2b: 紫竽超可愛|spd|1|[from] item: Psychic Seed
|move|p2a: 紫竽好可愛|Sleep Powder|p1b: Tyranitar|[miss]
|-miss|p2a: 紫竽好可愛|p1b: Tyranitar
|move|p1a: Indeedee|Expanding Force|p2a: 紫竽好可愛|[spread] p2a,p2b
|-supereffective|p2a: 紫竽好可愛
|-resisted|p2b: 紫竽超可愛
|-enditem|p2a: 紫竽好可愛|Focus Sash
|-damage|p2a: 紫竽好可愛|1/100
|-damage|p2b: 紫竽超可愛|82/100
|
|-weather|Sandstorm|[upkeep]
|-damage|p2a: 紫竽好可愛|0 fnt|[from] Sandstorm
|-damage|p1a: Indeedee|94/100|[from] Sandstorm
|-damage|p2b: 紫竽超可愛|76/100|[from] Sandstorm
|faint|p2a: 紫竽好可愛
|upkeep
|
|t:|1756759189
|switch|p2a: 一拳月月熊|Ursaluna, L50, M, shiny|100/100
|turn|2
|inactive|ar1stoteles vgc has 30 seconds left.
|
|t:|1756759218
|move|p2b: 紫竽超可愛|Helping Hand|p2a: 一拳月月熊
|-singleturn|p2a: 一拳月月熊|Helping Hand|[of] p2b: 紫竽超可愛
|move|p1a: Indeedee|Expanding Force|p2b: 紫竽超可愛|[spread] p2a,p2b
|-resisted|p2b: 紫竽超可愛
|-damage|p2a: 一拳月月熊|57/100
|-damage|p2b: 紫竽超可愛|60/100
|move|p1b: Tyranitar|Knock Off|p2b: 紫竽超可愛
|-supereffective|p2b: 紫竽超可愛
|-damage|p2b: 紫竽超可愛|0 fnt
|faint|p2b: 紫竽超可愛
|move|p2a: 一拳月月熊|Facade|p1a: Indeedee
|-damage|p1a: Indeedee|0 fnt
|faint|p1a: Indeedee
|
|-weather|Sandstorm|[upkeep]
|-status|p2a: 一拳月月熊|brn|[from] item: Flame Orb
|upkeep
|
|t:|1756759237
|switch|p1a: Garchomp|Garchomp, L50, F|100/100
|switch|p2b: 太樂巴戈斯|Torkoal, L50, M, shiny|100/100
|-weather|SunnyDay|[from] ability: Drought|[of] p2b: 太樂巴戈斯
|turn|3
|inactive|jetboy57 has 30 seconds left.
|
|t:|1756759266
|-terastallize|p2b: 太樂巴戈斯|Fire
|move|p1a: Garchomp|Earthquake|p2b: 太樂巴戈斯|[spread] p1b,p2a,p2b
|-supereffective|p1b: Tyranitar
|-supereffective|p2b: 太樂巴戈斯
|-damage|p1b: Tyranitar|18/100
|-damage|p2a: 一拳月月熊|17/100 brn
|-damage|p2b: 太樂巴戈斯|29/100
|-damage|p1a: Garchomp|91/100|[from] item: Life Orb
|move|p1b: Tyranitar|Low Kick|p2a: 一拳月月熊
|-supereffective|p2a: 一拳月月熊
|-damage|p2a: 一拳月月熊|0 fnt
|faint|p2a: 一拳月月熊
|move|p2b: 太樂巴戈斯|Heat Wave|p1a: Garchomp|[spread] p1a
|-miss|p2b: 太樂巴戈斯|p1b: Tyranitar
|-resisted|p1a: Garchomp
|-damage|p1a: Garchomp|38/100
|
|-weather|SunnyDay|[upkeep]
|upkeep
|turn|4
|
|t:|1756759288
|move|p1a: Garchomp|Stomping Tantrum|p2b: 太樂巴戈斯
|-supereffective|p2b: 太樂巴戈斯
|-crit|p2b: 太樂巴戈斯
|-damage|p2b: 太樂巴戈斯|0 fnt
|faint|p2b: 太樂巴戈斯
|-damage|p1a: Garchomp|28/100|[from] item: Life Orb
|
|win|jetboy57
||ar1stoteles vgc is ready for game 2.
||jetboy57 is ready for game 2.
|uhtml|next|Next: Game 2 of 3
