|j|☆washingtongargacha
|j|☆Kingm_2200
|html|washingtongargachaKingm_2200    
|uhtml|bestof|Game 1 of a best-of-3
|t:|1757188599
|gametype|doubles
|player|p1|washingtongargacha|169|1163
|player|p2|Kingm_2200|ethan|1049
|gen|9
|tier|[Gen 9] VGC 2025 Reg H (Bo3)
|rated|
|rule|Species Clause: Limit one of each Pokémon
|rule|Item Clause: Limit 1 of each item
|clearpoke
|poke|p1|Talonflame, L50, M|
|poke|p1|Gholdengo, L50|
|poke|p1|Dragonite, L50, M|
|poke|p1|Archaludon, L50, M|
|poke|p1|Tyranitar, L50, F|
|poke|p1|Garchomp, L50, M|
|poke|p2|Gallade, L50, M|
|poke|p2|Garchomp, L50, M|
|poke|p2|Gyarados, L50, F|
|poke|p2|Dragonite, L50, F|
|poke|p2|Incineroar, L50, M|
|poke|p2|Hawlucha, L50, M|
|teampreview|4
|showteam|p1|Talonflame||CovertCloak|GaleWings|Tailwind,DualWingbeat,Taunt,FlareBlitz|||M|||50|,,,,,Ghost]Gholdengo||ChoiceSpecs|GoodasGold|MakeItRain,SteelBeam,ShadowBall,PowerGem||||||50|,,,,,Flying]Dragonite||LoadedDice|Multiscale|ScaleShot,IceSpinner,Haze,Protect|||M|||50|,,,,,Steel]Archaludon||PowerHerb|Sturdy|FlashCannon,ElectroShot,DracoMeteor,Protect|||M|||50|,,,,,Flying]Tyranitar||AssaultVest|SandStream|KnockOff,RockSlide,TeraBlast,LowKick|||F|||50|,,,,,Flying]Garchomp||LifeOrb|RoughSkin|DragonClaw,StompingTantrum,Earthquake,Protect|||M|||50|,,,,,Steel
|showteam|p2|Gallade||MindPlate|Sharpness|Slash,AirSlash,DestinyBond,CloseCombat|||M|||50|,,,,,Psychic]Garchomp||DracoPlate|SandVeil|Sandstorm,DracoMeteor,FireBlast,SwordsDance|||M|||50|,,,,,Dragon]Gyarados||MysticWater|Intimidate|Blizzard,HydroPump,Waterfall,DarkPulse|||F|||50|,,,,,Water]Dragonite||SkyPlate|InnerFocus|DracoMeteor,ExtremeSpeed,Hurricane,WeatherBall|||F|||50|,,,,,Dragon]Incineroar||FlamePlate|Blaze|DarkPulse,FlareBlitz,CrossChop,FireBlast|||M|||50|,,,,,Fire]Hawlucha||FistPlate|Limber|CloseCombat,BraveBird,Endeavor,Uturn|||M|||50|,,,,,Fighting
|
|t:|1757188682
|teamsize|p1|4
|teamsize|p2|4
|start
|switch|p1a: Talonflame|Talonflame, L50, M|100/100
|switch|p1b: Dragonite|Dragonite, L50, M|100/100
|switch|p2a: Garchomp|Garchomp, L50, M|100/100
|switch|p2b: Incineroar|Incineroar, L50, M|100/100
|turn|1
|
|t:|1757188735
|move|p1a: Talonflame|Tailwind|p1a: Talonflame
|-sidestart|p1: washingtongargacha|move: Tailwind
|move|p1b: Dragonite|Ice Spinner|p2a: Garchomp
|-supereffective|p2a: Garchomp
|-damage|p2a: Garchomp|0 fnt
|faint|p2a: Garchomp
|move|p2b: Incineroar|Dark Pulse|p1a: Talonflame
|-damage|p1a: Talonflame|73/100
|
|upkeep
|inactive|Battle timer is ON: inactive players will automatically lose when time's up. (requested by washingtongargacha)
|
|t:|1757188757
|switch|p2a: Hawlucha|Hawlucha, L50, M|100/100
|turn|2
|inactive|washingtongargacha has 30 seconds left.
|inactive|washingtongargacha has 20 seconds left.
|
|t:|1757188796
|move|p1a: Talonflame|Dual Wingbeat|p2a: Hawlucha
|-supereffective|p2a: Hawlucha
|-damage|p2a: Hawlucha|64/100
|-supereffective|p2a: Hawlucha
|-damage|p2a: Hawlucha|27/100
|-hitcount|p2a: Hawlucha|2
|move|p1b: Dragonite|Ice Spinner|p2a: Hawlucha
|-supereffective|p2a: Hawlucha
|-damage|p2a: Hawlucha|0 fnt
|faint|p2a: Hawlucha
|move|p2b: Incineroar|Flare Blitz|p1b: Dragonite
|-resisted|p1b: Dragonite
|-damage|p1b: Dragonite|80/100
|-damage|p2b: Incineroar|95/100|[from] Recoil
|
|upkeep
|
|t:|1757188811
|switch|p2a: Dragonite|Dragonite, L50, F|100/100
|turn|3
|inactive|washingtongargacha has 30 seconds left.
|
|t:|1757188841
|move|p1a: Talonflame|Dual Wingbeat|p2a: Dragonite
|-damage|p2a: Dragonite|84/100
|-damage|p2a: Dragonite|69/100
|-hitcount|p2a: Dragonite|2
|move|p1b: Dragonite|Scale Shot|p2a: Dragonite
|-supereffective|p2a: Dragonite
|-damage|p2a: Dragonite|35/100
|-supereffective|p2a: Dragonite
|-damage|p2a: Dragonite|0 fnt
|faint|p2a: Dragonite
|-hitcount|p2: Dragonite|2
|-unboost|p1b: Dragonite|def|1
|-boost|p1b: Dragonite|spe|1
|move|p2b: Incineroar|Cross Chop|p1b: Dragonite
|-resisted|p1b: Dragonite
|-damage|p1b: Dragonite|52/100
|
|upkeep
|turn|4
|
|t:|1757188865
|switch|p1a: Garchomp|Garchomp, L50, M|100/100
|move|p1b: Dragonite|Scale Shot|p2b: Incineroar
|-damage|p2b: Incineroar|80/100
|-damage|p2b: Incineroar|66/100
|-damage|p2b: Incineroar|52/100
|-damage|p2b: Incineroar|38/100
|-damage|p2b: Incineroar|24/100
|-hitcount|p2b: Incineroar|5
|-unboost|p1b: Dragonite|def|1
|-boost|p1b: Dragonite|spe|1
|move|p2b: Incineroar|Cross Chop|p1b: Dragonite
|-resisted|p1b: Dragonite
|-damage|p1b: Dragonite|10/100
|
|-sideend|p1: washingtongargacha|move: Tailwind
|upkeep
|turn|5
|-message|Kingm_2200 forfeited.
|raw|washingtongargacha's rating: 1163 → 1180(+17 for winning)
|raw|Kingm_2200's rating: 1049 → 1037(-12 for losing)
|
|win|washingtongargacha
