|j|☆tryson69
|j|☆Shrimpy123456
|html|tryson69Shrimpy123456    
|uhtml|bestof|Game 1 of a best-of-3
|t:|1783000065
|gametype|doubles
|player|p1|tryson69|crasherwake|1179
|player|p2|Shrimpy123456|101|1045
|gen|9
|tier|[Gen 9 Champions] VGC 2026 Reg M-B (Bo3)
|rated|
|rule|Species Clause: Limit one of each Pokémon
|rule|Item Clause: Limit 1 of each item
|clearpoke
|poke|p1|Tyranitar, L50, F|
|poke|p1|Sinistcha, L50|
|poke|p1|Sneasler, L50, F|
|poke|p1|Garchomp, L50, M|
|poke|p1|Corviknight, L50, M|
|poke|p1|Gholdengo, L50|
|poke|p2|Sableye, L50, F|
|poke|p2|Clefable, L50, F|
|poke|p2|Kingambit, L50, F, shiny|
|poke|p2|Gardevoir, L50, F, shiny|
|poke|p2|Basculegion, L50, M|
|poke|p2|Talonflame, L50, F|
|teampreview|4
|showteam|p1|Tyranitar||Tyranitarite|SandStream|KnockOff,RockSlide,Protect,DragonDance|Adamant||F|||50|]Sinistcha||SitrusBerry|Hospitality|TrickRoom,MatchaGotcha,RagePowder,Protect|Bold|||||50|]Sneasler||WhiteHerb|Unburden|CloseCombat,DireClaw,FakeOut,Protect|Jolly||F|||50|]Garchomp||LifeOrb|RoughSkin|Earthquake,RockSlide,Protect,DragonClaw|Adamant||M|||50|]Corviknight||Leftovers|MirrorArmor|Tailwind,BulkUp,Protect,BraveBird|Careful||M|||50|]Gholdengo||SpellTag|GoodasGold|MakeItRain,NastyPlot,ShadowBall,Protect|Modest|||||50|
|showteam|p2|Sableye||FocusSash|Prankster|FakeOut,LightScreen,WillOWisp,Hex|Careful||F|||50|]Clefable||Leftovers|MagicGuard|Moonblast,HelpingHand,Protect,FollowMe|Bold||F|||50|]Kingambit||ChopleBerry|SupremeOverlord|SuckerPunch,SwordsDance,KowtowCleave,IronHead|Adamant||F|||50|]Gardevoir||Gardevoirite|Trace|HyperVoice,Protect,Psyshock,VacuumWave|Modest||F|||50|]Basculegion||MysticWater|Adaptability|WaveCrash,LastRespects,Protect,AquaJet|Adamant||M|||50|]Talonflame||SharpBeak|GaleWings|BraveBird,Overheat,Tailwind,Protect|Jolly||F|||50|
|
|t:|1783000101
|teamsize|p1|4
|teamsize|p2|4
|start
|switch|p1a: Gholdengo|Gholdengo, L50|100/100
|switch|p1b: Tyranitar|Tyranitar, L50, F|100/100
|switch|p2a: Sableye|Sableye, L50, F|100/100
|switch|p2b: Clefable|Clefable, L50, F|100/100
|-weather|Sandstorm|[from] ability: Sand Stream|[of] p1b: Tyranitar
|turn|1
|
|t:|1783000114
|move|p1b: Tyranitar|Protect|p1b: Tyranitar
|-singleturn|p1b: Tyranitar|Protect
|move|p2b: Clefable|Protect|p2b: Clefable
|-singleturn|p2b: Clefable|Protect
|move|p2a: Sableye|Fake Out|p1b: Tyranitar
|-activate|p1b: Tyranitar|move: Protect
|move|p1a: Gholdengo|Nasty Plot|p1a: Gholdengo
|-boost|p1a: Gholdengo|spa|2
|
|-weather|Sandstorm|[upkeep]
|-damage|p2a: Sableye|94/100|[from] Sandstorm
|upkeep
|turn|2
|
|t:|1783000132
|detailschange|p1b: Tyranitar|Tyranitar-Mega, L50, F
|-mega|p1b: Tyranitar|Tyranitar|Tyranitarite
|move|p2a: Sableye|Light Screen|p2a: Sableye
|-sidestart|p2: Shrimpy123456|move: Light Screen
|move|p1a: Gholdengo|Nasty Plot|p1a: Gholdengo
|-boost|p1a: Gholdengo|spa|2
|move|p1b: Tyranitar|Rock Slide|p2b: Clefable|[spread] p2a,p2b
|-damage|p2a: Sableye|49/100
|-damage|p2b: Clefable|69/100
|move|p2b: Clefable|Moonblast|p1b: Tyranitar
|-supereffective|p1b: Tyranitar|1
|-damage|p1b: Tyranitar|67/100
|-unboost|p1b: Tyranitar|spa|1
|
|-weather|Sandstorm|[upkeep]
|-damage|p2a: Sableye|43/100|[from] Sandstorm
|-heal|p2b: Clefable|75/100|[from] item: Leftovers
|upkeep
|turn|3
|
|t:|1783000149
|move|p2b: Clefable|Protect|p2b: Clefable
|-singleturn|p2b: Clefable|Protect
|move|p2a: Sableye|Will-O-Wisp|p1b: Tyranitar
|-hint|Since gen 7, Dark is immune to Prankster moves.
|-immune|p1b: Tyranitar
|move|p1a: Gholdengo|Nasty Plot|p1a: Gholdengo
|-boost|p1a: Gholdengo|spa|2
|move|p1b: Tyranitar|Rock Slide|p2b: Clefable|[spread] p2a
|-activate|p2b: Clefable|move: Protect
|-damage|p2a: Sableye|2/100
|
|-weather|Sandstorm|[upkeep]
|-damage|p2a: Sableye|0 fnt|[from] Sandstorm
|faint|p2a: Sableye
|-heal|p2b: Clefable|81/100|[from] item: Leftovers
|upkeep
|l|☆Shrimpy123456
|player|p2|
|inactive|Battle timer is ON: inactive players will automatically lose when time's up. (requested by tryson69)
|inactive|Shrimpy123456 has 30 seconds to reconnect!
|inactive|Shrimpy123456 has 20 seconds to reconnect!
|inactive|Shrimpy123456 has 15 seconds to reconnect!
|inactive|Shrimpy123456 has 10 seconds to reconnect!
|inactive|Shrimpy123456 has 5 seconds to reconnect!
|-message|Shrimpy123456 lost due to inactivity.
|
|win|tryson69
|raw|tryson69's rating: 1179 → 1195(+16 for winning)
|raw|Shrimpy123456's rating: 1045 → 1034(-11 for losing)
