|j|☆raksbach
|j|☆iannaVi
|html|raksbachiannaVi    
|uhtml|bestof|Game 1 of a best-of-3
|t:|1783421580
|gametype|doubles
|player|p1|raksbach|265|1138
|player|p2|iannaVi|cheren-gen5bw2|1243
|gen|9
|tier|[Gen 9 Champions] VGC 2026 Reg M-B (Bo3)
|rated|
|rule|Species Clause: Limit one of each Pokémon
|rule|Item Clause: Limit 1 of each item
|clearpoke
|poke|p1|Incineroar, L50, F|
|poke|p1|Maushold, L50|
|poke|p1|Sinistcha, L50|
|poke|p1|Sneasler, L50, M|
|poke|p1|Blastoise, L50, M|
|poke|p1|Delphox, L50, F|
|poke|p2|Raichu, L50, M|
|poke|p2|Grimmsnarl, L50, M|
|poke|p2|Meowscarada, L50, F|
|poke|p2|Archaludon, L50, F|
|poke|p2|Pelipper, L50, M|
|poke|p2|Basculegion, L50, M|
|teampreview|4
|showteam|p1|Incineroar||SitrusBerry|Intimidate|FakeOut,FlareBlitz,DarkestLariat,PartingShot|Impish||F|||50|]Maushold||ChopleBerry|FriendGuard|SuperFang,FollowMe,Protect,Feint|Impish|||||50|]Sinistcha||OccaBerry|Hospitality|MatchaGotcha,LifeDew,RagePowder,Protect|Bold|||||50|]Sneasler||FocusSash|PoisonTouch|FakeOut,CloseCombat,DireClaw,QuickGuard|Jolly||M|||50|]Blastoise||Blastoisinite|Torrent|WaterSpout,DarkPulse,ShellSmash,Protect|Modest||M|||50|]Delphox||Delphoxite|Blaze|HeatWave,Psychic,NastyPlot,Protect|Timid||F|||50|
|showteam|p2|Raichu||RaichuniteX|Static|FakeOut,WildCharge,BrickBreak,Protect|Jolly||M|||50|]Grimmsnarl||LightClay|Prankster|SpiritBreak,PartingShot,Reflect,LightScreen|Careful||M|||50|]Meowscarada||ChoiceScarf|Protean|TripleAxel,FlowerTrick,SuckerPunch,Uturn|Jolly||F|||50|]Archaludon||Leftovers|Stamina|ElectroShot,DragonPulse,FlashCannon,Protect|Modest||F|||50|]Pelipper||SitrusBerry|Drizzle|WeatherBall,Hurricane,WideGuard,Tailwind|Modest||M|||50|]Basculegion||FocusSash|Adaptability|Liquidation,LastRespects,AquaJet,Protect|Adamant||M|||50|
|inactive|Battle timer is ON: inactive players will automatically lose when time's up. (requested by raksbach)
|inactive|raksbach has 60 seconds left.
|inactive|iannaVi has 60 seconds left.
|inactive|iannaVi has 30 seconds left.
|
|t:|1783421645
|teamsize|p1|4
|teamsize|p2|4
|start
|switch|p1a: Blastoise|Blastoise, L50, M|100/100
|switch|p1b: Sneasler|Sneasler, L50, M|100/100
|switch|p2a: Raichu|Raichu, L50, M|100/100
|switch|p2b: Grimmsnarl|Grimmsnarl, L50, M|100/100
|turn|1
|inactive|raksbach has 30 seconds left.
|inactive|iannaVi has 30 seconds left.
|inactive|iannaVi has 20 seconds left.
|
|t:|1783421680
|detailschange|p2a: Raichu|Raichu-Mega-X, L50, M
|-mega|p2a: Raichu|Raichu|Raichunite X
|-fieldstart|move: Electric Terrain|[from] ability: Electric Surge|[of] p2a: Raichu
|detailschange|p1a: Blastoise|Blastoise-Mega, L50, M
|-mega|p1a: Blastoise|Blastoise|Blastoisinite
|move|p1b: Sneasler|Fake Out|p2a: Raichu
|-damage|p2a: Raichu|80/100
|-status|p2a: Raichu|psn|[from] ability: Poison Touch|[of] p1b: Sneasler
|cant|p2a: Raichu|flinch
|move|p2b: Grimmsnarl|Light Screen|p2b: Grimmsnarl
|-sidestart|p2: iannaVi|move: Light Screen
|move|p1a: Blastoise|Shell Smash|p1a: Blastoise
|-unboost|p1a: Blastoise|def|1
|-unboost|p1a: Blastoise|spd|1
|-boost|p1a: Blastoise|atk|2
|-boost|p1a: Blastoise|spa|2
|-boost|p1a: Blastoise|spe|2
|
|-damage|p2a: Raichu|67/100 psn|[from] psn
|upkeep
|turn|2
|inactive|raksbach has 30 seconds left.
|inactive|iannaVi has 30 seconds left.
|inactive|raksbach has 20 seconds left.
|inactive|iannaVi has 20 seconds left.
|
|t:|1783421720
|move|p2b: Grimmsnarl|Parting Shot|p1a: Blastoise
|-unboost|p1a: Blastoise|atk|1
|-unboost|p1a: Blastoise|spa|1
|
|t:|1783421728
|switch|p2b: Archaludon|Archaludon, L50, F|100/100|[from] Parting Shot
|move|p1a: Blastoise|Water Spout|p2a: Raichu|[spread] p2a,p2b
|-resisted|p2b: Archaludon|1
|-damage|p2a: Raichu|0 fnt
|-damage|p2b: Archaludon|68/100
|-ability|p2b: Archaludon|Stamina|boost
|-boost|p2b: Archaludon|def|1
|faint|p2a: Raichu
|move|p1b: Sneasler|Dire Claw|p2b: Archaludon
|-immune|p2b: Archaludon
|
|-heal|p2b: Archaludon|75/100|[from] item: Leftovers
|upkeep
|
|t:|1783421740
|switch|p2a: Pelipper|Pelipper, L50, M|100/100
|-weather|RainDance|[from] ability: Drizzle|[of] p2a: Pelipper
|turn|3
|inactive|raksbach has 30 seconds left.
|inactive|raksbach has 20 seconds left.
|
|t:|1783421778
|move|p2a: Pelipper|Wide Guard|p2a: Pelipper
|-singleturn|p2a: Pelipper|Wide Guard
|move|p1a: Blastoise|Shell Smash|p1a: Blastoise
|-unboost|p1a: Blastoise|def|1
|-unboost|p1a: Blastoise|spd|1
|-boost|p1a: Blastoise|atk|2
|-boost|p1a: Blastoise|spa|2
|-boost|p1a: Blastoise|spe|2
|move|p1b: Sneasler|Close Combat|p2b: Archaludon
|-supereffective|p2b: Archaludon|1
|-damage|p2b: Archaludon|10/100
|-unboost|p1b: Sneasler|def|1
|-unboost|p1b: Sneasler|spd|1
|-ability|p2b: Archaludon|Stamina|boost
|-boost|p2b: Archaludon|def|1
|move|p2b: Archaludon|Electro Shot||[still]
|-prepare|p2b: Archaludon|Electro Shot
|-boost|p2b: Archaludon|spa|1
|-anim|p2b: Archaludon|Electro Shot|p1a: Blastoise
|-supereffective|p1a: Blastoise|1
|-damage|p1a: Blastoise|0 fnt
|faint|p1a: Blastoise
|
|-weather|RainDance|[upkeep]
|-heal|p2b: Archaludon|16/100|[from] item: Leftovers
|upkeep
|l|☆iannaVi
|inactive|iannaVi disconnected and has a minute to reconnect!
|player|p2|
|inactive|raksbach has 30 seconds left.
|-message|raksbach forfeited.
|
|win|iannaVi
