|j|☆andrewcips
|j|☆lewis94
|html|andrewcipslewis94    
|uhtml|bestof|Game 2 of a best-of-3
|t:|1756919947
|gametype|doubles
|player|p1|andrewcips|alder|1138
|player|p2|lewis94|ethan-gen2|1102
|gen|9
|tier|[Gen 9] VGC 2025 Reg H (Bo3)
|rated|
|rule|Species Clause: Limit one of each Pokémon
|rule|Item Clause: Limit 1 of each item
|clearpoke
|poke|p1|Annihilape, L50, F|
|poke|p1|Clefable, L50, F|
|poke|p1|Garchomp, L50, M|
|poke|p1|Whimsicott, L50, F|
|poke|p1|Hydreigon, L50, M|
|poke|p1|Gholdengo, L50|
|poke|p2|Talonflame, L50, M|
|poke|p2|Ursaluna-Bloodmoon, L50, M|
|poke|p2|Tyranitar, L50, M|
|poke|p2|Sneasler, L50, M|
|poke|p2|Indeedee, L50, M|
|poke|p2|Electabuzz, L50, F|
|teampreview|4
|showteam|p1|Annihilape||SafetyGoggles|Defiant|Protect,BulkUp,DrainPunch,RageFist|||F|||50|,,,,,Water]Clefable||SitrusBerry|Unaware|Protect,FollowMe,MistyTerrain,Moonblast|||F|||50|,,,,,Water]Garchomp||LifeOrb|RoughSkin|Protect,StompingTantrum,DragonClaw,Earthquake|||M|||50|,,,,,Steel]Whimsicott||FocusSash|Prankster|SunnyDay,Encore,Tailwind,Moonblast|||F|||50|,,,,,Ghost]Hydreigon||ChoiceSpecs|Levitate|HeatWave,Snarl,DarkPulse,DracoMeteor|||M|||50|,,,,,Fire]Gholdengo||MetalCoat|GoodasGold|Protect,NastyPlot,ShadowBall,MakeItRain||||||50|,,,,,Steel
|showteam|p2|Talonflame||CovertCloak|GaleWings|FlareBlitz,DualWingbeat,WillOWisp,Tailwind|||M|||50|,,,,,Fairy]Ursaluna-Bloodmoon||LifeOrb|MindsEye|BloodMoon,HyperVoice,EarthPower,Protect|||M|||50|,,,,,Normal]Tyranitar||AssaultVest|SandStream|RockSlide,KnockOff,TeraBlast,LowKick|||M|||50|,,,,,Flying]Sneasler||PsychicSeed|Unburden|DireClaw,CloseCombat,ThroatChop,Protect|||M|||50|,,,,,Dark]Indeedee||ChoiceScarf|PsychicSurge|ExpandingForce,TeraBlast,Protect,Trick|||M|||50|,,,,,Psychic]Electabuzz||Eviolite|VitalSpirit|Electroweb,FollowMe,Taunt,Protect|||F|||50|,,,,,Ghost
|inactive|Battle timer is ON: inactive players will automatically lose when time's up. (requested by lewis94)
|inactive|andrewcips has 60 seconds left.
|inactive|andrewcips has 30 seconds left.
|
|t:|1756920018
|teamsize|p1|4
|teamsize|p2|4
|start
|switch|p1a: Garchomp|Garchomp, L50, M|100/100
|switch|p1b: Clefable|Clefable, L50, F|100/100
|switch|p2a: Talonflame|Talonflame, L50, M|100/100
|switch|p2b: Ursaluna|Ursaluna-Bloodmoon, L50, M|100/100
|turn|1
|inactive|andrewcips has 30 seconds left.
|inactive|lewis94 has 30 seconds left.
|inactive|andrewcips has 20 seconds left.
|inactive|andrewcips has 15 seconds left.
|
|t:|1756920061
|-terastallize|p2a: Talonflame|Fairy
|move|p2a: Talonflame|Tailwind|p2a: Talonflame
|-sidestart|p2: lewis94|move: Tailwind
|move|p2b: Ursaluna|Hyper Voice|p1a: Garchomp|[spread] p1a,p1b
|-damage|p1a: Garchomp|44/100
|-damage|p1b: Clefable|50/100
|-enditem|p1b: Clefable|Sitrus Berry|[eat]
|-heal|p1b: Clefable|75/100|[from] item: Sitrus Berry
|-damage|p2b: Ursaluna|91/100|[from] item: Life Orb
|move|p1a: Garchomp|Dragon Claw|p2a: Talonflame
|-immune|p2a: Talonflame
|move|p1b: Clefable|Moonblast|p2a: Talonflame
|-damage|p2a: Talonflame|60/100
|
|upkeep
|turn|2
|-message|andrewcips forfeited.
|
|win|lewis94
|raw|andrewcips's rating: 1138 → 1110(-28 for losing)
|raw|lewis94's rating: 1102 → 1130(+28 for winning)
|l|☆andrewcips
|player|p1|
