|j|☆KotoOnMyCleave
|j|☆13XH
|html|KotoOnMyCleave13XH    
|uhtml|bestof|Game 2 of a best-of-3
|t:|1756155102
|gametype|doubles
|player|p1|KotoOnMyCleave|2|1170
|player|p2|13XH|2|1106
|gen|9
|tier|[Gen 9] VGC 2025 Reg H (Bo3)
|rated|
|rule|Species Clause: Limit one of each Pokémon
|rule|Item Clause: Limit 1 of each item
|clearpoke
|poke|p1|Annihilape, L50, F|
|poke|p1|Sinistcha, L50|
|poke|p1|Grimmsnarl, L50, M|
|poke|p1|Pelipper, L50, M|
|poke|p1|Archaludon, L50, M|
|poke|p1|Maushold, L50|
|poke|p2|Ursaluna, L50, F|
|poke|p2|Jumpluff, L50, F|
|poke|p2|Charizard, L50, M|
|poke|p2|Torkoal, L50, M|
|poke|p2|Incineroar, L50, F|
|poke|p2|Porygon2, L50|
|teampreview|4
|showteam|p1|Annihilape||LumBerry|Defiant|RageFist,DrainPunch,BulkUp,Protect|||F|||50|,,,,,Water]Sinistcha||SitrusBerry|Hospitality|MatchaGotcha,LifeDew,TrickRoom,RagePowder||||||50|,,,,,Fairy]Grimmsnarl||LightClay|Prankster|ThunderWave,LightScreen,Reflect,SpiritBreak|||M|||50|,,,,,Ghost]Pelipper||LifeOrb|Drizzle|Hurricane,WeatherBall,Tailwind,Protect|||M|||50|,,,,,Stellar]Archaludon||AssaultVest|Stamina|Snarl,ElectroShot,DragonPulse,BodyPress|||M|||50|,,,,,Grass]Maushold||SafetyGoggles|FriendGuard|FollowMe,BeatUp,Taunt,Protect||||||50|,,,,,Ghost
|showteam|p2|Ursaluna||FlameOrb|Guts|HeadlongRush,Facade,Earthquake,Protect|||F|||50|,,,,,Ghost]Jumpluff||CovertCloak|Chlorophyll|SleepPowder,SunnyDay,Tailwind,RagePowder|||F|||50|,,,,,Water]Charizard||ChoiceSpecs|SolarPower|DragonPulse,HeatWave,Overheat,WeatherBall|||M|||50|,,,,,Ghost]Torkoal||EjectPack|Drought|ClearSmog,Eruption,Overheat,Protect|||M|||50|,,,,,Fire]Incineroar||SitrusBerry|Intimidate|FakeOut,FlareBlitz,KnockOff,PartingShot|||F|||50|,,,,,Ghost]Porygon2||Eviolite|Download|TeraBlast,IceBeam,Recover,TrickRoom||||||50|,,,,,Fighting
|inactive|Battle timer is ON: inactive players will automatically lose when time's up. (requested by KotoOnMyCleave)
|inactive|13XH has 60 seconds left.
|inactive|13XH has 30 seconds left.
|
|t:|1756155168
|teamsize|p1|4
|teamsize|p2|4
|start
|switch|p1a: Annihilape|Annihilape, L50, F|100/100
|switch|p1b: Maushold|Maushold, L50|100/100
|switch|p2a: Jumpluff|Jumpluff, L50, F|100/100
|switch|p2b: Torkoal|Torkoal, L50, M|100/100
|-weather|SunnyDay|[from] ability: Drought|[of] p2b: Torkoal
|turn|1
|inactive|KotoOnMyCleave has 30 seconds left.
|inactive|KotoOnMyCleave has 20 seconds left.
|inactive|KotoOnMyCleave has 15 seconds left.
|inactive|KotoOnMyCleave has 10 seconds left.
|inactive|13XH has 30 seconds left.
|
|t:|1756155218
|-terastallize|p1a: Annihilape|Water
|move|p2a: Jumpluff|Tailwind|p2a: Jumpluff
|-sidestart|p2: 13XH|move: Tailwind
|move|p1b: Maushold|Taunt|p2a: Jumpluff
|-start|p2a: Jumpluff|move: Taunt
|move|p1a: Annihilape|Bulk Up|p1a: Annihilape
|-boost|p1a: Annihilape|atk|1
|-boost|p1a: Annihilape|def|1
|move|p2b: Torkoal|Overheat|p1b: Maushold
|-damage|p1b: Maushold|0 fnt
|-unboost|p2b: Torkoal|spa|2
|faint|p1b: Maushold
|-enditem|p2b: Torkoal|Eject Pack
|
|t:|1756155234
|switch|p2b: Ursaluna|Ursaluna, L50, F|100/100
|
|-weather|SunnyDay|[upkeep]
|-status|p2b: Ursaluna|brn|[from] item: Flame Orb
|upkeep
|
|t:|1756155240
|switch|p1b: Pelipper|Pelipper, L50, M|100/100
|-weather|RainDance|[from] ability: Drizzle|[of] p1b: Pelipper
|turn|2
|
|t:|1756155265
|switch|p2a: Torkoal|Torkoal, L50, M|100/100
|-weather|SunnyDay|[from] ability: Drought|[of] p2a: Torkoal
|-terastallize|p2b: Ursaluna|Ghost
|move|p2b: Ursaluna|Facade|p1b: Pelipper
|-damage|p1b: Pelipper|0 fnt
|faint|p1b: Pelipper
|move|p1a: Annihilape|Drain Punch|p2b: Ursaluna
|-immune|p2b: Ursaluna
|
|-weather|SunnyDay|[upkeep]
|-damage|p2b: Ursaluna|95/100 brn|[from] brn
|upkeep
|
|t:|1756155270
|switch|p1b: Archaludon|Archaludon, L50, M|100/100
|turn|3
|inactive|13XH has 30 seconds left.
|
|t:|1756155302
|move|p2b: Ursaluna|Headlong Rush|p1b: Archaludon
|-supereffective|p1b: Archaludon
|-damage|p1b: Archaludon|0 fnt
|-unboost|p2b: Ursaluna|def|1
|-unboost|p2b: Ursaluna|spd|1
|faint|p1b: Archaludon
|move|p1a: Annihilape|Rage Fist|p2b: Ursaluna
|-supereffective|p2b: Ursaluna
|-damage|p2b: Ursaluna|19/100 brn
|move|p2a: Torkoal|Clear Smog|p1a: Annihilape
|-damage|p1a: Annihilape|87/100
|-clearboost|p1a: Annihilape
|
|-weather|SunnyDay|[upkeep]
|-damage|p2b: Ursaluna|14/100 brn|[from] brn
|upkeep
|turn|4
|
|t:|1756155323
|switch|p2a: Jumpluff|Jumpluff, L50, F|100/100
|move|p1a: Annihilape|Protect|p1a: Annihilape
|-singleturn|p1a: Annihilape|Protect
|move|p2b: Ursaluna|Facade|p1a: Annihilape
|-activate|p1a: Annihilape|move: Protect
|
|-weather|SunnyDay|[upkeep]
|-damage|p2b: Ursaluna|8/100 brn|[from] brn
|-sideend|p2: 13XH|move: Tailwind
|upkeep
|turn|5
|
|t:|1756155330
|move|p2a: Jumpluff|Tailwind|p2a: Jumpluff
|-sidestart|p2: 13XH|move: Tailwind
|move|p2b: Ursaluna|Facade|p1a: Annihilape
|-damage|p1a: Annihilape|0 fnt
|faint|p1a: Annihilape
|
|win|13XH
|raw|KotoOnMyCleave's rating: 1170 → 1140(-30 for losing)
|raw|13XH's rating: 1106 → 1136(+30 for winning)
