|j|☆Klerion
|j|☆MoonElGato
|html|KlerionMoonElGato    
|uhtml|bestof|Game 1 of a best-of-3
|t:|1757637609
|gametype|doubles
|player|p1|Klerion|scientist-gen4|1173
|player|p2|MoonElGato|birdkeeper-gen4dp|1209
|gen|9
|tier|[Gen 9] VGC 2025 Reg H (Bo3)
|rated|
|rule|Species Clause: Limit one of each Pokémon
|rule|Item Clause: Limit 1 of each item
|clearpoke
|poke|p1|Pyroar, L50, F|
|poke|p1|Annihilape, L50, M|
|poke|p1|Murkrow, L50, F|
|poke|p1|Maushold-Four, L50|
|poke|p1|Milotic, L50, M|
|poke|p1|Garchomp, L50, M|
|poke|p2|Ursaluna, L50, M|
|poke|p2|Indeedee-F, L50, F|
|poke|p2|Armarouge, L50, M|
|poke|p2|Gallade, L50, M|
|poke|p2|Whimsicott, L50, M|
|poke|p2|Incineroar, L50, M|
|teampreview|4
|showteam|p1|Pyroar||ThroatSpray|Unnerve|Protect,HeatWave,HyperVoice,WillOWisp|||F|||50|,,,,,Flying]Annihilape||Leftovers|Defiant|Protect,Coaching,CloseCombat,RageFist|||M|||50|,,,,,Fire]Murkrow||Eviolite|Prankster|Protect,Tailwind,Taunt,FoulPlay|||F|||50|,,,,,Dark]Maushold-Four||WideLens|Technician|Protect,FollowMe,BeatUp,PopulationBomb||||||50|,,,,,Ghost]Milotic||AssaultVest|Competitive|AlluringVoice,MuddyWater,Scald,IceBeam|||M|||50|,,,,,Grass]Garchomp||LifeOrb|RoughSkin|Protect,StompingTantrum,DragonClaw,Earthquake|||M|||50|,,,,,Ground
|showteam|p2|Ursaluna||FlameOrb|Guts|Facade,HeadlongRush,Protect,Earthquake|||M|||50|,,,,,Ghost]Indeedee-F||RockyHelmet|PsychicSurge|FollowMe,TrickRoom,HelpingHand,Psychic|||F|||50|,,,,,Fairy]Armarouge||LifeOrb|FlashFire|ExpandingForce,ArmorCannon,TrickRoom,Protect|||M|||50|,,,,,Grass]Gallade||ClearAmulet|Sharpness|SacredSword,PsychoCut,Protect,WideGuard|||M|||50|,,,,,Grass]Whimsicott||CovertCloak|Prankster|Tailwind,Moonblast,Encore,SunnyDay|||M|||50|,,,,,Fire]Incineroar||SafetyGoggles|Intimidate|FakeOut,KnockOff,PartingShot,FlareBlitz|||M|||50|,,,,,Ghost
|inactive|Battle timer is ON: inactive players will automatically lose when time's up. (requested by MoonElGato)
|inactive|Klerion has 60 seconds left.
|inactive|MoonElGato has 60 seconds left.
|inactive|Klerion has 30 seconds left.
|inactive|MoonElGato has 30 seconds left.
|
|t:|1757637676
|teamsize|p1|4
|teamsize|p2|4
|start
|switch|p1a: Pyroar|Pyroar, L50, F|100/100
|switch|p1b: Garchomp|Garchomp, L50, M|100/100
|switch|p2a: Indeedee|Indeedee-F, L50, F, shiny|100/100
|switch|p2b: Armarouge|Armarouge, L50, M, shiny|100/100
|-ability|p1a: Pyroar|Unnerve
|-fieldstart|move: Psychic Terrain|[from] ability: Psychic Surge|[of] p2a: Indeedee
|turn|1
|
|t:|1757637700
|-terastallize|p1a: Pyroar|Flying
|-terastallize|p2b: Armarouge|Grass
|move|p2a: Indeedee|Follow Me|p2a: Indeedee
|-singleturn|p2a: Indeedee|move: Follow Me
|move|p1a: Pyroar|Hyper Voice|p2b: Armarouge|[spread] p2a,p2b
|-damage|p2a: Indeedee|71/100
|-damage|p2b: Armarouge|63/100
|-enditem|p1a: Pyroar|Throat Spray
|-boost|p1a: Pyroar|spa|1|[from] item: Throat Spray
|move|p1b: Garchomp|Earthquake|p2a: Indeedee|[spread] p2a,p2b
|-immune|p1a: Pyroar
|-resisted|p2b: Armarouge
|-damage|p2a: Indeedee|18/100
|-damage|p2b: Armarouge|38/100
|-damage|p1b: Garchomp|91/100|[from] item: Life Orb
|move|p2b: Armarouge|Trick Room|p2b: Armarouge
|-fieldstart|move: Trick Room|[of] p2b: Armarouge
|
|upkeep
|turn|2
|inactive|Klerion has 30 seconds left.
|inactive|MoonElGato has 30 seconds left.
|inactive|Klerion has 20 seconds left.
|inactive|MoonElGato has 20 seconds left.
|inactive|Klerion has 15 seconds left.
|inactive|MoonElGato has 15 seconds left.
|inactive|MoonElGato has 10 seconds left.
|
|t:|1757637746
|switch|p2a: Ursaluna|Ursaluna, L50, M, shiny|100/100
|move|p2b: Armarouge|Expanding Force|p1b: Garchomp|[spread] p1a,p1b
|-damage|p1a: Pyroar|0 fnt
|-damage|p1b: Garchomp|1/100
|faint|p1a: Pyroar
|-damage|p2b: Armarouge|28/100|[from] item: Life Orb
|move|p1b: Garchomp|Earthquake|p2b: Armarouge|[spread] p2a,p2b
|-resisted|p2b: Armarouge
|-damage|p2a: Ursaluna|65/100
|-damage|p2b: Armarouge|3/100
|-damage|p1b: Garchomp|0 fnt|[from] item: Life Orb
|faint|p1b: Garchomp
|
|-status|p2a: Ursaluna|brn|[from] item: Flame Orb
|upkeep
|
|t:|1757637761
|switch|p1b: Annihilape|Annihilape, L50, M|100/100
|switch|p1a: Milotic|Milotic, L50, M|100/100
|turn|3
|inactive|Klerion has 30 seconds left.
|
|t:|1757637786
|move|p1b: Annihilape|Protect|p1b: Annihilape
|-singleturn|p1b: Annihilape|Protect
|move|p2a: Ursaluna|Facade|p1a: Milotic
|-damage|p1a: Milotic|0 fnt
|faint|p1a: Milotic
|move|p2b: Armarouge|Expanding Force|p1b: Annihilape
|-activate|p1b: Annihilape|move: Protect
|
|-damage|p2a: Ursaluna|59/100 brn|[from] brn
|upkeep
|turn|4
|-message|Klerion forfeited.
|
|win|MoonElGato
|l|☆Klerion
|player|p1|
||MoonElGato is ready for game 2.
||Klerion is ready for game 2.
|uhtml|next|Next: Game 2 of 3
|l|☆MoonElGato
|player|p2|
