|j|☆bassacucina777
|j|☆Doomtap
|html|bassacucina777Doomtap    
|uhtml|bestof|Game 2 of a best-of-3
|t:|1756824045
|gametype|doubles
|player|p1|bassacucina777|170|1160
|player|p2|Doomtap|parasollady-gen4|1065
|gen|9
|tier|[Gen 9] VGC 2025 Reg H (Bo3)
|rated|
|rule|Species Clause: Limit one of each Pokémon
|rule|Item Clause: Limit 1 of each item
|clearpoke
|poke|p1|Dondozo, L50, F|
|poke|p1|Tatsugiri, L50, M|
|poke|p1|Sneasler, L50, M|
|poke|p1|Volcarona, L50, F|
|poke|p1|Glimmora, L50, F|
|poke|p1|Rillaboom, L50, F|
|poke|p2|Annihilape, L50, F|
|poke|p2|Archaludon, L50, F|
|poke|p2|Whimsicott, L50, F|
|poke|p2|Pelipper, L50, F|
|poke|p2|Indeedee, L50, M|
|poke|p2|Sneasler, L50, F|
|teampreview|4
|showteam|p1|Dondozo||CovertCloak|Unaware|WaveCrash,Earthquake,OrderUp,Protect|||F|||50|,,,,,Grass]Tatsugiri||FocusSash|Commander|MuddyWater,DracoMeteor,DragonPulse,IcyWind|||M|||50|,,,,,Stellar]Sneasler||GrassySeed|Unburden|CloseCombat,DireClaw,ThroatChop,Protect|||M|||50|,,,,,Dark]Volcarona||SafetyGoggles|FlameBody|RagePowder,Tailwind,Overheat,StruggleBug|||F|||50|,,,,,Fairy]Glimmora||PowerHerb|ToxicDebris|MeteorBeam,EarthPower,SludgeBomb,MortalSpin|||F|||50|,,,,,Grass]Rillaboom||AssaultVest|GrassySurge|FakeOut,WoodHammer,HighHorsepower,GrassyGlide|||F|||50|,,,,,Fire
|showteam|p2|Annihilape||ChoiceScarf|Defiant|FinalGambit,RageFist,Uturn,CloseCombat|||F|||50|,,,,,Grass]Archaludon||AssaultVest|Stamina|BodyPress,FlashCannon,ElectroShot,DracoMeteor|||F|||50|,,,,,Water]Whimsicott||CovertCloak|Prankster|Moonblast,BeatUp,Tailwind,Taunt|||F|||50|,,,,,Ghost]Pelipper||SafetyGoggles|Drizzle|WeatherBall,Hurricane,Tailwind,Protect|||F|||50|,,,,,Ground]Indeedee||FocusSash|PsychicSurge|Imprison,TrickRoom,Protect,ExpandingForce|||M|||50|,,,,,Fairy]Sneasler||PsychicSeed|Unburden|DireClaw,ThroatChop,CloseCombat,Protect|||F|||50|,,,,,Dark
|
|t:|1756824072
|teamsize|p1|4
|teamsize|p2|4
|start
|switch|p1a: Sneasler|Sneasler, L50, M|100/100
|switch|p1b: Rillaboom|Rillaboom, L50, F|100/100
|switch|p2a: Annihilape|Annihilape, L50, F|100/100
|switch|p2b: Whimsicott|Whimsicott, L50, F|100/100
|-fieldstart|move: Grassy Terrain|[from] ability: Grassy Surge|[of] p1b: Rillaboom
|-enditem|p1a: Sneasler|Grassy Seed
|-boost|p1a: Sneasler|def|1|[from] item: Grassy Seed
|turn|1
|
|t:|1756824130
|-terastallize|p2a: Annihilape|Grass
|move|p1b: Rillaboom|Grassy Glide|p2a: Annihilape
|-resisted|p2a: Annihilape
|-damage|p2a: Annihilape|81/100
|move|p1a: Sneasler|Dire Claw|p2b: Whimsicott
|-supereffective|p2b: Whimsicott
|-damage|p2b: Whimsicott|0 fnt
|faint|p2b: Whimsicott
|move|p2a: Annihilape|Rage Fist|p1b: Rillaboom
|-damage|p1b: Rillaboom|50/100
|
|-heal|p2a: Annihilape|87/100|[from] Grassy Terrain
|-heal|p1b: Rillaboom|56/100|[from] Grassy Terrain
|upkeep
|
|t:|1756824148
|switch|p2b: Indeedee|Indeedee, L50, M|100/100
|-fieldstart|move: Psychic Terrain|[from] ability: Psychic Surge|[of] p2b: Indeedee
|turn|2
|
|t:|1756824191
|move|p1a: Sneasler|Dire Claw|p2a: Annihilape
|-supereffective|p2a: Annihilape
|-damage|p2a: Annihilape|4/100
|move|p2a: Annihilape|Rage Fist|p1a: Sneasler
|-damage|p1a: Sneasler|23/100
|move|p2b: Indeedee|Expanding Force|p1a: Sneasler|[spread] p1a,p1b
|-supereffective|p1a: Sneasler
|-damage|p1a: Sneasler|0 fnt
|-damage|p1b: Rillaboom|23/100
|faint|p1a: Sneasler
|move|p1b: Rillaboom|Wood Hammer|p2b: Indeedee
|-enditem|p2b: Indeedee|Focus Sash
|-damage|p2b: Indeedee|1/100
|-damage|p1b: Rillaboom|1/100|[from] Recoil
|
|upkeep
|
|t:|1756824208
|switch|p1a: Patty|Dondozo, L50, F|100/100
|turn|3
|
|t:|1756824222
|switch|p1b: Silvano|Tatsugiri, L50, M|100/100
|-activate|p1b: Silvano|ability: Commander|[of] p1a: Patty
|-boost|p1a: Patty|atk|2
|-boost|p1a: Patty|spa|2
|-boost|p1a: Patty|spe|2
|-boost|p1a: Patty|def|2
|-boost|p1a: Patty|spd|2
|move|p1a: Patty|Earthquake|p2a: Annihilape|[spread] p2a,p2b
|-miss|p1a: Patty|p1b: Silvano
|-resisted|p2a: Annihilape
|-damage|p2a: Annihilape|0 fnt
|-damage|p2b: Indeedee|0 fnt
|faint|p2a: Annihilape
|faint|p2b: Indeedee
|
|upkeep
|
|t:|1756824237
|switch|p2b: Sneasler|Sneasler, L50, F, shiny|100/100
|-enditem|p2b: Sneasler|Psychic Seed
|-boost|p2b: Sneasler|spd|1|[from] item: Psychic Seed
|turn|4
|
|t:|1756824244
|move|p2b: Sneasler|Dire Claw|p1a: Patty
|-damage|p1a: Patty|85/100
|move|p1a: Patty|Earthquake|p2b: Sneasler|[spread] p2b
|-miss|p1a: Patty|p1b: Silvano
|-supereffective|p2b: Sneasler
|-damage|p2b: Sneasler|0 fnt
|faint|p2b: Sneasler
|
|win|bassacucina777
|raw|bassacucina777's rating: 1160 → 1178(+18 for winning)
|raw|Doomtap's rating: 1065 → 1051(-14 for losing)
