|j|☆mumumunchlax
|j|☆colemarcusvgc
|html|mumumunchlaxcolemarcusvgc    
|uhtml|bestof|Game 2 of a best-of-3
|t:|1757129653
|gametype|doubles
|player|p1|mumumunchlax|265|1159
|player|p2|colemarcusvgc|n|1108
|gen|9
|tier|[Gen 9] VGC 2025 Reg H (Bo3)
|rated|
|rule|Species Clause: Limit one of each Pokémon
|rule|Item Clause: Limit 1 of each item
|clearpoke
|poke|p1|Porygon2, L50|
|poke|p1|Incineroar, L50, M|
|poke|p1|Primarina, L50, M|
|poke|p1|Ursaluna, L50, F|
|poke|p1|Sinistcha, L50|
|poke|p1|Gholdengo, L50|
|poke|p2|Indeedee-F, L50, F|
|poke|p2|Hatterene, L50, F|
|poke|p2|Gallade, L50, M|
|poke|p2|Ursaluna, L50, M|
|poke|p2|Lilligant-Hisui, L50, F|
|poke|p2|Torkoal, L50, M|
|teampreview|4
|showteam|p1|Porygon2||Eviolite|Download|TrickRoom,Protect,Recover,IceBeam||||||50|,,,,,Flying]Incineroar||SafetyGoggles|Intimidate|FakeOut,Protect,PartingShot,FlareBlitz|||M|||50|,,,,,Water]Primarina||SplashPlate|LiquidVoice|HyperVoice,HelpingHand,Protect,Moonblast|||M|||50|,,,,,Water]Ursaluna||FlameOrb|Guts|Facade,HeadlongRush,Protect,Earthquake|||F|||50|,,,,,Ghost]Sinistcha||Leftovers|Hospitality|RagePowder,MatchaGotcha,StrengthSap,LifeDew||||||50|,,,,,Water]Gholdengo||LifeOrb|GoodasGold|Protect,ShadowBall,MakeItRain,Thunder||||||50|,,,,,Electric
|showteam|p2|Indeedee-F||PsychicSeed|PsychicSurge|TrickRoom,FollowMe,HelpingHand,DazzlingGleam|||F|||50|,,,,,Fire]Hatterene||LifeOrb|MagicBounce|ExpandingForce,TrickRoom,DazzlingGleam,Protect|||F|||50|,,,,,Psychic]Gallade||ClearAmulet|Sharpness|SacredSword,PsychoCut,TrickRoom,WideGuard|||M|||50|,,,,,Grass]Ursaluna||FlameOrb|Guts|HeadlongRush,Facade,SwordsDance,Protect|||M|||50|,,,,,Ghost]Lilligant-Hisui||FocusSash|Chlorophyll|SolarBlade,SleepPowder,CloseCombat,AfterYou|||F|||50|,,,,,Ghost]Torkoal||ChoiceSpecs|Drought|Eruption,HeatWave,WeatherBall,EarthPower|||M|||50|,,,,,Fire
|
|t:|1757129672
|teamsize|p1|4
|teamsize|p2|4
|start
|switch|p1a: Ursaluna|Ursaluna, L50, F|100/100
|switch|p1b: Sinistcha|Sinistcha, L50|100/100
|switch|p2a: Indeedee|Indeedee-F, L50, F|100/100
|switch|p2b: Gallade|Gallade, L50, M|100/100
|-fieldstart|move: Psychic Terrain|[from] ability: Psychic Surge|[of] p2a: Indeedee
|-enditem|p2a: Indeedee|Psychic Seed
|-boost|p2a: Indeedee|spd|1|[from] item: Psychic Seed
|turn|1
|
|t:|1757129690
|switch|p2a: Ursaluna|Ursaluna, L50, M|100/100
|move|p1b: Sinistcha|Rage Powder|p1b: Sinistcha
|-singleturn|p1b: Sinistcha|move: Rage Powder
|move|p2b: Gallade|Psycho Cut|p1b: Sinistcha
|-damage|p1b: Sinistcha|43/100
|move|p1a: Ursaluna|Facade|p2b: Gallade
|-damage|p2b: Gallade|42/100
|
|-heal|p1b: Sinistcha|49/100|[from] item: Leftovers
|-status|p1a: Ursaluna|brn|[from] item: Flame Orb
|-status|p2a: Ursaluna|brn|[from] item: Flame Orb
|upkeep
|turn|2
|inactive|Battle timer is ON: inactive players will automatically lose when time's up. (requested by mumumunchlax)
|
|t:|1757129720
|switch|p1b: Incineroar|Incineroar, L50, M|100/100
|-ability|p1b: Incineroar|Intimidate|boost
|-unboost|p2a: Ursaluna|atk|1
|-fail|p2b: Gallade|unboost|[from] item: Clear Amulet|[of] p2b: Gallade
|move|p2b: Gallade|Wide Guard|p2b: Gallade
|-singleturn|p2b: Gallade|Wide Guard
|move|p1a: Ursaluna|Facade|p2b: Gallade
|-damage|p2b: Gallade|0 fnt
|faint|p2b: Gallade
|move|p2a: Ursaluna|Headlong Rush|p1b: Incineroar
|-supereffective|p1b: Incineroar
|-damage|p1b: Incineroar|0 fnt
|-unboost|p2a: Ursaluna|def|1
|-unboost|p2a: Ursaluna|spd|1
|faint|p1b: Incineroar
|
|-damage|p1a: Ursaluna|95/100 brn|[from] brn
|-damage|p2a: Ursaluna|95/100 brn|[from] brn
|upkeep
|
|t:|1757129739
|switch|p2b: Indeedee|Indeedee-F, L50, F|100/100
|switch|p1b: Primarina|Primarina, L50, M|100/100
|turn|3
|
|t:|1757129761
|-terastallize|p1b: Primarina|Water
|move|p2a: Ursaluna|Protect|p2a: Ursaluna
|-singleturn|p2a: Ursaluna|Protect
|move|p1b: Primarina|Hyper Voice|p2a: Ursaluna|[spread] p2b
|-activate|p2a: Ursaluna|move: Protect
|-crit|p2b: Indeedee
|-damage|p2b: Indeedee|25/100
|move|p1a: Ursaluna|Earthquake|p2b: Indeedee|[spread] p1b,p2b
|-activate|p2a: Ursaluna|move: Protect
|-damage|p1b: Primarina|11/100
|-damage|p2b: Indeedee|0 fnt
|faint|p2b: Indeedee
|
|-damage|p1a: Ursaluna|89/100 brn|[from] brn
|-damage|p2a: Ursaluna|89/100 brn|[from] brn
|upkeep
|
|t:|1757129775
|switch|p2b: Torkoal|Torkoal, L50, M|100/100
|-weather|SunnyDay|[from] ability: Drought|[of] p2b: Torkoal
|turn|4
|
|t:|1757129793
|-terastallize|p2a: Ursaluna|Ghost
|move|p1b: Primarina|Hyper Voice|p2a: Ursaluna|[spread] p2a,p2b
|-supereffective|p2b: Torkoal
|-damage|p2a: Ursaluna|54/100 brn
|-damage|p2b: Torkoal|33/100
|move|p1a: Ursaluna|Earthquake|p2a: Ursaluna|[spread] p1b,p2a,p2b
|-supereffective|p2b: Torkoal
|-damage|p1b: Primarina|0 fnt
|-damage|p2a: Ursaluna|0 fnt
|-damage|p2b: Torkoal|0 fnt
|faint|p1b: Primarina
|faint|p2a: Ursaluna
|faint|p2b: Torkoal
|
|win|mumumunchlax
|raw|mumumunchlax's rating: 1159 → 1180(+21 for winning)
|raw|colemarcusvgc's rating: 1108 → 1087(-21 for losing)
