|j|☆ADX Venom
|j|☆P!nkbearz07
|html|ADX VenomP!nkbearz07    
|uhtml|bestof|Game 3 of a best-of-3
|t:|1757653836
|gametype|doubles
|player|p1|ADX Venom|101|1135
|player|p2|P!nkbearz07|marlon|1036
|gen|9
|tier|[Gen 9] VGC 2025 Reg H (Bo3)
|rated|
|rule|Species Clause: Limit one of each Pokémon
|rule|Item Clause: Limit 1 of each item
|clearpoke
|poke|p1|Archaludon, L50, F|
|poke|p1|Kingdra, L50, M|
|poke|p1|Politoed, L50, F|
|poke|p1|Incineroar, L50, M|
|poke|p1|Gothitelle, L50, F|
|poke|p1|Amoonguss, L50, M|
|poke|p2|Whimsicott, L50, F|
|poke|p2|Lurantis, L50, F|
|poke|p2|Tsareena, L50, F|
|poke|p2|Sunflora, L50, M|
|poke|p2|Rillaboom, L50, F|
|poke|p2|Appletun, L50, M|
|teampreview|4
|showteam|p1|Archaludon||PowerHerb|Sturdy|Protect,ElectroShot,FlashCannon,DragonPulse|||F|||50|,,,,,Electric]Kingdra||LifeOrb|SwiftSwim|Protect,DracoMeteor,WeatherBall,MuddyWater|||M|||50|,,,,,Stellar]Politoed||Leftovers|Drizzle|Protect,WeatherBall,PerishSong,Encore|||F|||50|,,,,,Grass]Incineroar||SafetyGoggles|Intimidate|FakeOut,KnockOff,PartingShot,Protect|||M|||50|,,,,,Ghost]Gothitelle||SitrusBerry|ShadowTag|Protect,Psychic,FakeOut,TrickRoom|||F|||50|,,,,,Dark]Amoonguss||EjectButton|Regenerator|Protect,RagePowder,Spore,PollenPuff|||M|||50|,,,,,Fairy
|showteam|p2|Whimsicott||FocusSash|Prankster|Moonblast,Tailwind,FakeTears,Tickle|||F|||50|,,,,,Ghost]Lurantis||CovertCloak|Contrary|TeraBlast,Superpower,GrassyGlide,Protect|||F|||50|,,,,,Fire]Tsareena||GrassySeed|QueenlyMajesty|Acrobatics,HighJumpKick,SeedBomb,Protect|||F|||50|,,,,,Flying]Sunflora||LifeOrb|SolarPower|EnergyBall,EarthPower,DazzlingGleam,Protect|||M|||50|,,,,,Stellar]Rillaboom||AssaultVest|GrassySurge|FakeOut,GrassyGlide,WoodHammer,Uturn|||F|||50|,,,,,Water]Appletun||Leftovers|ThickFat|LightScreen,Reflect,LeechSeed,BodyPress|||M|||50|,,,,,Water
|inactive|Battle timer is ON: inactive players will automatically lose when time's up. (requested by P!nkbearz07)
|
|t:|1757653864
|teamsize|p1|4
|teamsize|p2|4
|start
|switch|p1a: Politoed|Politoed, L50, F|100/100
|switch|p1b: Incineroar|Incineroar, L50, M|100/100
|switch|p2a: Whimsicott|Whimsicott, L50, F, shiny|100/100
|switch|p2b: Lurantis|Lurantis, L50, F, shiny|100/100
|-weather|RainDance|[from] ability: Drizzle|[of] p1a: Politoed
|-ability|p1b: Incineroar|Intimidate|boost
|-unboost|p2a: Whimsicott|atk|1
|-boost|p2b: Lurantis|atk|1
|turn|1
|
|t:|1757653882
|-terastallize|p2a: Whimsicott|Ghost
|move|p1b: Incineroar|Fake Out|p2a: Whimsicott
|-immune|p2a: Whimsicott
|move|p2a: Whimsicott|Tickle|p2b: Lurantis
|-boost|p2b: Lurantis|atk|1
|-boost|p2b: Lurantis|def|1
|move|p1a: Politoed|Perish Song|p1a: Politoed
|-start|p1a: Politoed|perish3|[silent]
|-start|p1b: Incineroar|perish3|[silent]
|-start|p2a: Whimsicott|perish3|[silent]
|-start|p2b: Lurantis|perish3|[silent]
|-fieldactivate|move: Perish Song
|move|p2b: Lurantis|Grassy Glide|p1a: Politoed
|-supereffective|p1a: Politoed
|-damage|p1a: Politoed|0 fnt
|faint|p1a: Politoed
|
|-weather|RainDance|[upkeep]
|-start|p2a: Whimsicott|perish3
|-start|p2b: Lurantis|perish3
|-start|p1b: Incineroar|perish3
|upkeep
|c|☆ADX Venom|gg
|-message|ADX Venom forfeited.
|raw|ADX Venom's rating: 1135 → 1103(-32 for losing)
|raw|P!nkbearz07's rating: 1036 → 1080(+44 for winning)
|
|win|P!nkbearz07
