|j|☆tmjp01
|j|☆merr123
|html|tmjp01merr123    
|uhtml|bestof|Game 1 of a best-of-3
|t:|1782541422
|gametype|doubles
|player|p1|tmjp01|2|1234
|player|p2|merr123|2|1307
|gen|9
|tier|[Gen 9 Champions] VGC 2026 Reg M-B (Bo3)
|rated|
|rule|Species Clause: Limit one of each Pokémon
|rule|Item Clause: Limit 1 of each item
|clearpoke
|poke|p1|Corviknight, L50, M|
|poke|p1|Tyranitar, L50, M|
|poke|p1|Hydreigon, L50, M|
|poke|p1|Froslass, L50, F|
|poke|p1|Garchomp, L50, F|
|poke|p1|Arcanine-Hisui, L50, F|
|poke|p2|Sneasler, L50, M|
|poke|p2|Staraptor, L50, F|
|poke|p2|Sinistcha, L50|
|poke|p2|Kingambit, L50, M|
|poke|p2|Manectric, L50, M|
|poke|p2|Garchomp, L50, F|
|teampreview|4
|showteam|p1|Corviknight||OccaBerry|MirrorArmor|BraveBird,Protect,IronHead,Tailwind|Adamant||M|||50|]Tyranitar||Tyranitarite|SandStream|Protect,KnockOff,RockSlide,DragonDance|Adamant||M|||50|]Hydreigon||ChoiceScarf|Levitate|DarkPulse,DracoMeteor,EarthPower,ZenHeadbutt|Timid||M|||50|]Froslass||Froslassite|CursedBody|Blizzard,Protect,ShadowBall,WeatherBall|Timid||F|||50|]Garchomp||LifeOrb|RoughSkin|Protect,DragonClaw,RockSlide,Earthquake|Jolly||F|||50|]Arcanine-Hisui||FocusSash|RockHead|Protect,HeadSmash,ExtremeSpeed,FlareBlitz|Adamant||F|||50|
|showteam|p2|Sneasler||FocusSash|PoisonTouch|FakeOut,CloseCombat,DireClaw,Coaching|Jolly||M|||50|]Staraptor||Staraptite|Intimidate|CloseCombat,BraveBird,Tailwind,Protect|Adamant||F|||50|]Sinistcha||SitrusBerry|Hospitality|MatchaGotcha,RagePowder,TrickRoom,Protect|Calm|||||50|]Kingambit||BlackGlasses|Defiant|SwordsDance,KowtowCleave,SuckerPunch,Protect|Adamant||M|||50|]Manectric||Manectite|LightningRod|Thunderbolt,Snarl,VoltSwitch,Protect|Timid||M|||50|]Garchomp||ChoiceScarf|RoughSkin|Earthquake,DragonClaw,StompingTantrum,RockSlide|Jolly||F|||50|
|inactive|Battle timer is ON: inactive players will automatically lose when time's up. (requested by merr123)
|inactive|tmjp01 has 60 seconds left.
|inactive|merr123 has 60 seconds left.
|inactive|merr123 has 30 seconds left.
|inactive|merr123 has 20 seconds left.
|inactive|merr123 has 15 seconds left.
|inactive|merr123 has 10 seconds left.
|inactive|merr123 has 5 seconds left.
|
|t:|1782541509
|teamsize|p1|4
|teamsize|p2|4
|start
|switch|p1a: Froslass|Froslass, L50, F|100/100
|switch|p1b: Arcanine|Arcanine-Hisui, L50, F|100/100
|switch|p2a: Sneasler|Sneasler, L50, M|100/100
|switch|p2b: Manectric|Manectric, L50, M|100/100
|turn|1
|inactive|merr123 has 30 seconds left.
|
|t:|1782541538
|detailschange|p1a: Froslass|Froslass-Mega, L50, F
|-mega|p1a: Froslass|Froslass|Froslassite
|-weather|Snowscape|[from] ability: Snow Warning|[of] p1a: Froslass
|detailschange|p2b: Manectric|Manectric-Mega, L50, M
|-mega|p2b: Manectric|Manectric|Manectite
|-ability|p2b: Manectric|Intimidate|boost
|-unboost|p1a: Froslass|atk|1
|-unboost|p1b: Arcanine|atk|1
|move|p1b: Arcanine|Protect|p1b: Arcanine
|-singleturn|p1b: Arcanine|Protect
|move|p2b: Manectric|Snarl|p1b: Arcanine|[spread] p1a
|-activate|p1b: Arcanine|move: Protect
|-supereffective|p1a: Froslass|1
|-damage|p1a: Froslass|61/100
|-unboost|p1a: Froslass|spa|1
|move|p1a: Froslass|Blizzard|p2b: Manectric|[spread] p2a,p2b
|-damage|p2a: Sneasler|61/100
|-damage|p2b: Manectric|55/100
|move|p2a: Sneasler|Close Combat|p1b: Arcanine
|-activate|p1b: Arcanine|move: Protect
|
|-weather|Snowscape|[upkeep]
|upkeep
|turn|2
|inactive|tmjp01 has 30 seconds left.
|inactive|tmjp01 has 20 seconds left.
|inactive|tmjp01 has 15 seconds left.
|
|t:|1782541580
|switch|p1a: Corviknight|Corviknight, L50, M|100/100
|move|p1b: Arcanine|Extreme Speed|p2b: Manectric
|-damage|p2b: Manectric|29/100
|move|p2b: Manectric|Snarl|p1b: Arcanine|[spread] p1a,p1b
|-damage|p1a: Corviknight|86/100
|-damage|p1b: Arcanine|80/100
|-ability|p1a: Corviknight|Mirror Armor
|-unboost|p2b: Manectric|spa|1
|-unboost|p1b: Arcanine|spa|1
|move|p2a: Sneasler|Close Combat|p1b: Arcanine
|-supereffective|p1b: Arcanine|1
|-crit|p1b: Arcanine
|-damage|p1b: Arcanine|0 fnt
|-unboost|p2a: Sneasler|def|1
|-unboost|p2a: Sneasler|spd|1
|faint|p1b: Arcanine
|
|-weather|Snowscape|[upkeep]
|upkeep
|inactive|tmjp01 has 30 seconds left.
|
|t:|1782541612
|switch|p1b: Froslass|Froslass-Mega, L50, F|61/100
|turn|3
|
|t:|1782541633
|move|p1b: Froslass|Protect|p1b: Froslass
|-singleturn|p1b: Froslass|Protect
|move|p2b: Manectric|Snarl|p1b: Froslass|[spread] p1a
|-activate|p1b: Froslass|move: Protect
|-damage|p1a: Corviknight|77/100
|-ability|p1a: Corviknight|Mirror Armor
|-unboost|p2b: Manectric|spa|1
|move|p2a: Sneasler|Close Combat|p1a: Corviknight
|-damage|p1a: Corviknight|28/100
|-unboost|p2a: Sneasler|def|1
|-unboost|p2a: Sneasler|spd|1
|move|p1a: Corviknight|Brave Bird|p2b: Manectric
|-resisted|p2b: Manectric|1
|-damage|p2b: Manectric|0 fnt
|faint|p2b: Manectric
|-damage|p1a: Corviknight|21/100|[from] Recoil
|
|-weather|Snowscape|[upkeep]
|upkeep
|
|t:|1782541650
|switch|p2b: Garchomp|Garchomp, L50, F|100/100
|turn|4
|
|t:|1782541664
|move|p2b: Garchomp|Rock Slide|p1a: Corviknight|[spread] p1a
|-miss|p2b: Garchomp|p1b: Froslass
|-damage|p1a: Corviknight|6/100
|move|p1b: Froslass|Blizzard|p2b: Garchomp|[spread] p2a,p2b
|-supereffective|p2b: Garchomp|2
|-damage|p2a: Sneasler|0 fnt
|-damage|p2b: Garchomp|0 fnt
|faint|p2a: Sneasler
|faint|p2b: Garchomp
|move|p1a: Corviknight|Tailwind|p1a: Corviknight
|-sidestart|p1: tmjp01|move: Tailwind
|
|-weather|Snowscape|[upkeep]
|upkeep
|-message|merr123 forfeited.
|
|win|tmjp01
||merr123 is ready for game 2.
||tmjp01 is ready for game 2.
|uhtml|next|Next: Game 2 of 3
