|j|☆encore enjoyer
|j|☆ZekromAllDay
|html|encore enjoyerZekromAllDay    
|uhtml|bestof|Game 2 of a best-of-3
|t:|1756502328
|gametype|doubles
|player|p1|encore enjoyer|byron|1153
|player|p2|ZekromAllDay|170|1184
|gen|9
|tier|[Gen 9] VGC 2025 Reg H (Bo3)
|rated|
|rule|Species Clause: Limit one of each Pokémon
|rule|Item Clause: Limit 1 of each item
|clearpoke
|poke|p1|Dragonite, L50, F|
|poke|p1|Ursaluna-Bloodmoon, L50, M|
|poke|p1|Archaludon, L50, M|
|poke|p1|Whimsicott, L50, F|
|poke|p1|Gholdengo, L50|
|poke|p1|Incineroar, L50, F|
|poke|p2|Basculegion, L50, M|
|poke|p2|Pelipper, L50, F|
|poke|p2|Archaludon, L50, F|
|poke|p2|Dragonite, L50, F|
|poke|p2|Indeedee, L50, M|
|poke|p2|Sneasler, L50, F|
|teampreview|4
|showteam|p1|Dragonite||LoadedDice|Multiscale|ScaleShot,ExtremeSpeed,IceSpinner,Protect|||F|||50|,,,,,Fairy]Ursaluna-Bloodmoon||AssaultVest|MindsEye|BloodMoon,HyperVoice,EarthPower,VacuumWave|||M|||50|,,,,,Water]Archaludon||PowerHerb|Sturdy|ElectroShot,FlashCannon,DracoMeteor,Protect|||M|||50|,,,,,Stellar]Whimsicott||CovertCloak|Prankster|FakeTears,Tailwind,Encore,Moonblast|||F|||50|,,,,,Poison]Gholdengo||ChoiceSpecs|GoodasGold|MakeItRain,ShadowBall,PowerGem,Trick||||||50|,,,,,Steel]Incineroar||SafetyGoggles|Intimidate|FakeOut,PartingShot,KnockOff,FlareBlitz|||F|||50|,,,,,Ghost
|showteam|p2|Basculegion||ChoiceBand|SwiftSwim|WaveCrash,LastRespects,AquaJet,FlipTurn|||M|||50|,,,,,Grass]Pelipper||CovertCloak|Drizzle|WeatherBall,Hurricane,Tailwind,MuddyWater|||F|||50|,,,,,Stellar]Archaludon||AssaultVest|Stamina|ElectroShot,DracoMeteor,BodyPress,FlashCannon|||F|||50|,,,,,Bug]Dragonite||LoadedDice|InnerFocus|ScaleShot,Tailwind,Haze,Protect|||F|||50|,,,,,Fairy]Indeedee||FocusSash|PsychicSurge|ExpandingForce,TrickRoom,TeraBlast,Protect|||M|||50|,,,,,Psychic]Sneasler||PsychicSeed|Unburden|CloseCombat,ThroatChop,DireClaw,Protect|||F|||50|,,,,,Dark
|
|t:|1756502337
|teamsize|p1|4
|teamsize|p2|4
|start
|switch|p1a: Gholdengo|Gholdengo, L50|100/100
|switch|p1b: Whimsicott|Whimsicott, L50, F|100/100
|switch|p2a: Pelipper|Pelipper, L50, F|100/100
|switch|p2b: Basculegion|Basculegion, L50, M|100/100
|-weather|RainDance|[from] ability: Drizzle|[of] p2a: Pelipper
|turn|1
|
|t:|1756502351
|-terastallize|p2b: Basculegion|Grass
|-terastallize|p1a: Gholdengo|Steel
|move|p1b: Whimsicott|Tailwind|p1b: Whimsicott
|-sidestart|p1: encore enjoyer|move: Tailwind
|move|p1a: Gholdengo|Make It Rain|p2b: Basculegion|[spread] p2a,p2b
|-resisted|p2a: Pelipper
|-damage|p2a: Pelipper|6/100
|-damage|p2b: Basculegion|0 fnt
|-unboost|p1a: Gholdengo|spa|1
|faint|p2b: Basculegion
|move|p2a: Pelipper|Tailwind|p2a: Pelipper
|-sidestart|p2: ZekromAllDay|move: Tailwind
|
|-weather|RainDance|[upkeep]
|upkeep
|
|t:|1756502368
|switch|p2b: Indeedee|Indeedee, L50, M|100/100
|-fieldstart|move: Psychic Terrain|[from] ability: Psychic Surge|[of] p2b: Indeedee
|turn|2
|
|t:|1756502379
|move|p1b: Whimsicott|Moonblast|p2b: Indeedee
|-damage|p2b: Indeedee|65/100
|move|p2b: Indeedee|Expanding Force|p1b: Whimsicott|[spread] p1a,p1b
|-resisted|p1a: Gholdengo
|-damage|p1a: Gholdengo|69/100
|-damage|p1b: Whimsicott|41/100
|move|p1a: Gholdengo|Make It Rain|p2b: Indeedee|[spread] p2a,p2b
|-resisted|p2a: Pelipper
|-damage|p2a: Pelipper|0 fnt
|-damage|p2b: Indeedee|0 fnt
|-unboost|p1a: Gholdengo|spa|1
|faint|p2a: Pelipper
|faint|p2b: Indeedee
|
|-weather|RainDance|[upkeep]
|upkeep
|
|t:|1756502388
|switch|p2b: Sneasler|Sneasler, L50, F|100/100
|-enditem|p2b: Sneasler|Psychic Seed
|-boost|p2b: Sneasler|spd|1|[from] item: Psychic Seed
|turn|3
|
|t:|1756502400
|move|p1b: Whimsicott|Fake Tears|p2b: Sneasler
|-activate|p2b: Sneasler|move: Psychic Terrain
|move|p2b: Sneasler|Dire Claw|p1b: Whimsicott
|-supereffective|p1b: Whimsicott
|-crit|p1b: Whimsicott
|-damage|p1b: Whimsicott|0 fnt
|faint|p1b: Whimsicott
|move|p1a: Gholdengo|Make It Rain|p2b: Sneasler
|-damage|p2b: Sneasler|41/100
|-unboost|p1a: Gholdengo|spa|1
|
|-weather|RainDance|[upkeep]
|upkeep
|
|t:|1756502414
|switch|p1b: Archaludon|Archaludon, L50, M|100/100
|turn|4
|
|t:|1756502420
|move|p2b: Sneasler|Close Combat|p1b: Archaludon
|-supereffective|p1b: Archaludon
|-ability|p1b: Archaludon|Sturdy
|-damage|p1b: Archaludon|1/100
|-unboost|p2b: Sneasler|def|1
|-unboost|p2b: Sneasler|spd|1
|move|p1b: Archaludon|Electro Shot||[still]
|-prepare|p1b: Archaludon|Electro Shot
|-boost|p1b: Archaludon|spa|1
|-anim|p1b: Archaludon|Electro Shot|p2b: Sneasler
|-damage|p2b: Sneasler|0 fnt
|faint|p2b: Sneasler
|
|win|encore enjoyer
|raw|encore enjoyer's rating: 1153 → 1180(+27 for winning)
|raw|ZekromAllDay's rating: 1184 → 1157(-27 for losing)
