|j|☆kayhello1209
|j|☆ToastedArt
|html|kayhello1209ToastedArt    
|uhtml|bestof|Game 1 of a best-of-3
|t:|1784390312
|gametype|doubles
|player|p1|kayhello1209|266|1000
|player|p2|ToastedArt|iris|1101
|gen|9
|tier|[Gen 9 Champions] VGC 2026 Reg M-B (Bo3)
|rated|
|rule|Species Clause: Limit one of each Pokémon
|rule|Item Clause: Limit 1 of each item
|clearpoke
|poke|p1|Lopunny, L50, M|
|poke|p1|Staraptor, L50, F|
|poke|p1|Zoroark-Hisui, L50, F|
|poke|p1|Maushold-Four, L50|
|poke|p1|Wyrdeer, L50, M|
|poke|p1|Heliolisk, L50, F|
|poke|p2|Sinistcha, L50, shiny|
|poke|p2|Hydreigon, L50, F, shiny|
|poke|p2|Sneasler, L50, M|
|poke|p2|Incineroar, L50, F|
|poke|p2|Falinks, L50, shiny|
|poke|p2|Gholdengo, L50|
|teampreview|4
|showteam|p1|Lopunny||Lopunnite|Limber|FocusPunch,Bounce,GigaImpact,Protect|Adamant||M|||50|]Staraptor||Staraptite|Intimidate|Whirlwind,CloseCombat,SkyAttack,Protect|Jolly||F|||50|]Zoroark-Hisui||FocusSash|Illusion|HyperVoice,BitterMalice,Taunt,Protect|Timid||F|||50|]Maushold-Four||ChopleBerry|FriendGuard|AfterYou,FollowMe,PopulationBomb,HelpingHand|Jolly|||||50|]Wyrdeer||ColburBerry|Intimidate|PsyshieldBash,Protect,SkillSwap,Lunge|Careful||M|||50|]Heliolisk||LifeOrb|DrySkin|GrassKnot,Thunderbolt,Protect,HyperVoice|Timid||F|||50|
|showteam|p2|Sinistcha||CobaBerry|Hospitality|MatchaGotcha,RagePowder,LifeDew,Protect|Calm|||||50|]Hydreigon||LifeOrb|Levitate|Snarl,DarkPulse,EarthPower,DracoMeteor|Modest||F|||50|]Sneasler||FocusSash|PoisonTouch|FakeOut,PoisonJab,CloseCombat,QuickGuard|Jolly||M|||50|]Incineroar||SitrusBerry|Intimidate|FakeOut,FlareBlitz,ThroatChop,PartingShot|Careful||F|||50|]Falinks||Falinksite|Defiant|NoRetreat,SwordsDance,CloseCombat,Protect|Adamant|||||50|]Gholdengo||SpellTag|GoodasGold|ShadowBall,MakeItRain,NastyPlot,Protect|Timid|||||50|
|inactive|Battle timer is ON: inactive players will automatically lose when time's up. (requested by ToastedArt)
|inactive|kayhello1209 also wants the timer to be on.
|inactive|kayhello1209 has 60 seconds left.
|inactive|ToastedArt has 60 seconds left.
|inactive|kayhello1209 has 30 seconds left.
|
|t:|1784390380
|teamsize|p1|4
|teamsize|p2|4
|start
|switch|p1a: Lopunny|Lopunny, L50, M|100/100
|switch|p1b: Maushold|Maushold-Four, L50|100/100
|switch|p2a: Falinks|Falinks, L50, shiny|100/100
|switch|p2b: Sneasler|Sneasler, L50, M|100/100
|turn|1
|inactive|kayhello1209 has 30 seconds left.
|inactive|ToastedArt has 30 seconds left.
|inactive|ToastedArt has 20 seconds left.
|inactive|kayhello1209 has 20 seconds left.
|inactive|kayhello1209 has 15 seconds left.
|
|t:|1784390429
|switch|p1b: Wyrdeer|Wyrdeer, L50, M|100/100
|detailschange|p1a: Lopunny|Lopunny-Mega, L50, M
|-mega|p1a: Lopunny|Lopunny|Lopunnite
|detailschange|p2a: Falinks|Falinks-Mega, L50, shiny
|-mega|p2a: Falinks|Falinks|Falinksite
|move|p1a: Lopunny|Protect|p1a: Lopunny
|-singleturn|p1a: Lopunny|Protect
|move|p2b: Sneasler|Fake Out|p1a: Lopunny
|-activate|p1a: Lopunny|move: Protect
|move|p2a: Falinks|No Retreat|p2a: Falinks
|-boost|p2a: Falinks|atk|1
|-boost|p2a: Falinks|def|1
|-boost|p2a: Falinks|spa|1
|-boost|p2a: Falinks|spd|1
|-boost|p2a: Falinks|spe|1
|-start|p2a: Falinks|move: No Retreat
|
|upkeep
|turn|2
|inactive|kayhello1209 has 30 seconds left.
|inactive|ToastedArt has 30 seconds left.
|
|t:|1784390462
|move|p2a: Falinks|Swords Dance|p2a: Falinks
|-boost|p2a: Falinks|atk|2
|move|p2b: Sneasler|Close Combat|p1a: Lopunny
|-supereffective|p1a: Lopunny|1
|-damage|p1a: Lopunny|0 fnt
|-unboost|p2b: Sneasler|def|1
|-unboost|p2b: Sneasler|spd|1
|faint|p1a: Lopunny
|move|p1b: Wyrdeer|Bitter Malice|p2a: Falinks
|-damage|p2a: Falinks|68/100
|-unboost|p2a: Falinks|atk|1
|-ability|p2a: Falinks|Defiant|boost
|-boost|p2a: Falinks|atk|2
|
|upkeep
|
|t:|1784390470
|switch|p1a: Wyrdeer|Wyrdeer, L50, M|100/100
|-ability|p1a: Wyrdeer|Intimidate|boost
|-unboost|p2a: Falinks|atk|1
|-ability|p2a: Falinks|Defiant|boost
|-boost|p2a: Falinks|atk|2
|-unboost|p2b: Sneasler|atk|1
|turn|3
|inactive|ToastedArt has 30 seconds left.
|inactive|kayhello1209 has 30 seconds left.
|
|t:|1784390503
|move|p2a: Falinks|Close Combat|p1a: Wyrdeer
|-damage|p1a: Wyrdeer|0 fnt
|-unboost|p2a: Falinks|def|1
|-unboost|p2a: Falinks|spd|1
|faint|p1a: Wyrdeer
|move|p2b: Sneasler|Poison Jab|p1b: Wyrdeer
|-resisted|p1b: Wyrdeer|1
|-damage|p1b: Wyrdeer|74/100
|replace|p1b: Zoroark|Zoroark-Hisui, L50, F
|-end|p1b: Zoroark|Illusion
|-status|p1b: Zoroark|psn|[from] ability: Poison Touch|[of] p2b: Sneasler
|move|p1b: Zoroark|Hyper Voice|p2a: Falinks|[spread] p2a,p2b
|-damage|p2a: Falinks|19/100
|-damage|p2b: Sneasler|32/100
|
|-damage|p1b: Zoroark|62/100 psn|[from] psn
|upkeep
|
|t:|1784390511
|switch|p1a: Maushold|Maushold-Four, L50|100/100
|turn|4
|-message|kayhello1209 forfeited.
|
|win|ToastedArt
