|j|☆Zaiistired
|j|☆SleepySilver07
|html|ZaiistiredSleepySilver07    
|uhtml|bestof|Game 2 of a best-of-3
|t:|1756436140
|gametype|doubles
|player|p1|Zaiistired|pokemonbreeder-gen4|1105
|player|p2|SleepySilver07|102|1124
|gen|9
|tier|[Gen 9] VGC 2025 Reg H (Bo3)
|rated|
|rule|Species Clause: Limit one of each Pokémon
|rule|Item Clause: Limit 1 of each item
|clearpoke
|poke|p1|Baxcalibur, L50, M|
|poke|p1|Annihilape, L50, F|
|poke|p1|Gholdengo, L50|
|poke|p1|Rillaboom, L50, F|
|poke|p1|Incineroar, L50, M|
|poke|p1|Electabuzz, L50, F|
|poke|p2|Garchomp, L50, M|
|poke|p2|Talonflame, L50, M|
|poke|p2|Decidueye-Hisui, L50, F|
|poke|p2|Gardevoir, L50, M|
|poke|p2|Tyranitar, L50, F|
|poke|p2|Gholdengo, L50|
|teampreview|4
|showteam|p1|Baxcalibur||LoadedDice|ThermalExchange|IcicleSpear,ScaleShot,HighHorsepower,Protect|||M|||50|,,,,,Ghost]Annihilape||FocusSash|Defiant|RageFist,CloseCombat,Coaching,Protect|||F|||50|,,,,,Stellar]Gholdengo||GrassySeed|GoodasGold|MakeItRain,ShadowBall,NastyPlot,Protect||||||50|,,,,,Water]Rillaboom||AssaultVest|GrassySurge|FakeOut,GrassyGlide,WoodHammer,HighHorsepower|||F|||50|,,,,,Fire]Incineroar||SafetyGoggles|Intimidate|FakeOut,FlareBlitz,KnockOff,PartingShot|||M|||50|,,,,,Ghost]Electabuzz||Eviolite|VitalSpirit|Electroweb,FollowMe,Taunt,Protect|||F|||50|,,,,,Fairy
|showteam|p2|Garchomp||LifeOrb|SandVeil|Earthquake,DragonClaw,StompingTantrum,Protect|||M|||50|,,,,,Steel]Talonflame||CovertCloak|GaleWings|BraveBird,Taunt,Tailwind,Defog|||M|||50|,,,,,Grass]Decidueye-Hisui||ScopeLens|Scrappy|LeafBlade,TripleArrows,Protect,Haze|||F|||50|,,,,,Fire]Gardevoir||ChoiceSpecs|Telepathy|Moonblast,Psychic,Psyshock,DazzlingGleam|||M|||50|,,,,,Steel]Tyranitar||AssaultVest|SandStream|RockSlide,KnockOff,TeraBlast,LowKick|||F|||50|,,,,,Flying]Gholdengo||SitrusBerry|GoodasGold|MakeItRain,ShadowBall,Protect,NastyPlot||||||50|,,,,,Flying
|j| Tindall64
|inactive|Battle timer is ON: inactive players will automatically lose when time's up. (requested by SleepySilver07)
|
|t:|1756436168
|teamsize|p1|4
|teamsize|p2|4
|start
|switch|p1a: Electabuzz|Electabuzz, L50, F|100/100
|switch|p1b: Baxcalibur|Baxcalibur, L50, M, shiny|100/100
|switch|p2a: Tyranitar|Tyranitar, L50, F|100/100
|switch|p2b: Garchomp|Garchomp, L50, M|100/100
|-weather|Sandstorm|[from] ability: Sand Stream|[of] p2a: Tyranitar
|turn|1
|
|t:|1756436189
|switch|p1a: Rillaboom|Rillaboom, L50, F|100/100
|-fieldstart|move: Grassy Terrain|[from] ability: Grassy Surge|[of] p1a: Rillaboom
|-terastallize|p2a: Tyranitar|Flying
|move|p1b: Baxcalibur|Protect|p1b: Baxcalibur
|-singleturn|p1b: Baxcalibur|Protect
|move|p2b: Garchomp|Earthquake|p1a: Rillaboom|[spread] p1a
|-activate|p1b: Baxcalibur|move: Protect
|-immune|p2a: Tyranitar
|-resisted|p1a: Rillaboom
|-damage|p1a: Rillaboom|89/100
|-damage|p2b: Garchomp|91/100|[from] item: Life Orb
|move|p2a: Tyranitar|Knock Off|p1b: Baxcalibur
|-activate|p1b: Baxcalibur|move: Protect
|
|-weather|Sandstorm|[upkeep]
|-damage|p1b: Baxcalibur|95/100|[from] Sandstorm
|-damage|p1a: Rillaboom|82/100|[from] Sandstorm
|-damage|p2a: Tyranitar|94/100|[from] Sandstorm
|-heal|p2b: Garchomp|97/100|[from] Grassy Terrain
|-heal|p1b: Baxcalibur|100/100|[from] Grassy Terrain
|-heal|p1a: Rillaboom|89/100|[from] Grassy Terrain
|upkeep
|turn|2
|inactive|Zaiistired has 30 seconds left.
|
|t:|1756436217
|switch|p2a: Talonflame|Talonflame, L50, M|100/100
|move|p2b: Garchomp|Protect|p2b: Garchomp
|-singleturn|p2b: Garchomp|Protect
|move|p1a: Rillaboom|Fake Out|p2b: Garchomp
|-activate|p2b: Garchomp|move: Protect
|move|p1b: Baxcalibur|Icicle Spear|p2a: Talonflame
|-damage|p2a: Talonflame|79/100
|-damage|p2a: Talonflame|56/100
|-damage|p2a: Talonflame|33/100
|-damage|p2a: Talonflame|11/100
|-damage|p2a: Talonflame|0 fnt
|faint|p2a: Talonflame
|-hitcount|p2: Talonflame|5
|
|-weather|Sandstorm|[upkeep]
|-damage|p1b: Baxcalibur|95/100|[from] Sandstorm
|-damage|p1a: Rillaboom|82/100|[from] Sandstorm
|-heal|p2b: Garchomp|100/100|[from] Grassy Terrain
|-heal|p1b: Baxcalibur|100/100|[from] Grassy Terrain
|-heal|p1a: Rillaboom|89/100|[from] Grassy Terrain
|upkeep
|
|t:|1756436235
|switch|p2a: Gardevoir|Gardevoir, L50, M|100/100
|turn|3
|
|t:|1756436246
|-terastallize|p1b: Baxcalibur|Ghost
|move|p1a: Rillaboom|Grassy Glide|p2a: Gardevoir
|-damage|p2a: Gardevoir|38/100
|move|p2b: Garchomp|Dragon Claw|p1a: Rillaboom
|-damage|p1a: Rillaboom|28/100
|-damage|p2b: Garchomp|91/100|[from] item: Life Orb
|move|p2a: Gardevoir|Dazzling Gleam|p1b: Baxcalibur|[spread] p1a,p1b
|-damage|p1a: Rillaboom|0 fnt
|-damage|p1b: Baxcalibur|60/100
|faint|p1a: Rillaboom
|move|p1b: Baxcalibur|Scale Shot|p2b: Garchomp
|-supereffective|p2b: Garchomp
|-damage|p2b: Garchomp|61/100
|-supereffective|p2b: Garchomp
|-damage|p2b: Garchomp|34/100
|-supereffective|p2b: Garchomp
|-damage|p2b: Garchomp|4/100
|-supereffective|p2b: Garchomp
|-damage|p2b: Garchomp|0 fnt
|faint|p2b: Garchomp
|-hitcount|p2: Garchomp|4
|-unboost|p1b: Baxcalibur|def|1
|-boost|p1b: Baxcalibur|spe|1
|
|-weather|Sandstorm|[upkeep]
|-damage|p1b: Baxcalibur|54/100|[from] Sandstorm
|-damage|p2a: Gardevoir|32/100|[from] Sandstorm
|-heal|p1b: Baxcalibur|60/100|[from] Grassy Terrain
|-heal|p2a: Gardevoir|38/100|[from] Grassy Terrain
|upkeep
|inactive|SleepySilver07 has 30 seconds left.
|inactive|SleepySilver07 has 20 seconds left.
|inactive|SleepySilver07 has 15 seconds left.
|inactive|SleepySilver07 has 10 seconds left.
|inactive|SleepySilver07 has 5 seconds left.
|
|t:|1756436302
|switch|p2b: Tyranitar|Tyranitar, L50, F, tera:Flying|94/100
|switch|p1a: Annihilape|Annihilape, L50, F, shiny|100/100
|turn|4
|inactive|SleepySilver07 has 30 seconds left.
|inactive|SleepySilver07 has 20 seconds left.
|inactive|SleepySilver07 has 15 seconds left.
|inactive|SleepySilver07 has 10 seconds left.
|inactive|SleepySilver07 has 5 seconds left.
|
|t:|1756436357
|move|p1b: Baxcalibur|Icicle Spear|p2b: Tyranitar
|-supereffective|p2b: Tyranitar
|-damage|p2b: Tyranitar|68/100
|-supereffective|p2b: Tyranitar
|-damage|p2b: Tyranitar|42/100
|-supereffective|p2b: Tyranitar
|-damage|p2b: Tyranitar|16/100
|-supereffective|p2b: Tyranitar
|-damage|p2b: Tyranitar|0 fnt
|faint|p2b: Tyranitar
|-hitcount|p2: Tyranitar|4
|move|p1a: Annihilape|Rage Fist|p2a: Gardevoir
|-supereffective|p2a: Gardevoir
|-damage|p2a: Gardevoir|0 fnt
|faint|p2a: Gardevoir
|
|win|Zaiistired
|raw|Zaiistired's rating: 1105 → 1131(+26 for winning)
|raw|SleepySilver07's rating: 1124 → 1098(-26 for losing)
|l| Tindall64
