|j|☆Silhouetiquette
|j|☆Isam_26011
|html|SilhouetiquetteIsam_26011    
|uhtml|bestof|Game 2 of a best-of-3
|t:|1757014870
|gametype|doubles
|player|p1|Silhouetiquette|101|1138
|player|p2|Isam_26011|n|1029
|gen|9
|tier|[Gen 9] VGC 2025 Reg H (Bo3)
|rated|
|rule|Species Clause: Limit one of each Pokémon
|rule|Item Clause: Limit 1 of each item
|clearpoke
|poke|p1|Tyranitar, L50, F|
|poke|p1|Excadrill, L50, F|
|poke|p1|Kilowattrel, L50, F|
|poke|p1|Volcarona, L50, F|
|poke|p1|Indeedee, L50, M|
|poke|p1|Sneasler, L50, F|
|poke|p2|Indeedee-F, L50, F|
|poke|p2|Hatterene, L50, F|
|poke|p2|Gallade, L50, M|
|poke|p2|Ursaluna, L50, M|
|poke|p2|Sunflora, L50, M|
|poke|p2|Torkoal, L50, M|
|teampreview|4
|showteam|p1|Tyranitar||AssaultVest|SandStream|RockSlide,KnockOff,TeraBlast,LowKick|||F|||50|,,,,,Flying]Excadrill||ClearAmulet|SandRush|Earthquake,IronHead,StompingTantrum,Protect|||F|||50|,,,,,Ground]Kilowattrel||ChoiceSpecs|Competitive|WeatherBall,Thunderbolt,AirSlash,Hurricane|||F|||50|,,,,,Stellar]Volcarona||SitrusBerry|FlameBody|RagePowder,WillOWisp,Protect,StruggleBug|||F|||50|,,,,,Grass]Indeedee||ChoiceScarf|PsychicSurge|ExpandingForce,Psychic,TeraBlast,EnergyBall|||M|||50|,,,,,Fighting]Sneasler||PsychicSeed|Unburden|DireClaw,CloseCombat,Acrobatics,Protect|||F|||50|,,,,,Flying
|showteam|p2|Indeedee-F||PsychicSeed|PsychicSurge|TrickRoom,FollowMe,HelpingHand,DazzlingGleam|||F|||50|,,,,,Fire]Hatterene||LifeOrb|MagicBounce|ExpandingForce,TrickRoom,DazzlingGleam,Protect|||F|||50|,,,,,Psychic]Gallade||ClearAmulet|Sharpness|PsychoCut,TrickRoom,SacredSword,WideGuard|||M|||50|,,,,,Grass]Ursaluna||FlameOrb|Guts|HeadlongRush,Facade,SwordsDance,Protect|||M|||50|,,,,,Ghost]Sunflora||AssaultVest|SolarPower|EnergyBall,WeatherBall,SludgeBomb,EarthPower|||M|||50|,,,,,Fire]Torkoal||ChoiceSpecs|Drought|Eruption,HeatWave,WeatherBall,EarthPower|||M|||50|,,,,,Fire
|inactive|Battle timer is ON: inactive players will automatically lose when time's up. (requested by Silhouetiquette)
|
|t:|1757014889
|teamsize|p1|4
|teamsize|p2|4
|start
|switch|p1a: Tyranitar|Tyranitar, L50, F|100/100
|switch|p1b: Excadrill|Excadrill, L50, F|100/100
|switch|p2a: Paty|Indeedee-F, L50, F, shiny|100/100
|switch|p2b: Acelga|Hatterene, L50, F, shiny|100/100
|-weather|Sandstorm|[from] ability: Sand Stream|[of] p1a: Tyranitar
|-fieldstart|move: Psychic Terrain|[from] ability: Psychic Surge|[of] p2a: Paty
|-enditem|p2a: Paty|Psychic Seed
|-boost|p2a: Paty|spd|1|[from] item: Psychic Seed
|turn|1
|
|t:|1757014914
|-terastallize|p1a: Tyranitar|Flying
|-terastallize|p2b: Acelga|Psychic
|move|p1b: Excadrill|Earthquake|p2b: Acelga|[spread] p2a,p2b
|-immune|p1a: Tyranitar
|-damage|p2a: Paty|59/100
|-damage|p2b: Acelga|51/100
|move|p1a: Tyranitar|Rock Slide|p2a: Paty|[spread] p2a,p2b
|-damage|p2a: Paty|30/100
|-damage|p2b: Acelga|16/100
|cant|p2b: Acelga|flinch
|move|p2a: Paty|Trick Room|p2a: Paty
|-fieldstart|move: Trick Room|[of] p2a: Paty
|
|-weather|Sandstorm|[upkeep]
|-damage|p2b: Acelga|10/100|[from] Sandstorm
|-damage|p2a: Paty|24/100|[from] Sandstorm
|-damage|p1a: Tyranitar|95/100|[from] Sandstorm
|upkeep
|turn|2
|c|☆Isam_26011|FUUUUUUUCK
|
|t:|1757014939
|move|p2a: Paty|Helping Hand|p2b: Acelga
|-singleturn|p2b: Acelga|Helping Hand|[of] p2a: Paty
|move|p2b: Acelga|Expanding Force|p1b: Excadrill|[spread] p1a,p1b
|-resisted|p1b: Excadrill
|-damage|p1a: Tyranitar|0 fnt
|-damage|p1b: Excadrill|0 fnt
|faint|p1a: Tyranitar
|faint|p1b: Excadrill
|-damage|p2b: Acelga|0 fnt|[from] item: Life Orb
|faint|p2b: Acelga
|
|-weather|Sandstorm|[upkeep]
|-damage|p2a: Paty|18/100|[from] Sandstorm
|upkeep
|c|☆Silhouetiquette|woah
|
|t:|1757014950
|switch|p2b: Mbappe|Torkoal, L50, M, shiny|100/100
|switch|p1a: Indeedee|Indeedee, L50, M|100/100
|switch|p1b: Sneasler|Sneasler, L50, F|100/100
|-weather|SunnyDay|[from] ability: Drought|[of] p2b: Mbappe
|-enditem|p1b: Sneasler|Psychic Seed
|-boost|p1b: Sneasler|spd|1|[from] item: Psychic Seed
|turn|3
|
|t:|1757014963
|move|p2a: Paty|Helping Hand|p2b: Mbappe
|-singleturn|p2b: Mbappe|Helping Hand|[of] p2a: Paty
|move|p2b: Mbappe|Eruption|p1a: Indeedee|[spread] p1a,p1b
|-damage|p1a: Indeedee|0 fnt
|-damage|p1b: Sneasler|0 fnt
|faint|p1a: Indeedee
|faint|p1b: Sneasler
|
|win|Isam_26011
||Silhouetiquette is ready for game 3.
||Isam_26011 is ready for game 3.
|uhtml|next|Next: Game 3 of 3
|l|☆Silhouetiquette
|player|p1|
