|j|☆belac121
|j|☆Lightoz IV
|html|belac121Lightoz IV    
|uhtml|bestof|Game 2 of a best-of-3
|t:|1784324097
|gametype|doubles
|player|p1|belac121|clemont|1341
|player|p2|Lightoz IV|blue-gen2|1444
|gen|9
|tier|[Gen 9 Champions] VGC 2026 Reg M-B (Bo3)
|rated|
|rule|Species Clause: Limit one of each Pokémon
|rule|Item Clause: Limit 1 of each item
|clearpoke
|poke|p1|Starmie, L50, shiny|
|poke|p1|Pelipper, L50, F|
|poke|p1|Sneasler, L50, M|
|poke|p1|Gholdengo, L50|
|poke|p1|Hydreigon, L50, F|
|poke|p1|Maushold, L50|
|poke|p2|Raichu, L50, M|
|poke|p2|Kingambit, L50, M, shiny|
|poke|p2|Basculegion, L50, M|
|poke|p2|Aerodactyl, L50, F|
|poke|p2|Farigiraf, L50, F|
|poke|p2|Sylveon, L50, F, shiny|
|teampreview|4
|showteam|p1|Starmie||Starminite|NaturalCure|Liquidation,PsychoCut,AquaJet,Protect|Jolly|||||50|]Pelipper||FocusSash|Drizzle|Hurricane,Tailwind,WeatherBall,Protect|Modest||F|||50|]Sneasler||WhiteHerb|Unburden|CloseCombat,DireClaw,FakeOut,Coaching|Jolly||M|||50|]Gholdengo||LifeOrb|GoodasGold|MakeItRain,ShadowBall,NastyPlot,Protect|Modest|||||50|]Hydreigon||HabanBerry|Levitate|DarkPulse,DracoMeteor,EarthPower,Protect|Timid||F|||50|]Maushold||WideLens|Technician|FollowMe,PopulationBomb,Encore,Protect|Jolly|||||50|
|showteam|p2|Raichu||RaichuniteY|LightningRod|ZapCannon,FocusBlast,FakeOut,Protect|Timid||M|||50|]Kingambit||FocusSash|Defiant|KowtowCleave,SuckerPunch,IronHead,LowKick|Adamant||M|||50|]Basculegion||MysticWater|Adaptability|LastRespects,WaveCrash,AquaJet,Protect|Adamant||M|||50|]Aerodactyl||Aerodactylite|Unnerve|RockSlide,DualWingbeat,Tailwind,IceFang|Jolly||F|||50|]Farigiraf||SitrusBerry|ArmorTail|Psychic,Thunderbolt,TrickRoom,Protect|Bold||F|||50|]Sylveon||FairyFeather|Pixilate|HyperVoice,HyperBeam,QuickAttack,Detect|Modest||F|||50|
|
|t:|1784324118
|teamsize|p1|4
|teamsize|p2|4
|start
|switch|p1a: Maushold|Maushold, L50|100/100
|switch|p1b: Starmie|Starmie, L50, shiny|100/100
|switch|p2a: Raichu|Raichu, L50, M|100/100
|switch|p2b: Sylveon|Sylveon, L50, F, shiny|100/100
|turn|1
|
|t:|1784324132
|detailschange|p1b: Starmie|Starmie-Mega, L50, shiny
|-mega|p1b: Starmie|Starmie|Starminite
|detailschange|p2a: Raichu|Raichu-Mega-Y, L50, M
|-mega|p2a: Raichu|Raichu|Raichunite Y
|move|p1b: Starmie|Protect|p1b: Starmie
|-singleturn|p1b: Starmie|Protect
|move|p1a: Maushold|Protect|p1a: Maushold
|-singleturn|p1a: Maushold|Protect
|move|p2a: Raichu|Zap Cannon|p1a: Maushold
|-activate|p1a: Maushold|move: Protect
|move|p2b: Sylveon|Hyper Voice|p1a: Maushold|[spread] 
|-activate|p1a: Maushold|move: Protect
|-activate|p1b: Starmie|move: Protect
|
|upkeep
|turn|2
|
|t:|1784324151
|move|p1a: Maushold|Follow Me|p1a: Maushold
|-singleturn|p1a: Maushold|move: Follow Me
|move|p2a: Raichu|Zap Cannon|p1a: Maushold
|-damage|p1a: Maushold|11/100
|-status|p1a: Maushold|par
|move|p1b: Starmie|Liquidation|p2a: Raichu
|-damage|p2a: Raichu|0 fnt
|faint|p2a: Raichu
|move|p2b: Sylveon|Hyper Voice|p1a: Maushold|[spread] p1a,p1b
|-damage|p1a: Maushold|0 fnt
|-damage|p1b: Starmie|43/100
|faint|p1a: Maushold
|
|upkeep
|
|t:|1784324162
|switch|p2a: Basculegion|Basculegion, L50, M|100/100
|switch|p1a: Sneasler|Sneasler, L50, M|100/100
|turn|3
|
|t:|1784324170
|switch|p1b: Hydreigon|Hydreigon, L50, F|100/100
|move|p1a: Sneasler|Dire Claw|p2b: Sylveon
|-supereffective|p2b: Sylveon|1
|-damage|p2b: Sylveon|8/100
|move|p2a: Basculegion|Wave Crash|p1a: Sneasler
|-damage|p1a: Sneasler|0 fnt
|faint|p1a: Sneasler
|-damage|p2a: Basculegion|75/100|[from] Recoil
|move|p2b: Sylveon|Hyper Voice|p1b: Hydreigon
|-supereffective|p1b: Hydreigon|2
|-damage|p1b: Hydreigon|0 fnt
|faint|p1b: Hydreigon
|
|upkeep
|-message|belac121 forfeited.
|
|win|Lightoz IV
|raw|belac121's rating: 1341 → 1327(-14 for losing)
|raw|Lightoz IV's rating: 1444 → 1458(+14 for winning)
|l|☆belac121
|player|p1|
