|j|☆leomartinfa
|j|☆Luminar Kuzan
|html|leomartinfaLuminar Kuzan    
|uhtml|bestof|Game 2 of a best-of-3
|t:|1756404485
|gametype|doubles
|player|p1|leomartinfa|102|1109
|player|p2|Luminar Kuzan|marnie-masters3|1051
|gen|9
|tier|[Gen 9] VGC 2025 Reg H (Bo3)
|rated|
|rule|Species Clause: Limit one of each Pokémon
|rule|Item Clause: Limit 1 of each item
|clearpoke
|poke|p1|Volcarona, L50, M|
|poke|p1|Ursaluna-Bloodmoon, L50, M|
|poke|p1|Grimmsnarl, L50, M|
|poke|p1|Annihilape, L50, F|
|poke|p1|Farigiraf, L50, M|
|poke|p1|Gholdengo, L50|
|poke|p2|Indeedee-F, L50, F|
|poke|p2|Hatterene, L50, F|
|poke|p2|Gallade, L50, M|
|poke|p2|Ursaluna, L50, M|
|poke|p2|Lilligant-Hisui, L50, F|
|poke|p2|Torkoal, L50, M|
|teampreview|4
|showteam|p1|Volcarona||CovertCloak|FlameBody|GigaDrain,HeatWave,QuiverDance,Protect|||M|||50|,,,,,Grass]Ursaluna-Bloodmoon||AssaultVest|MindsEye|BloodMoon,HyperVoice,EarthPower,VacuumWave|||M|||50|,,,,,Ghost]Grimmsnarl||LightClay|Prankster|ThunderWave,Reflect,LightScreen,SpiritBreak|||M|||50|,,,,,Ghost]Annihilape||Leftovers|VitalSpirit|RageFist,DrainPunch,CloseCombat,Protect|||F|||50|,,,,,Fire]Farigiraf||ThroatSpray|ArmorTail|HyperVoice,PsychicNoise,TrickRoom,Protect|||M|||50|,,,,,Normal]Gholdengo||LifeOrb|GoodasGold|MakeItRain,ShadowBall,NastyPlot,Protect||||||50|,,,,,Steel
|showteam|p2|Indeedee-F||PsychicSeed|PsychicSurge|TrickRoom,FollowMe,HelpingHand,DazzlingGleam|||F|||50|,,,,,Fire]Hatterene||LifeOrb|MagicBounce|ExpandingForce,TrickRoom,DazzlingGleam,Protect|||F|||50|,,,,,Psychic]Gallade||ClearAmulet|Sharpness|PsychoCut,TrickRoom,SacredSword,WideGuard|||M|||50|,,,,,Grass]Ursaluna||FlameOrb|Guts|HeadlongRush,Facade,SwordsDance,Protect|||M|||50|,,,,,Ghost]Lilligant-Hisui||FocusSash|Chlorophyll|SolarBlade,SleepPowder,CloseCombat,AfterYou|||F|||50|,,,,,Ghost]Torkoal||ChoiceSpecs|Drought|Eruption,HeatWave,WeatherBall,EarthPower|||M|||50|,,,,,Fire
|inactive|Battle timer is ON: inactive players will automatically lose when time's up. (requested by leomartinfa)
|
|t:|1756404501
|teamsize|p1|4
|teamsize|p2|4
|start
|switch|p1a: Grimmsnarl|Grimmsnarl, L50, M|100/100
|switch|p1b: Ursaluna|Ursaluna-Bloodmoon, L50, M|100/100
|switch|p2a: Indeedee|Indeedee-F, L50, F, shiny|100/100
|switch|p2b: Ursaluna|Ursaluna, L50, M, shiny|100/100
|-fieldstart|move: Psychic Terrain|[from] ability: Psychic Surge|[of] p2a: Indeedee
|-enditem|p2a: Indeedee|Psychic Seed
|-boost|p2a: Indeedee|spd|1|[from] item: Psychic Seed
|turn|1
|inactive|leomartinfa has 30 seconds left.
|inactive|leomartinfa has 20 seconds left.
|
|t:|1756404537
|move|p1a: Grimmsnarl|Reflect|p1a: Grimmsnarl
|-sidestart|p1: leomartinfa|Reflect
|move|p1b: Ursaluna|Hyper Voice|p2a: Indeedee|[spread] p2a,p2b
|-damage|p2a: Indeedee|76/100
|-damage|p2b: Ursaluna|65/100
|move|p2b: Ursaluna|Swords Dance|p2b: Ursaluna
|-boost|p2b: Ursaluna|atk|2
|move|p2a: Indeedee|Trick Room|p2a: Indeedee
|-fieldstart|move: Trick Room|[of] p2a: Indeedee
|
|-status|p2b: Ursaluna|brn|[from] item: Flame Orb
|upkeep
|turn|2
|
|t:|1756404555
|switch|p2a: Torkoal|Torkoal, L50, M, shiny|100/100
|-weather|SunnyDay|[from] ability: Drought|[of] p2a: Torkoal
|move|p1a: Grimmsnarl|Light Screen|p1a: Grimmsnarl
|-sidestart|p1: leomartinfa|move: Light Screen
|move|p2b: Ursaluna|Headlong Rush|p1b: Ursaluna
|-damage|p1b: Ursaluna|0 fnt
|-unboost|p2b: Ursaluna|def|1
|-unboost|p2b: Ursaluna|spd|1
|faint|p1b: Ursaluna
|
|-weather|SunnyDay|[upkeep]
|-damage|p2b: Ursaluna|59/100 brn|[from] brn
|upkeep
|
|t:|1756404564
|switch|p1b: Volcarona|Volcarona, L50, M|100/100
|turn|3
|
|t:|1756404571
|-terastallize|p2a: Torkoal|Fire
|move|p2a: Torkoal|Eruption|p1b: Volcarona|[spread] p1a,p1b
|-damage|p1a: Grimmsnarl|20/100
|-damage|p1b: Volcarona|19/100
|move|p2b: Ursaluna|Facade|p1b: Volcarona
|-damage|p1b: Volcarona|0 fnt
|faint|p1b: Volcarona
|move|p1a: Grimmsnarl|Spirit Break|p2a: Torkoal
|-resisted|p2a: Torkoal
|-damage|p2a: Torkoal|90/100
|-unboost|p2a: Torkoal|spa|1
|
|-weather|SunnyDay|[upkeep]
|-damage|p2b: Ursaluna|53/100 brn|[from] brn
|upkeep
|
|t:|1756404579
|switch|p1b: Annihilape|Annihilape, L50, F|100/100
|turn|4
|-message|leomartinfa forfeited.
|
|win|Luminar Kuzan
|raw|leomartinfa's rating: 1109 → 1080(-29 for losing)
|raw|Luminar Kuzan's rating: 1051 → 1089(+38 for winning)
|l|☆leomartinfa
|player|p1|
