|j|☆IneverfinishedOR
|j|☆jamaicanboyvgc
|html|IneverfinishedORjamaicanboyvgc    
|uhtml|bestof|Game 1 of a best-of-3
|t:|1757664556
|gametype|doubles
|player|p1|IneverfinishedOR|170|1156
|player|p2|jamaicanboyvgc|101|1178
|gen|9
|tier|[Gen 9] VGC 2025 Reg H (Bo3)
|rated|
|rule|Species Clause: Limit one of each Pokémon
|rule|Item Clause: Limit 1 of each item
|clearpoke
|poke|p1|Indeedee-F, L50, F|
|poke|p1|Delphox, L50, M|
|poke|p1|Sneasler, L50, M|
|poke|p1|Incineroar, L50, F|
|poke|p1|Murkrow, L50, M|
|poke|p1|Excadrill, L50, F|
|poke|p2|Grimmsnarl, L50, M|
|poke|p2|Blastoise, L50, M|
|poke|p2|Rillaboom, L50, M|
|poke|p2|Arcanine-Hisui, L50, M|
|poke|p2|Gholdengo, L50|
|poke|p2|Dragonite, L50, F|
|teampreview|4
|showteam|p1|Indeedee-F||RockyHelmet|PsychicSurge|FollowMe,HelpingHand,Imprison,TrickRoom|||F|||50|,,,,,Fairy]Delphox||LifeOrb|Blaze|Protect,NastyPlot,HeatWave,ExpandingForce|||M|||50|,,,,,Psychic]Sneasler||PsychicSeed|Unburden|Protect,CloseCombat,DireClaw,ThroatChop|||M|||50|,,,,,Dark]Incineroar||SafetyGoggles|Intimidate|FakeOut,WillOWisp,KnockOff,PartingShot|||F|||50|,,,,,Ghost]Murkrow||Eviolite|Prankster|FoulPlay,SunnyDay,Haze,Tailwind|||M|||50|,,,,,Ghost]Excadrill||ClearAmulet|MoldBreaker|Protect,HighHorsepower,IronHead,TeraBlast|||F|||50|,,,,,Stellar
|showteam|p2|Grimmsnarl||LightClay|Prankster|SpiritBreak,LightScreen,PartingShot,ThunderWave|||M|||50|,,,,,Ghost]Blastoise||Leftovers|RainDish|Protect,IronDefense,BodyPress,Whirlpool|||M|||50|,,,,,Steel]Rillaboom||AssaultVest|GrassySurge|FakeOut,GrassyGlide,WoodHammer,Uturn|||M|||50|,,,,,Fire]Arcanine-Hisui||SitrusBerry|Intimidate|FlareBlitz,Protect,WillOWisp,RockSlide|||M|||50|,,,,,Grass]Gholdengo||LifeOrb|GoodasGold|MakeItRain,ShadowBall,NastyPlot,Protect||||||50|,,,,,Steel]Dragonite||LoadedDice|Multiscale|Haze,Tailwind,ScaleShot,ExtremeSpeed|||F|||50|,,,,,Normal
|inactive|Battle timer is ON: inactive players will automatically lose when time's up. (requested by jamaicanboyvgc)
|
|t:|1757664619
|teamsize|p1|4
|teamsize|p2|4
|start
|switch|p1a: Incineroar|Incineroar, L50, F|100/100
|switch|p1b: Delphox|Delphox, L50, M|100/100
|switch|p2a: Grimmsnarl|Grimmsnarl, L50, M|100/100
|switch|p2b: Arcanine|Arcanine-Hisui, L50, M|100/100
|-ability|p2b: Arcanine|Intimidate|boost
|-unboost|p1a: Incineroar|atk|1
|-unboost|p1b: Delphox|atk|1
|-ability|p1a: Incineroar|Intimidate|boost
|-unboost|p2a: Grimmsnarl|atk|1
|-unboost|p2b: Arcanine|atk|1
|turn|1
|
|t:|1757664634
|move|p1a: Incineroar|Fake Out|p2b: Arcanine
|-resisted|p2b: Arcanine
|-damage|p2b: Arcanine|97/100
|move|p1b: Delphox|Nasty Plot|p1b: Delphox
|-boost|p1b: Delphox|spa|2
|cant|p2b: Arcanine|flinch
|move|p2a: Grimmsnarl|Spirit Break|p1b: Delphox
|-resisted|p1b: Delphox
|-damage|p1b: Delphox|84/100
|-unboost|p1b: Delphox|spa|1
|
|upkeep
|turn|2
|
|t:|1757664654
|switch|p1a: Indeedee|Indeedee-F, L50, F|100/100
|-fieldstart|move: Psychic Terrain|[from] ability: Psychic Surge|[of] p1a: Indeedee
|move|p2a: Grimmsnarl|Thunder Wave|p1b: Delphox
|-activate|p1b: Delphox|move: Psychic Terrain
|move|p1b: Delphox|Expanding Force|p2a: Grimmsnarl|[spread] p2b
|-immune|p2a: Grimmsnarl
|-crit|p2b: Arcanine
|-damage|p2b: Arcanine|0 fnt
|faint|p2b: Arcanine
|-damage|p1b: Delphox|74/100|[from] item: Life Orb
|
|upkeep
|
|t:|1757664667
|switch|p2b: Blastoise|Blastoise, L50, M|100/100
|turn|3
|
|t:|1757664684
|move|p2b: Blastoise|Protect|p2b: Blastoise
|-singleturn|p2b: Blastoise|Protect
|move|p1a: Indeedee|Follow Me|p1a: Indeedee
|-singleturn|p1a: Indeedee|move: Follow Me
|move|p2a: Grimmsnarl|Light Screen|p2a: Grimmsnarl
|-sidestart|p2: jamaicanboyvgc|move: Light Screen
|move|p1b: Delphox|Nasty Plot|p1b: Delphox
|-boost|p1b: Delphox|spa|2
|
|upkeep
|turn|4
|-message|jamaicanboyvgc forfeited.
|
|win|IneverfinishedOR
||IneverfinishedOR is ready for game 2.
||jamaicanboyvgc is ready for game 2.
|uhtml|next|Next: Game 2 of 3
