|j|☆amolefoche
|j|☆Moses1001
|html|amolefocheMoses1001    
|uhtml|bestof|Game 3 of a best-of-3
|t:|1782683703
|gametype|doubles
|player|p1|amolefoche|wallace|1000
|player|p2|Moses1001|102|1022
|gen|9
|tier|[Gen 9 Champions] VGC 2026 Reg M-B (Bo3)
|rated|
|rule|Species Clause: Limit one of each Pokémon
|rule|Item Clause: Limit 1 of each item
|clearpoke
|poke|p1|Staraptor, L50, M|
|poke|p1|Whimsicott, L50, F|
|poke|p1|Garchomp, L50, M|
|poke|p1|Grimmsnarl, L50, M|
|poke|p1|Sinistcha, L50|
|poke|p1|Kangaskhan, L50, F|
|poke|p2|Charizard, L50, M|
|poke|p2|Greninja, L50, F|
|poke|p2|Incineroar, L50, F|
|poke|p2|Gholdengo, L50|
|poke|p2|Hatterene, L50, F|
|poke|p2|Rotom-Wash, L50|
|teampreview|4
|showteam|p1|Staraptor||Staraptite|Intimidate|BraveBird,CloseCombat,Roost,Protect|Jolly||M|||50|]Whimsicott||FocusSash|Prankster|Charm,Tailwind,Encore,Moonblast|Timid||F|||50|]Garchomp||LifeOrb|RoughSkin|Earthquake,DragonClaw,RockSlide,Protect|Jolly||M|||50|]Grimmsnarl||LightClay|Prankster|Reflect,LightScreen,PartingShot,SpiritBreak|Careful||M|||50|]Sinistcha||Leftovers|Hospitality|MatchaGotcha,StrengthSap,RagePowder,Protect|Bold|||||50|]Kangaskhan||SilkScarf|EarlyBird|FakeOut,LastResort|Jolly||F|||50|
|showteam|p2|Charizard||CharizarditeY|Blaze|SolarBeam,DragonPulse,HeatWave,Roost|Timid||M|||50|]Greninja||Greninjite|Protean|IceBeam,WaterShuriken,GrassKnot,Protect|Modest||F|||50|]Incineroar||SitrusBerry|Intimidate|DarkestLariat,FlareBlitz,FakeOut,PartingShot|Careful||F|||50|]Gholdengo||MentalHerb|GoodasGold|FlashCannon,Thunder,Protect,DazzlingGleam|Timid|||||50|]Hatterene||IronBall|Anticipation|DazzlingGleam,Protect,GigaDrain,Psychic|Calm||F|||50|]Rotom-Wash||Leftovers|Levitate|Protect,Thunderbolt,HydroPump,VoltSwitch|Calm|||||50|
|
|t:|1782683732
|teamsize|p1|4
|teamsize|p2|4
|start
|switch|p1a: Staraptor|Staraptor, L50, M|100/100
|switch|p1b: Grimmsnarl|Grimmsnarl, L50, M|100/100
|switch|p2a: Charizard|Charizard, L50, M|100/100
|switch|p2b: Incineroar|Incineroar, L50, F|100/100
|-ability|p1a: Staraptor|Intimidate|boost
|-unboost|p2a: Charizard|atk|1
|-unboost|p2b: Incineroar|atk|1
|-ability|p2b: Incineroar|Intimidate|boost
|-unboost|p1a: Staraptor|atk|1
|-unboost|p1b: Grimmsnarl|atk|1
|turn|1
|
|t:|1782683752
|switch|p1b: Garchomp|Garchomp, L50, M|100/100
|detailschange|p1a: Staraptor|Staraptor-Mega, L50, M
|-mega|p1a: Staraptor|Staraptor|Staraptite
|detailschange|p2a: Charizard|Charizard-Mega-Y, L50, M
|-mega|p2a: Charizard|Charizard|Charizardite Y
|-weather|SunnyDay|[from] ability: Drought|[of] p2a: Charizard
|move|p1a: Staraptor|Protect|p1a: Staraptor
|-singleturn|p1a: Staraptor|Protect
|move|p2b: Incineroar|Fake Out|p1b: Garchomp
|-damage|p1b: Garchomp|92/100
|-damage|p2b: Incineroar|87/100|[from] ability: Rough Skin|[of] p1b: Garchomp
|move|p2a: Charizard|Dragon Pulse|p1b: Garchomp
|-supereffective|p1b: Garchomp|1
|-damage|p1b: Garchomp|11/100
|
|-weather|SunnyDay|[upkeep]
|upkeep
|turn|2
|
|t:|1782683773
|move|p1a: Staraptor|Close Combat|p2b: Incineroar
|-supereffective|p2b: Incineroar|1
|-damage|p2b: Incineroar|9/100
|-boost|p1a: Staraptor|def|1
|-boost|p1a: Staraptor|spd|1
|-enditem|p2b: Incineroar|Sitrus Berry|[eat]
|-heal|p2b: Incineroar|34/100|[from] item: Sitrus Berry
|move|p1b: Garchomp|Rock Slide|p2b: Incineroar|[spread] p2a,p2b
|-supereffective|p2a: Charizard|2
|-supereffective|p2b: Incineroar|1
|-crit|p2b: Incineroar
|-damage|p2a: Charizard|0 fnt
|-damage|p2b: Incineroar|0 fnt
|faint|p2a: Charizard
|faint|p2b: Incineroar
|-damage|p1b: Garchomp|1/100|[from] item: Life Orb
|
|-weather|SunnyDay|[upkeep]
|upkeep
|
|t:|1782683785
|switch|p2a: Gholdengo|Gholdengo, L50|100/100
|switch|p2b: Hatterene|Hatterene, L50, F|100/100
|turn|3
|
|t:|1782683793
|move|p1a: Staraptor|Protect|p1a: Staraptor
|-singleturn|p1a: Staraptor|Protect
|move|p1b: Garchomp|Earthquake|p2b: Hatterene|[spread] p2a,p2b
|-activate|p1a: Staraptor|move: Protect
|-supereffective|p2a: Gholdengo|1
|-damage|p2a: Gholdengo|0 fnt
|-damage|p2b: Hatterene|42/100
|faint|p2a: Gholdengo
|-damage|p1b: Garchomp|0 fnt|[from] item: Life Orb
|faint|p1b: Garchomp
|move|p2b: Hatterene|Dazzling Gleam|p1a: Staraptor
|-activate|p1a: Staraptor|move: Protect
|
|-weather|SunnyDay|[upkeep]
|upkeep
|
|t:|1782683801
|switch|p1b: Grimmsnarl|Grimmsnarl, L50, M|100/100
|turn|4
|
|t:|1782683810
|move|p1b: Grimmsnarl|Light Screen|p1b: Grimmsnarl
|-sidestart|p1: amolefoche|move: Light Screen
|move|p1a: Staraptor|Brave Bird|p2b: Hatterene
|-damage|p2b: Hatterene|0 fnt
|faint|p2b: Hatterene
|-damage|p1a: Staraptor|87/100|[from] Recoil
|
|win|amolefoche
|raw|amolefoche's rating: 1000 → 1043(+43 for winning)
|raw|Moses1001's rating: 1022 → 1008(-14 for losing)
