|j|☆fudii
|j|☆jdubsalt
|html|fudiijdubsalt    
|uhtml|bestof|Game 2 of a best-of-3
|t:|1757653909
|gametype|doubles
|player|p1|fudii|dahlia|1150
|player|p2|jdubsalt|veteran|1207
|gen|9
|tier|[Gen 9] VGC 2025 Reg H (Bo3)
|rated|
|rule|Species Clause: Limit one of each Pokémon
|rule|Item Clause: Limit 1 of each item
|clearpoke
|poke|p1|Sneasler, L50, M|
|poke|p1|Dragapult, L50, M|
|poke|p1|Primarina, L50, M|
|poke|p1|Rillaboom, L50, M|
|poke|p1|Kingambit, L50, M|
|poke|p1|Magmar, L50, M|
|poke|p2|Dragonite, L50, M|
|poke|p2|Whimsicott, L50, F|
|poke|p2|Garchomp, L50, M|
|poke|p2|Sneasler, L50, F|
|poke|p2|Incineroar, L50, F|
|poke|p2|Gholdengo, L50|
|teampreview|4
|showteam|p1|Sneasler||FocusSash|PoisonTouch|CloseCombat,DireClaw,FakeOut,Protect|||M|||50|,,,,,Stellar]Dragapult||ChoiceBand|ClearBody|DragonDarts,TeraBlast,PhantomForce,Uturn|||M|||50|,,,,,Ghost]Primarina||SitrusBerry|LiquidVoice|HyperVoice,Moonblast,Haze,Protect|||M|||50|,,,,,Water]Rillaboom||AssaultVest|GrassySurge|WoodHammer,GrassyGlide,HighHorsepower,FakeOut|||M|||50|,,,,,Fire]Kingambit||BlackGlasses|Defiant|KowtowCleave,SuckerPunch,SwordsDance,Protect|||M|||50|,,,,,Ghost]Magmar||Eviolite|VitalSpirit|Overheat,WillOWisp,FollowMe,Protect|||M|||50|,,,,,Ghost
|showteam|p2|Dragonite||LoadedDice|Multiscale|ScaleShot,ExtremeSpeed,Haze,Protect|||M|||50|,,,,,Fairy]Whimsicott||CovertCloak|Prankster|Tailwind,Moonblast,Encore,Protect|||F|||50|,,,,,Ghost]Garchomp||LifeOrb|RoughSkin|Earthquake,StompingTantrum,DragonClaw,Protect|||M|||50|,,,,,Ground]Sneasler||FocusSash|Unburden|CloseCombat,DireClaw,Coaching,Protect|||F|||50|,,,,,Flying]Incineroar||AssaultVest|Intimidate|FakeOut,FlareBlitz,KnockOff,Uturn|||F|||50|,,,,,Ghost]Gholdengo||ChoiceSpecs|GoodasGold|MakeItRain,ShadowBall,Trick,Protect||||||50|,,,,,Steel
|
|t:|1757653950
|teamsize|p1|4
|teamsize|p2|4
|start
|switch|p1a: Primarina|Primarina, L50, M|100/100
|switch|p1b: Sneasler|Sneasler, L50, M|100/100
|switch|p2a: Whimsicott|Whimsicott, L50, F|100/100
|switch|p2b: Gholdengo|Gholdengo, L50|100/100
|turn|1
|
|t:|1757653976
|switch|p1b: Kingambit|Kingambit, L50, M|100/100
|-terastallize|p1a: Primarina|Water
|move|p2a: Whimsicott|Tailwind|p2a: Whimsicott
|-sidestart|p2: jdubsalt|move: Tailwind
|move|p2b: Gholdengo|Make It Rain|p1a: Primarina|[spread] p1a,p1b
|-resisted|p1a: Primarina
|-resisted|p1b: Kingambit
|-damage|p1a: Primarina|65/100
|-damage|p1b: Kingambit|66/100
|-unboost|p2b: Gholdengo|spa|1
|move|p1a: Primarina|Moonblast|p2a: Whimsicott
|-damage|p2a: Whimsicott|42/100
|
|upkeep
|turn|2
|
|t:|1757654000
|-terastallize|p2b: Gholdengo|Steel
|move|p2a: Whimsicott|Moonblast|p1b: Kingambit
|-damage|p1b: Kingambit|41/100
|-unboost|p1b: Kingambit|spa|1
|-ability|p1b: Kingambit|Defiant|boost
|-boost|p1b: Kingambit|atk|2
|move|p2b: Gholdengo|Make It Rain|p1a: Primarina|[spread] p1a,p1b
|-resisted|p1a: Primarina
|-resisted|p1b: Kingambit
|-damage|p1a: Primarina|36/100
|-damage|p1b: Kingambit|8/100
|-unboost|p2b: Gholdengo|spa|1
|-enditem|p1a: Primarina|Sitrus Berry|[eat]
|-heal|p1a: Primarina|61/100|[from] item: Sitrus Berry
|move|p1a: Primarina|Moonblast|p2a: Whimsicott
|-damage|p2a: Whimsicott|0 fnt
|faint|p2a: Whimsicott
|move|p1b: Kingambit|Swords Dance|p1b: Kingambit
|-boost|p1b: Kingambit|atk|2
|
|upkeep
|
|t:|1757654008
|switch|p2a: Dragonite|Dragonite, L50, M|100/100
|turn|3
|
|t:|1757654029
|switch|p2b: Garchomp|Garchomp, L50, M|100/100
|move|p1b: Kingambit|Protect|p1b: Kingambit
|-singleturn|p1b: Kingambit|Protect
|move|p2a: Dragonite|Extreme Speed|p1b: Kingambit
|-activate|p1b: Kingambit|move: Protect
|move|p1a: Primarina|Moonblast|p2a: Dragonite
|-supereffective|p2a: Dragonite
|-damage|p2a: Dragonite|48/100
|
|upkeep
|turn|4
|
|t:|1757654088
|switch|p1b: Dragapult|Dragapult, L50, M|100/100
|move|p2a: Dragonite|Extreme Speed|p1b: Dragapult
|-immune|p1b: Dragapult
|move|p2b: Garchomp|Earthquake|p1b: Dragapult|[spread] p1a,p1b
|-immune|p2a: Dragonite
|-crit|p1a: Primarina
|-crit|p1b: Dragapult
|-damage|p1a: Primarina|0 fnt
|-damage|p1b: Dragapult|0 fnt
|faint|p1a: Primarina
|faint|p1b: Dragapult
|-damage|p2b: Garchomp|91/100|[from] item: Life Orb
|
|-sideend|p2: jdubsalt|move: Tailwind
|upkeep
|c|☆jdubsalt|wow, rough
|
|t:|1757654104
|switch|p1b: Kingambit|Kingambit, L50, M|8/100
|switch|p1a: Sneasler|Sneasler, L50, M|100/100
|turn|5
|c|☆fudii|dont see it often
|c|☆fudii|double crit
|
|t:|1757654131
|move|p2b: Garchomp|Protect|p2b: Garchomp
|-singleturn|p2b: Garchomp|Protect
|move|p2a: Dragonite|Protect|p2a: Dragonite
|-singleturn|p2a: Dragonite|Protect
|move|p1b: Kingambit|Sucker Punch||[still]
|-fail|p1b: Kingambit
|move|p1a: Sneasler|Close Combat|p2b: Garchomp
|-activate|p2b: Garchomp|move: Protect
|
|upkeep
|turn|6
|
|t:|1757654145
|move|p1b: Kingambit|Protect|p1b: Kingambit
|-singleturn|p1b: Kingambit|Protect
|move|p2a: Dragonite|Extreme Speed|p1a: Sneasler
|-damage|p1a: Sneasler|47/100
|move|p1a: Sneasler|Dire Claw|p2a: Dragonite
|-damage|p2a: Dragonite|1/100
|move|p2b: Garchomp|Stomping Tantrum|p1a: Sneasler
|-supereffective|p1a: Sneasler
|-damage|p1a: Sneasler|0 fnt
|faint|p1a: Sneasler
|-damage|p2b: Garchomp|81/100|[from] item: Life Orb
|
|upkeep
|turn|7
|-message|fudii forfeited.
|
|win|jdubsalt
||fudii is ready for game 3.
||jdubsalt is ready for game 3.
|uhtml|next|Next: Game 3 of 3
