|j|☆HalcyonJon
|j|☆edhen2
|html|HalcyonJonedhen2    
|uhtml|bestof|Game 2 of a best-of-3
|t:|1756958992
|gametype|doubles
|player|p1|HalcyonJon|pokemonbreeder|1085
|player|p2|edhen2|169|1000
|gen|9
|tier|[Gen 9] VGC 2025 Reg H (Bo3)
|rated|
|rule|Species Clause: Limit one of each Pokémon
|rule|Item Clause: Limit 1 of each item
|clearpoke
|poke|p1|Torkoal, L50, F|
|poke|p1|Illumise, L50, F|
|poke|p1|Indeedee-F, L50, F|
|poke|p1|Heracross, L50, M|
|poke|p1|Krookodile, L50, F|
|poke|p1|Delphox, L50, F|
|poke|p2|Politoed, L50, M|
|poke|p2|Archaludon, L50, F|
|poke|p2|Comfey, L50, M|
|poke|p2|Rillaboom, L50, F|
|poke|p2|Basculegion, L50, M|
|poke|p2|Maushold, L50|
|teampreview|4
|showteam|p1|Torkoal||AssaultVest|Drought|Eruption,WeatherBall,SolarBeam,EarthPower|||F|||50|,,,,,Grass]Illumise||CovertCloak|Prankster|StruggleBug,Charm,SunnyDay,Tailwind|||F|||50|,,,,,Water]Indeedee-F||RockyHelmet|PsychicSurge|Psychic,FollowMe,HelpingHand,TrickRoom|||F|||50|,,,,,Fairy]Heracross||FlameOrb|Guts|CloseCombat,Lunge,RockSlide,Protect|||M|||50|,,,,,Rock]Krookodile||FocusSash|Intimidate|KnockOff,HighHorsepower,BreakingSwipe,Protect|||F|||50|,,,,,Dragon]Delphox||PsychicSeed|Magician|Flamethrower,ExpandingForce,NastyPlot,Protect|||F|||50|,,,,,Dark
|showteam|p2|Politoed||Leftovers|Drizzle|Protect,MuddyWater,Haze,Hypnosis|||M|||50|,,,,,Grass]Archaludon||AssaultVest|Stamina|ElectroShot,BodyPress,FlashCannon,DragonPulse|||F|||50|,,,,,Fighting]Comfey||WikiBerry|Triage|Protect,FloralHealing,DrainingKiss,Taunt|||M|||50|,,,,,Steel]Rillaboom||LoadedDice|GrassySurge|BulletSeed,GrassyGlide,FakeOut,Uturn|||F|||50|,,,,,Fire]Basculegion||ChoiceBand|SwiftSwim|LastRespects,WaveCrash,AquaJet,FlipTurn|||M|||50|,,,,,Water]Maushold||WideLens|Technician|Protect,Taunt,FollowMe,PopulationBomb||||||50|,,,,,Ghost
|
|t:|1756959022
|teamsize|p1|4
|teamsize|p2|4
|start
|switch|p1a: Delphox|Delphox, L50, F|100/100
|switch|p1b: Indeedee|Indeedee-F, L50, F|100/100
|switch|p2a: Rillaboom|Rillaboom, L50, F|100/100
|switch|p2b: Maushold|Maushold, L50|100/100
|-fieldstart|move: Grassy Terrain|[from] ability: Grassy Surge|[of] p2a: Rillaboom
|-fieldstart|move: Psychic Terrain|[from] ability: Psychic Surge|[of] p1b: Indeedee
|-enditem|p1a: Delphox|Psychic Seed
|-boost|p1a: Delphox|spd|1|[from] item: Psychic Seed
|turn|1
|
|t:|1756959050
|move|p1b: Indeedee|Follow Me|p1b: Indeedee
|-singleturn|p1b: Indeedee|move: Follow Me
|move|p2b: Maushold|Population Bomb|p1b: Indeedee
|-damage|p1b: Indeedee|90/100
|-damage|p2b: Maushold|84/100|[from] item: Rocky Helmet|[of] p1b: Indeedee
|-damage|p1b: Indeedee|78/100
|-damage|p2b: Maushold|67/100|[from] item: Rocky Helmet|[of] p1b: Indeedee
|-damage|p1b: Indeedee|66/100
|-damage|p2b: Maushold|50/100|[from] item: Rocky Helmet|[of] p1b: Indeedee
|-damage|p1b: Indeedee|55/100
|-damage|p2b: Maushold|34/100|[from] item: Rocky Helmet|[of] p1b: Indeedee
|-damage|p1b: Indeedee|43/100
|-damage|p2b: Maushold|17/100|[from] item: Rocky Helmet|[of] p1b: Indeedee
|-crit|p1b: Indeedee
|-damage|p1b: Indeedee|26/100
|-damage|p2b: Maushold|0 fnt|[from] item: Rocky Helmet|[of] p1b: Indeedee
|faint|p2b: Maushold
|-hitcount|p1b: Indeedee|6
|move|p1a: Delphox|Expanding Force|p2a: Rillaboom
|-damage|p2a: Rillaboom|5/100
|-item|p1a: Delphox|Loaded Dice|[from] ability: Magician|[of] p2a: Rillaboom
|move|p2a: Rillaboom|U-turn|p1b: Indeedee
|-supereffective|p1b: Indeedee
|-damage|p1b: Indeedee|0 fnt
|-damage|p2a: Rillaboom|0 fnt|[from] item: Rocky Helmet|[of] p1b: Indeedee
|faint|p1b: Indeedee
|faint|p2a: Rillaboom
|
|upkeep
|
|t:|1756959077
|switch|p2b: Politoed|Politoed, L50, M|100/100
|switch|p2a: Archaludon|Archaludon, L50, F|100/100
|switch|p1b: Torkoal|Torkoal, L50, F|100/100
|-weather|RainDance|[from] ability: Drizzle|[of] p2b: Politoed
|-weather|SunnyDay|[from] ability: Drought|[of] p1b: Torkoal
|turn|2
|-message|edhen2 forfeited.
|
|win|HalcyonJon
|raw|HalcyonJon's rating: 1085 → 1106(+21 for winning)
|raw|edhen2's rating: 1000 → 1000(+0 for losing)
|l|☆edhen2
|player|p2|
