|j|☆meknomancer
|j|☆DarkWizardMyk
|html|meknomancerDarkWizardMyk    
|uhtml|bestof|Game 1 of a best-of-3
|t:|1784749467
|gametype|doubles
|player|p1|meknomancer|allister|
|player|p2|DarkWizardMyk|steven|
|gen|9
|tier|[Gen 9 Champions] VGC 2026 Reg M-B (Bo3)
|rule|Species Clause: Limit one of each Pokémon
|rule|Item Clause: Limit 1 of each item
|clearpoke
|poke|p1|Kingambit, L50, M|
|poke|p1|Aerodactyl, L50, M|
|poke|p1|Sableye, L50, M|
|poke|p1|Krookodile, L50, M|
|poke|p1|Clefable, L50, F|
|poke|p1|Manectric, L50, F|
|poke|p2|Archaludon, L50, M|
|poke|p2|Dedenne, L50, F|
|poke|p2|Pelipper, L50, F|
|poke|p2|Feraligatr, L50, M|
|poke|p2|Slowking-Galar, L50, F|
|poke|p2|Camerupt, L50, F|
|teampreview|4
|showteam|p1|Kingambit||LifeOrb|SupremeOverlord|IronHead,LowKick,SuckerPunch,Protect|Adamant||M|||50|]Aerodactyl||Aerodactylite|Pressure|RockSlide,DualWingbeat,Tailwind,WideGuard|Adamant||M|||50|]Sableye||Leftovers|Prankster|FakeOut,KnockOff,Encore,ThunderWave|Impish||M|||50|]Krookodile||SoftSand|Intimidate|Earthquake,Crunch,HighHorsepower,Protect|Jolly||M|||50|]Clefable||SitrusBerry|Unaware|Moonblast,FollowMe,IceBeam,Protect|Modest||F|||50|]Manectric||Manectite|LightningRod|VoltSwitch,Discharge,Thunder,Protect|Modest||F|||50|
|showteam|p2|Archaludon||ChopleBerry|Stamina|FlashCannon,ElectroShot,DracoMeteor,Protect|Modest||M|||50|]Dedenne||SitrusBerry|CheekPouch|Nuzzle,DazzlingGleam,SuperFang,VoltSwitch|Timid||F|||50|]Pelipper||FocusSash|Drizzle|WeatherBall,RainDance,Tailwind,WideGuard|Timid||F|||50|]Feraligatr||Feraligite|Torrent|Liquidation,AquaJet,IceFang,SwordsDance|Adamant||M|||50|]Slowking-Galar||ColburBerry|Regenerator|TrickRoom,ChillyReception,SludgeBomb,Psychic|Quiet||F|||50|]Camerupt||ExpertBelt|SolidRock|HeatWave,EarthPower,Protect,RockSlide|Modest||F|||50|
|c|☆meknomancer|gl
|c|☆meknomancer|thinking i may have overprepared for basculegion damn
|c|☆DarkWizardMyk|Maybe
|c|☆DarkWizardMyk|I feel like I may have overprepared too haha
|c|☆DarkWizardMyk|glhf
|j| Terrycat
|c|☆meknomancer|oh yeah looking at your team man did i make some mistakes
|c|☆meknomancer|ok time to gamble
|c| Terrycat|Better to overcook than to undercook, my mom always says lol
|c|☆DarkWizardMyk|So true
|
|t:|1784749581
|teamsize|p1|4
|teamsize|p2|4
|start
|switch|p1a: Tailwind Merchant|Aerodactyl, L50, M|100/100
|switch|p1b: Sparky|Manectric, L50, F|100/100
|switch|p2a: Camerupt|Camerupt, L50, F|100/100
|switch|p2b: Dedenne|Dedenne, L50, F|100/100
|-ability|p1a: Tailwind Merchant|Pressure
|turn|1
|
|t:|1784749607
|switch|p1b: Don Krokodilo|Krookodile, L50, M|100/100
|-ability|p1b: Don Krokodilo|Intimidate|boost
|-unboost|p2a: Camerupt|atk|1
|-unboost|p2b: Dedenne|atk|1
|detailschange|p1a: Tailwind Merchant|Aerodactyl-Mega, L50, M
|-mega|p1a: Tailwind Merchant|Aerodactyl|Aerodactylite
|move|p1a: Tailwind Merchant|Rock Slide|p2a: Camerupt|[spread] p2a,p2b
|-damage|p2a: Camerupt|55/100
|-damage|p2b: Dedenne|41/100
|-enditem|p2b: Dedenne|Sitrus Berry|[eat]
|-heal|p2b: Dedenne|65/100|[from] item: Sitrus Berry
|-heal|p2b: Dedenne|98/100|[from] ability: Cheek Pouch
|cant|p2b: Dedenne|flinch
|move|p2a: Camerupt|Earth Power|p1b: Don Krokodilo
|-damage|p1b: Don Krokodilo|40/100
|
|upkeep
|turn|2
|c|☆meknomancer|yowchies
|
|t:|1784749638
|move|p1a: Tailwind Merchant|Rock Slide|p2b: Dedenne|[spread] p2a,p2b
|-damage|p2a: Camerupt|7/100
|-damage|p2b: Dedenne|32/100
|cant|p2b: Dedenne|flinch
|move|p1b: Don Krokodilo|Earthquake|p2b: Dedenne|[spread] p2a,p2b
|-immune|p1a: Tailwind Merchant
|-supereffective|p2a: Camerupt|1
|-supereffective|p2b: Dedenne|1
|-damage|p2a: Camerupt|0 fnt
|-damage|p2b: Dedenne|0 fnt
|faint|p2a: Camerupt
|faint|p2b: Dedenne
|
|upkeep
|
|t:|1784749650
|switch|p2b: Captain Gullet|Pelipper, L50, F|100/100
|switch|p2a: DA BRIDGE|Archaludon, L50, M|100/100
|-weather|RainDance|[from] ability: Drizzle|[of] p2b: Captain Gullet
|turn|3
|c|☆DarkWizardMyk|SHIZZ
|
|t:|1784749662
|move|p2b: Captain Gullet|Wide Guard|p2b: Captain Gullet
|-singleturn|p2b: Captain Gullet|Wide Guard
|move|p1a: Tailwind Merchant|Tailwind|p1a: Tailwind Merchant
|-sidestart|p1: meknomancer|move: Tailwind
|move|p1b: Don Krokodilo|High Horsepower|p2a: DA BRIDGE
|-supereffective|p2a: DA BRIDGE|1
|-damage|p2a: DA BRIDGE|20/100y
|-ability|p2a: DA BRIDGE|Stamina|boost
|-boost|p2a: DA BRIDGE|def|1
|move|p2a: DA BRIDGE|Electro Shot||[still]
|-prepare|p2a: DA BRIDGE|Electro Shot
|-boost|p2a: DA BRIDGE|spa|1
|-anim|p2a: DA BRIDGE|Electro Shot|p1a: Tailwind Merchant
|-supereffective|p1a: Tailwind Merchant|1
|-crit|p1a: Tailwind Merchant
|-damage|p1a: Tailwind Merchant|0 fnt
|faint|p1a: Tailwind Merchant
|
|-weather|RainDance|[upkeep]
|upkeep
|
|t:|1784749677
|switch|p1a: Sparky|Manectric, L50, F|100/100
|turn|4
|
|t:|1784749696
|move|p1b: Don Krokodilo|Protect|p1b: Don Krokodilo
|-singleturn|p1b: Don Krokodilo|Protect
|move|p2a: DA BRIDGE|Protect|p2a: DA BRIDGE
|-singleturn|p2a: DA BRIDGE|Protect
|move|p1a: Sparky|Discharge|p2a: DA BRIDGE|[spread] p2b
|-activate|p1b: Don Krokodilo|move: Protect
|-activate|p2a: DA BRIDGE|move: Protect
|-supereffective|p2b: Captain Gullet|2
|-enditem|p2b: Captain Gullet|Focus Sash
|-damage|p2b: Captain Gullet|1/100
|move|p2b: Captain Gullet|Weather Ball|p1b: Don Krokodilo
|-activate|p1b: Don Krokodilo|move: Protect
|
|-weather|RainDance|[upkeep]
|upkeep
|turn|5
|
|t:|1784749736
|move|p1b: Don Krokodilo|High Horsepower|p2a: DA BRIDGE
|-supereffective|p2a: DA BRIDGE|1
|-damage|p2a: DA BRIDGE|0 fnt
|faint|p2a: DA BRIDGE
|move|p1a: Sparky|Discharge|p2b: Captain Gullet|[spread] p2b
|-immune|p1b: Don Krokodilo
|-supereffective|p2b: Captain Gullet|2
|-damage|p2b: Captain Gullet|0 fnt
|faint|p2b: Captain Gullet
|
|win|meknomancer
||DarkWizardMyk is ready for game 2.
|inactive|meknomancer has 30 seconds to confirm battle start!
|inactive|meknomancer has 20 seconds to confirm battle start!
||meknomancer is ready for game 2.
|uhtml|next|Next: Game 2 of 3
|l| Terrycat
|j| Terrycat
|l|☆DarkWizardMyk
|player|p2|
