|j|☆giraldo576
|j|☆asojfoiasjf
|html|giraldo576asojfoiasjf    
|uhtml|bestof|Game 2 of a best-of-3
|t:|1757113599
|gametype|doubles
|player|p1|giraldo576|2|1055
|player|p2|asojfoiasjf|1|1000
|gen|9
|tier|[Gen 9] VGC 2025 Reg H (Bo3)
|rated|
|rule|Species Clause: Limit one of each Pokémon
|rule|Item Clause: Limit 1 of each item
|clearpoke
|poke|p1|Incineroar, L50, F|
|poke|p1|Amoonguss, L50, F|
|poke|p1|Indeedee-F, L50, F|
|poke|p1|Sylveon, L50, F|
|poke|p1|Smeargle, L50, F|
|poke|p1|Ursaluna-Bloodmoon, L50, M|
|poke|p2|Charizard, L50, F|
|poke|p2|Torkoal, L50, F|
|poke|p2|Porygon2, L50|
|poke|p2|Incineroar, L50, M|
|poke|p2|Jumpluff, L50, M|
|poke|p2|Ursaluna, L50, F|
|teampreview|4
|showteam|p1|Incineroar||SafetyGoggles|Intimidate|FakeOut,PartingShot,KnockOff,FlareBlitz|||F|||50|,,,,,Bug]Amoonguss||MentalHerb|Regenerator|Spore,RagePowder,SludgeBomb,Protect|||F|||50|,,,,,Water]Indeedee-F||PsychicSeed|PsychicSurge|FollowMe,TrickRoom,Psychic,HelpingHand|||F|||50|,,,,,Grass]Sylveon||PixiePlate|Pixilate|HyperVoice,Protect,TeraBlast,CalmMind|||F|||50|,,,,,Fire]Smeargle||FocusSash|Moody|FollowMe,Decorate,Spore,TrickRoom|||F|||50|,,,,,Ghost]Ursaluna-Bloodmoon||LifeOrb|MindsEye|EarthPower,HyperVoice,Protect,BloodMoon|||M|||50|,,,,,Normal
|showteam|p2|Charizard||ChoiceSpecs|SolarPower|HeatWave,Overheat,WeatherBall,AirSlash|||F|||50|,,,,,Ghost]Torkoal||EjectPack|Drought|Eruption,Overheat,HelpingHand,Protect|||F|||50|,,,,,Fire]Porygon2||Eviolite|Download|IceBeam,TeraBlast,TrickRoom,Recover||||||50|,,,,,Fighting]Incineroar||SitrusBerry|Intimidate|FlareBlitz,KnockOff,FakeOut,PartingShot|||M|||50|,,,,,Ghost]Jumpluff||CovertCloak|Chlorophyll|SleepPowder,SunnyDay,RagePowder,Tailwind|||M|||50|,,,,,Water]Ursaluna||FlameOrb|Guts|HeadlongRush,Facade,Earthquake,Protect|||F|||50|,,,,,Ghost
|
|t:|1757113610
|teamsize|p1|4
|teamsize|p2|4
|start
|switch|p1a: Indeedee|Indeedee-F, L50, F|100/100
|switch|p1b: Sylveon|Sylveon, L50, F|100/100
|switch|p2a: Jumpluff|Jumpluff, L50, M|100/100
|switch|p2b: Torkoal|Torkoal, L50, F|100/100
|-fieldstart|move: Psychic Terrain|[from] ability: Psychic Surge|[of] p1a: Indeedee
|-enditem|p1a: Indeedee|Psychic Seed
|-boost|p1a: Indeedee|spd|1|[from] item: Psychic Seed
|-weather|SunnyDay|[from] ability: Drought|[of] p2b: Torkoal
|turn|1
|
|t:|1757113636
|switch|p1b: Incineroar|Incineroar, L50, F|100/100
|-ability|p1b: Incineroar|Intimidate|boost
|-unboost|p2a: Jumpluff|atk|1
|-unboost|p2b: Torkoal|atk|1
|-enditem|p2b: Torkoal|Eject Pack
|
|t:|1757113648
|switch|p2b: Ursaluna|Ursaluna, L50, F|100/100
|-terastallize|p1a: Indeedee|Grass
|move|p2a: Jumpluff|Sleep Powder|p1a: Indeedee
|-immune|p1a: Indeedee
|move|p1a: Indeedee|Psychic|p2b: Ursaluna
|-damage|p2b: Ursaluna|61/100
|
|-weather|SunnyDay|[upkeep]
|-status|p2b: Ursaluna|brn|[from] item: Flame Orb
|upkeep
|turn|2
|
|t:|1757113685
|switch|p2a: Torkoal|Torkoal, L50, F|100/100
|move|p2b: Ursaluna|Facade|p1b: Incineroar
|-damage|p1b: Incineroar|0 fnt
|faint|p1b: Incineroar
|move|p1a: Indeedee|Trick Room|p1a: Indeedee
|-fieldstart|move: Trick Room|[of] p1a: Indeedee
|
|-weather|SunnyDay|[upkeep]
|-damage|p2b: Ursaluna|55/100 brn|[from] brn
|upkeep
|
|t:|1757113692
|switch|p1b: Ursaluna|Ursaluna-Bloodmoon, L50, M|100/100
|turn|3
|
|t:|1757113701
|switch|p1a: Sylveon|Sylveon, L50, F|100/100
|move|p2a: Torkoal|Eruption|p1a: Sylveon|[spread] p1a,p1b
|-damage|p1a: Sylveon|50/100
|-damage|p1b: Ursaluna|10/100
|move|p1b: Ursaluna|Hyper Voice|p2b: Ursaluna|[spread] p2a,p2b
|-damage|p2a: Torkoal|36/100
|-damage|p2b: Ursaluna|10/100 brn
|-damage|p1b: Ursaluna|0 fnt|[from] item: Life Orb
|faint|p1b: Ursaluna
|move|p2b: Ursaluna|Facade|p1a: Sylveon
|-damage|p1a: Sylveon|0 fnt
|faint|p1a: Sylveon
|
|-weather|SunnyDay|[upkeep]
|-damage|p2b: Ursaluna|4/100 brn|[from] brn
|upkeep
|
|t:|1757113714
|switch|p1b: Indeedee|Indeedee-F, L50, F, tera:Grass|100/100
|turn|4
|
|t:|1757113727
|move|p2a: Torkoal|Overheat|p1b: Indeedee
|-supereffective|p1b: Indeedee
|-damage|p1b: Indeedee|0 fnt
|-unboost|p2a: Torkoal|spa|2
|faint|p1b: Indeedee
|
|win|asojfoiasjf
|raw|giraldo576's rating: 1055 → 1034(-21 for losing)
|raw|asojfoiasjf's rating: 1000 → 1046(+46 for winning)
|l|☆giraldo576
|player|p1|
