|j|☆othunder21
|j|☆Genesis77
|html|othunder21Genesis77    
|uhtml|bestof|Game 2 of a best-of-3
|t:|1783077308
|gametype|doubles
|player|p1|othunder21|nate|
|player|p2|Genesis77|blaine|
|gen|9
|tier|[Gen 9 Champions] VGC 2026 Reg M-B (Bo3)
|rule|Species Clause: Limit one of each Pokémon
|rule|Item Clause: Limit 1 of each item
|clearpoke
|poke|p1|Charizard, L50, F|
|poke|p1|Sylveon, L50, F|
|poke|p1|Farigiraf, L50, M|
|poke|p1|Aerodactyl, L50, M|
|poke|p1|Kingambit, L50, M|
|poke|p1|Garchomp, L50, F|
|poke|p2|Farigiraf, L50, M|
|poke|p2|Kangaskhan, L50, F|
|poke|p2|Torkoal, L50, F|
|poke|p2|Mawile, L50, F|
|poke|p2|Pyroar, L50, F|
|poke|p2|Decidueye-Hisui, L50, M|
|teampreview|4
|showteam|p1|Charizard||CharizarditeY|SolarPower|Protect,WeatherBall,SolarBeam,HeatWave|Modest||F|||50|]Sylveon||FairyFeather|Pixilate|Detect,HyperVoice,QuickAttack,HyperBeam|Modest||F|||50|]Farigiraf||SitrusBerry|ArmorTail|Thunderbolt,Psychic,Roar,TrickRoom|Bold||M|||50|]Aerodactyl||Aerodactylite|Unnerve|RockSlide,DualWingbeat,IceFang,Tailwind|Jolly||M|||50|]Kingambit||FocusSash|Defiant|KowtowCleave,SuckerPunch,IronHead,LowKick|Adamant||M|||50|]Garchomp||LifeOrb|RoughSkin|Earthquake,StompingTantrum,DragonClaw,Protect|Jolly||F|||50|
|showteam|p2|Farigiraf||ColburBerry|ArmorTail|Psychic,Thunderbolt,HelpingHand,TrickRoom|Calm||M|||50|]Kangaskhan||SilkScarf|Scrappy|LastResort,FakeOut|Brave||F|||50|]Torkoal||Charcoal|Drought|Eruption,WeatherBall,HelpingHand,Protect|Quiet||F|||50|]Mawile||Mawilite|HyperCutter|PlayRough,RockSlide,SuckerPunch,SwordsDance|Brave||F|||50|]Pyroar||Pyroarite|Unnerve|HeatWave,Overheat,SolarBeam,Protect|Timid||F|||50|]Decidueye-Hisui||LifeOrb|Scrappy|CloseCombat,LeafBlade,BraveBird,Protect|Brave||M|||50|
|inactive|Battle timer is ON: inactive players will automatically lose when time's up. (requested by Genesis77)
|inactive|othunder21 also wants the timer to be on.
|inactive|othunder21 has 60 seconds left.
|inactive|Genesis77 has 60 seconds left.
|inactive|othunder21 has 30 seconds left.
|inactive|Genesis77 has 30 seconds left.
|inactive|othunder21 has 20 seconds left.
|inactive|Genesis77 has 20 seconds left.
|inactive|othunder21 has 15 seconds left.
|inactive|Genesis77 has 15 seconds left.
|inactive|Genesis77 has 10 seconds left.
|
|t:|1783077391
|teamsize|p1|4
|teamsize|p2|4
|start
|switch|p1a: Charizard|Charizard, L50, F|100/100
|switch|p1b: Garchomp|Garchomp, L50, F|100/100
|switch|p2a: Farigiraf|Farigiraf, L50, M|100/100
|switch|p2b: Pyroar|Pyroar, L50, F|100/100
|-ability|p2b: Pyroar|Unnerve
|turn|1
|inactive|othunder21 has 30 seconds left.
|inactive|Genesis77 has 30 seconds left.
|inactive|Genesis77 has 20 seconds left.
|inactive|Genesis77 has 15 seconds left.
|inactive|othunder21 has 20 seconds left.
|inactive|Genesis77 has 10 seconds left.
|inactive|othunder21 has 15 seconds left.
|inactive|Genesis77 has 5 seconds left.
|
|t:|1783077446
|detailschange|p2b: Pyroar|Pyroar-Mega, L50, F
|-mega|p2b: Pyroar|Pyroar|Pyroarite
|move|p2a: Farigiraf|Helping Hand|p2b: Pyroar
|-singleturn|p2b: Pyroar|Helping Hand|[of] p2a: Farigiraf
|move|p2b: Pyroar|Overheat|p1b: Garchomp
|-resisted|p1b: Garchomp|1
|-damage|p1b: Garchomp|18/100
|-unboost|p2b: Pyroar|spa|2
|move|p1b: Garchomp|Earthquake|p2b: Pyroar|[spread] p2a,p2b
|-immune|p1a: Charizard
|-supereffective|p2b: Pyroar|1
|-damage|p2a: Farigiraf|57/100
|-damage|p2b: Pyroar|0 fnt
|faint|p2b: Pyroar
|-damage|p1b: Garchomp|8/100|[from] item: Life Orb
|move|p1a: Charizard|Heat Wave|p2a: Farigiraf
|-damage|p2a: Farigiraf|25/100
|
|upkeep
|inactive|Genesis77 has 30 seconds left.
|
|t:|1783077477
|switch|p2b: Torkoal|Torkoal, L50, F|100/100
|-weather|SunnyDay|[from] ability: Drought|[of] p2b: Torkoal
|turn|2
|
|t:|1783077501
|detailschange|p1a: Charizard|Charizard-Mega-Y, L50, F
|-mega|p1a: Charizard|Charizard|Charizardite Y
|move|p2a: Farigiraf|Helping Hand|p2b: Torkoal
|-singleturn|p2b: Torkoal|Helping Hand|[of] p2a: Farigiraf
|move|p1b: Garchomp|Stomping Tantrum|p2b: Torkoal
|-supereffective|p2b: Torkoal|1
|-damage|p2b: Torkoal|24/100
|-damage|p1b: Garchomp|0 fnt|[from] item: Life Orb
|faint|p1b: Garchomp
|move|p1a: Charizard|Weather Ball|p2a: Farigiraf
|-damage|p2a: Farigiraf|0 fnt
|faint|p2a: Farigiraf
|move|p2b: Torkoal|Weather Ball|p1a: Charizard
|-resisted|p1a: Charizard|1
|-damage|p1a: Charizard|47/100
|
|-weather|SunnyDay|[upkeep]
|upkeep
|
|t:|1783077517
|switch|p1b: Kingambit|Kingambit, L50, M|100/100
|switch|p2a: Decidueye|Decidueye-Hisui, L50, M|100/100
|turn|3
|inactive|Genesis77 has 30 seconds left.
|inactive|Genesis77 has 20 seconds left.
|inactive|Genesis77 has 15 seconds left.
|
|t:|1783077557
|move|p1a: Charizard|Weather Ball|p2a: Decidueye
|-supereffective|p2a: Decidueye|1
|-damage|p2a: Decidueye|0 fnt
|faint|p2a: Decidueye
|move|p1b: Kingambit|Kowtow Cleave|p2b: Torkoal
|-damage|p2b: Torkoal|0 fnt
|faint|p2b: Torkoal
|
|win|othunder21
|c|☆Genesis77|gg
|c|☆othunder21|gg
|j| soulmoonvgc
|l| soulmoonvgc
|l|☆othunder21
|player|p1|
