|j|☆homerj71
|j|☆natty dice
|html|homerj71natty dice    
|uhtml|bestof|Game 2 of a best-of-3
|t:|1783188248
|gametype|doubles
|player|p1|homerj71|170|1190
|player|p2|natty dice|bugcatcher-gen4dp|1180
|gen|9
|tier|[Gen 9 Champions] VGC 2026 Reg M-B (Bo3)
|rated|
|rule|Species Clause: Limit one of each Pokémon
|rule|Item Clause: Limit 1 of each item
|clearpoke
|poke|p1|Delphox, L50, M|
|poke|p1|Sneasler, L50, M|
|poke|p1|Floette-Eternal, L50, F|
|poke|p1|Incineroar, L50, F|
|poke|p1|Kingambit, L50, M|
|poke|p1|Sinistcha, L50|
|poke|p2|Pyroar, L50, M|
|poke|p2|Whimsicott, L50, F|
|poke|p2|Annihilape, L50, F|
|poke|p2|Samurott-Hisui, L50, M|
|poke|p2|Dragonite, L50, F|
|poke|p2|Maushold, L50|
|teampreview|4
|showteam|p1|Delphox||Delphoxite|Blaze|Protect,Psyshock,HeatWave,NastyPlot|Timid||M|||50|]Sneasler||FocusSash|PoisonTouch|QuickGuard,CloseCombat,FakeOut,DireClaw|Jolly||M|||50|]Floette-Eternal||Floettite|FlowerVeil|Protect,DazzlingGleam,CalmMind,Moonblast|Timid||F|||50|]Incineroar||SitrusBerry|Intimidate|ThroatChop,FlareBlitz,PartingShot,FakeOut|Impish||F|||50|]Kingambit||BlackGlasses|Defiant|Protect,KowtowCleave,SuckerPunch,SwordsDance|Adamant||M|||50|]Sinistcha||KasibBerry|Hospitality|Protect,TrickRoom,MatchaGotcha,RagePowder|Relaxed|||||50|
|showteam|p2|Pyroar||Pyroarite|Unnerve|HeatWave,Protect,ScorchingSands,HyperVoice|Timid||M|||50|]Whimsicott||FocusSash|Prankster|SunnyDay,LeechSeed,LightScreen,DazzlingGleam|Timid||F|||50|]Annihilape||LifeOrb|InnerFocus|DrainPunch,BulkUp,RageFist,BrickBreak|Adamant||F|||50|]Samurott-Hisui||ChoiceScarf|Sharpness|CeaselessEdge,RazorShell,FlipTurn,KnockOff|Adamant||M|||50|]Dragonite||Leftovers|Multiscale|Earthquake,DragonDance,ExtremeSpeed,DragonClaw|Adamant||F|||50|]Maushold||SilkScarf|FriendGuard|TidyUp,PopulationBomb,HelpingHand,Taunt|Jolly|||||50|
|inactive|Battle timer is ON: inactive players will automatically lose when time's up. (requested by homerj71)
|
|t:|1783188260
|teamsize|p1|4
|teamsize|p2|4
|start
|switch|p1a: Floette|Floette-Eternal, L50, F|100/100
|switch|p1b: Incineroar|Incineroar, L50, F|100/100
|switch|p2a: Whimsicott|Whimsicott, L50, F|100/100
|switch|p2b: Annihilape|Annihilape, L50, F|100/100
|-ability|p1b: Incineroar|Intimidate|boost
|-unboost|p2a: Whimsicott|atk|1
|-fail|p2b: Annihilape|unboost|Attack|[from] ability: Inner Focus|[of] p2b: Annihilape
|turn|1
|
|t:|1783188269
|detailschange|p1a: Floette|Floette-Mega, L50, F
|-mega|p1a: Floette|Floette|Floettite
|-ability|p1a: Floette|Fairy Aura
|move|p1b: Incineroar|Fake Out|p2a: Whimsicott
|-damage|p2a: Whimsicott|83/100
|cant|p2a: Whimsicott|flinch
|move|p1a: Floette|Moonblast|p2b: Annihilape
|-supereffective|p2b: Annihilape|1
|-damage|p2b: Annihilape|0 fnt
|faint|p2b: Annihilape
|
|upkeep
|
|t:|1783188275
|switch|p2b: Samurott|Samurott-Hisui, L50, M|100/100
|turn|2
|
|t:|1783188285
|move|p2a: Whimsicott|Leech Seed|p1a: Floette
|-start|p1a: Floette|move: Leech Seed
|move|p2b: Samurott|Razor Shell|p1b: Incineroar
|-supereffective|p1b: Incineroar|1
|-damage|p1b: Incineroar|16/100
|-unboost|p1b: Incineroar|def|1
|-enditem|p1b: Incineroar|Sitrus Berry|[eat]
|-heal|p1b: Incineroar|41/100|[from] item: Sitrus Berry
|move|p1a: Floette|Dazzling Gleam|p2a: Whimsicott|[spread] p2a,p2b
|-supereffective|p2b: Samurott|1
|-damage|p2a: Whimsicott|15/100
|-damage|p2b: Samurott|0 fnt
|faint|p2b: Samurott
|move|p1b: Incineroar|Parting Shot|p2a: Whimsicott
|-unboost|p2a: Whimsicott|atk|1
|-unboost|p2a: Whimsicott|spa|1
|
|t:|1783188298
|switch|p1b: Sinistcha|Sinistcha, L50|100/100|[from] Parting Shot
|
|-damage|p1a: Floette|88/100|[from] Leech Seed|[of] p2a: Whimsicott
|-heal|p2a: Whimsicott|29/100|[silent]
|upkeep
|
|t:|1783188323
|switch|p2b: Dragonite|Dragonite, L50, F|100/100
|turn|3
|
|t:|1783188330
|move|p2b: Dragonite|Extreme Speed|p1a: Floette
|-damage|p1a: Floette|56/100
|move|p1b: Sinistcha|Rage Powder|p1b: Sinistcha
|-singleturn|p1b: Sinistcha|move: Rage Powder
|move|p2a: Whimsicott|Dazzling Gleam|p1a: Floette|[spread] p1a,p1b
|-damage|p1a: Floette|41/100
|-damage|p1b: Sinistcha|78/100
|move|p1a: Floette|Dazzling Gleam|p2b: Dragonite|[spread] p2a,p2b
|-supereffective|p2b: Dragonite|1
|-damage|p2a: Whimsicott|0 fnt
|-damage|p2b: Dragonite|58/100
|faint|p2a: Whimsicott
|
|-heal|p2b: Dragonite|64/100|[from] item: Leftovers
|upkeep
|turn|4
|-message|natty dice forfeited.
|
|win|homerj71
|raw|homerj71's rating: 1190 → 1214(+24 for winning)
|raw|natty dice's rating: 1180 → 1156(-24 for losing)
