|j|☆Gi1796
|j|☆ossigt
|html|Gi1796ossigt    
|uhtml|bestof|Game 3 of a best-of-3
|t:|1756829679
|gametype|doubles
|player|p1|Gi1796|169|1112
|player|p2|ossigt|hilbert-wonderlauncher|1161
|gen|9
|tier|[Gen 9] VGC 2025 Reg H (Bo3)
|rated|
|rule|Species Clause: Limit one of each Pokémon
|rule|Item Clause: Limit 1 of each item
|clearpoke
|poke|p1|Sneasler, L50, M|
|poke|p1|Indeedee, L50, M|
|poke|p1|Annihilape, L50, F|
|poke|p1|Tyranitar, L50, M|
|poke|p1|Excadrill, L50, F|
|poke|p1|Corviknight, L50, F|
|poke|p2|Kingambit, L50, F|
|poke|p2|Rillaboom, L50, F|
|poke|p2|Electabuzz, L50, M|
|poke|p2|Dragapult, L50, M|
|poke|p2|Volcarona, L50, M|
|poke|p2|Tauros-Paldea-Aqua, L50, M|
|teampreview|4
|showteam|p1|Sneasler||PsychicSeed|Unburden|CloseCombat,DireClaw,ThroatChop,Protect|||M|||50|,,,,,Dark]Indeedee||ChoiceScarf|PsychicSurge|ExpandingForce,TeraBlast,Trick,DazzlingGleam|||M|||50|,,,,,Psychic]Annihilape||SafetyGoggles|Defiant|CloseCombat,RageFist,Taunt,FinalGambit|||F|||50|,,,,,Water]Tyranitar||AssaultVest|SandStream|RockSlide,KnockOff,TeraBlast,LowKick|||M|||50|,,,,,Flying]Excadrill||FocusSash|SandRush|HighHorsepower,Earthquake,IronHead,Protect|||F|||50|,,,,,Stellar]Corviknight||Leftovers|MirrorArmor|BraveBird,BulkUp,Tailwind,Roost|||F|||50|,,,,,Dragon
|showteam|p2|Kingambit||BlackGlasses|Defiant|Protect,KowtowCleave,SuckerPunch,SwordsDance|||F|||50|,,,,,Dark]Rillaboom||AssaultVest|GrassySurge|WoodHammer,GrassyGlide,Uturn,FakeOut|||F|||50|,,,,,Fire]Electabuzz||Eviolite|VitalSpirit|Protect,Thunderbolt,HelpingHand,FollowMe|||M|||50|,,,,,Ghost]Dragapult||ChoiceBand|ClearBody|DragonDarts,PhantomForce,Outrage,Uturn|||M|||50|,,,,,Ghost]Volcarona||CovertCloak|FlameBody|Protect,HeatWave,GigaDrain,QuiverDance|||M|||50|,,,,,Dragon]Tauros-Paldea-Aqua||MirrorHerb|Intimidate|Protect,WaveCrash,CloseCombat,AquaJet|||M|||50|,,,,,Water
|inactive|Battle timer is ON: inactive players will automatically lose when time's up. (requested by Gi1796)
|
|t:|1756829703
|teamsize|p1|4
|teamsize|p2|4
|start
|switch|p1a: Annihilape|Annihilape, L50, F|100/100
|switch|p1b: Corviknight|Corviknight, L50, F|100/100
|switch|p2a: Volcarona|Volcarona, L50, M, shiny|100/100
|switch|p2b: Dragapult|Dragapult, L50, M, shiny|100/100
|turn|1
|
|t:|1756829724
|move|p2b: Dragapult|Outrage|p1a: Annihilape
|-damage|p1a: Annihilape|14/100
|move|p1a: Annihilape|Rage Fist|p2b: Dragapult
|-supereffective|p2b: Dragapult
|-damage|p2b: Dragapult|0 fnt
|faint|p2b: Dragapult
|move|p2a: Volcarona|Heat Wave|p1b: Corviknight|[spread] p1a,p1b
|-supereffective|p1b: Corviknight
|-damage|p1a: Annihilape|0 fnt
|-damage|p1b: Corviknight|43/100
|faint|p1a: Annihilape
|move|p1b: Corviknight|Brave Bird|p2a: Volcarona
|-supereffective|p2a: Volcarona
|-damage|p2a: Volcarona|0 fnt
|faint|p2a: Volcarona
|-damage|p1b: Corviknight|12/100|[from] Recoil
|
|-heal|p1b: Corviknight|18/100|[from] item: Leftovers
|upkeep
|
|t:|1756829742
|switch|p2b: Rillaboom|Rillaboom, L50, F, shiny|100/100
|switch|p1a: Sneasler|Sneasler, L50, M|100/100
|switch|p2a: Kingambit|Kingambit, L50, F, shiny|100/100
|-fieldstart|move: Grassy Terrain|[from] ability: Grassy Surge|[of] p2b: Rillaboom
|turn|2
|
|t:|1756829763
|-terastallize|p2a: Kingambit|Dark
|move|p1a: Sneasler|Protect|p1a: Sneasler
|-singleturn|p1a: Sneasler|Protect
|move|p2b: Rillaboom|Wood Hammer|p1a: Sneasler
|-activate|p1a: Sneasler|move: Protect
|move|p1b: Corviknight|Brave Bird|p2b: Rillaboom
|-supereffective|p2b: Rillaboom
|-damage|p2b: Rillaboom|18/100
|-damage|p1b: Corviknight|0 fnt|[from] Recoil
|faint|p1b: Corviknight
|move|p2a: Kingambit|Kowtow Cleave|p1a: Sneasler
|-activate|p1a: Sneasler|move: Protect
|
|-heal|p2b: Rillaboom|24/100|[from] Grassy Terrain
|upkeep
|
|t:|1756829777
|switch|p1b: Indeedee|Indeedee, L50, M|100/100
|-fieldstart|move: Psychic Terrain|[from] ability: Psychic Surge|[of] p1b: Indeedee
|-enditem|p1a: Sneasler|Psychic Seed
|-boost|p1a: Sneasler|spd|1|[from] item: Psychic Seed
|turn|3
|inactive|Gi1796 has 30 seconds left.
|
|t:|1756829804
|-terastallize|p1a: Sneasler|Dark
|move|p1a: Sneasler|Close Combat|p2a: Kingambit
|-supereffective|p2a: Kingambit
|-damage|p2a: Kingambit|0 fnt
|-unboost|p1a: Sneasler|def|1
|-unboost|p1a: Sneasler|spd|1
|faint|p2a: Kingambit
|move|p1b: Indeedee|Tera Blast|p2b: Rillaboom
|-damage|p2b: Rillaboom|0 fnt
|faint|p2b: Rillaboom
|
|win|Gi1796
|raw|Gi1796's rating: 1112 → 1141(+29 for winning)
|raw|ossigt's rating: 1161 → 1132(-29 for losing)
