|j|☆AnimeJ10
|j|☆BlackStag52
|html|AnimeJ10BlackStag52    
|uhtml|bestof|Game 1 of a best-of-3
|t:|1756171976
|gametype|doubles
|player|p1|AnimeJ10|lance|1033
|player|p2|BlackStag52|beauty|1057
|gen|9
|tier|[Gen 9] VGC 2025 Reg H (Bo3)
|rated|
|rule|Species Clause: Limit one of each Pokémon
|rule|Item Clause: Limit 1 of each item
|clearpoke
|poke|p1|Ursaluna, L50, M|
|poke|p1|Farigiraf, L50, M|
|poke|p1|Dragonite, L50, M|
|poke|p1|Torkoal, L50, M|
|poke|p1|Charizard, L50, M|
|poke|p1|Rillaboom, L50, M|
|poke|p2|Kingambit, L50, M|
|poke|p2|Gallade, L50, M|
|poke|p2|Indeedee-F, L50, F|
|poke|p2|Rampardos, L50, F|
|poke|p2|Amoonguss, L50, F|
|poke|p2|Incineroar, L50, M|
|teampreview|4
|showteam|p1|Ursaluna||FlameOrb|Guts|Facade,Earthquake,Protect,Avalanche|||M|||50|,,,,,Normal]Farigiraf||ThroatSpray|ArmorTail|TrickRoom,HyperVoice,Psychic,DazzlingGleam|||M|||50|,,,,,Normal]Dragonite||ChoiceBand|InnerFocus|ExtremeSpeed,DragonClaw,Outrage,StompingTantrum|||M|||50|,,,,,Normal]Torkoal||ChoiceSpecs|Drought|Eruption,ScorchingSands,SolarBeam,SludgeBomb|||M|||50|,,,,,Fire]Charizard||PowerHerb|SolarPower|SolarBeam,HeatWave,Protect,AirSlash|||M|||50|,,,,,Grass]Rillaboom||AssaultVest|GrassySurge|FakeOut,GrassyGlide,KnockOff,HighHorsepower|||M|||50|,,,,,Ground
|showteam|p2|Kingambit||BlackGlasses|Defiant|KowtowCleave,IronHead,Protect,PoisonJab|||M|||50|,,,,,Psychic]Gallade||ClearAmulet|Sharpness|SacredSword,TrickRoom,PsychoCut,WideGuard|||M|||50|,,,,,Dark]Indeedee-F||PsychicSeed|PsychicSurge|TrickRoom,FollowMe,HelpingHand,HyperVoice|||F|||50|,,,,,Fairy]Rampardos||LifeOrb|SheerForce|RockSlide,HammerArm,Protect,BreakingSwipe|||F|||50|,,,,,Dragon]Amoonguss||Leftovers|Regenerator|Spore,RagePowder,SludgeBomb,PollenPuff|||F|||50|,,,,,Dark]Incineroar||SafetyGoggles|Intimidate|FakeOut,PartingShot,KnockOff,FlareBlitz|||M|||50|,,,,,Ghost
|inactive|Battle timer is ON: inactive players will automatically lose when time's up. (requested by AnimeJ10)
|c|☆BlackStag52|glhf!
|inactive|AnimeJ10 has 60 seconds left.
|inactive|BlackStag52 has 60 seconds left.
|inactive|BlackStag52 has 30 seconds left.
|
|t:|1756172046
|teamsize|p1|4
|teamsize|p2|4
|start
|switch|p1a: Torkoal|Torkoal, L50, M|100/100
|switch|p1b: Charizard|Charizard, L50, M|100/100
|switch|p2a: Indeedee|Indeedee-F, L50, F|100/100
|switch|p2b: Rampardos|Rampardos, L50, F|100/100
|-fieldstart|move: Psychic Terrain|[from] ability: Psychic Surge|[of] p2a: Indeedee
|-enditem|p2a: Indeedee|Psychic Seed
|-boost|p2a: Indeedee|spd|1|[from] item: Psychic Seed
|-weather|SunnyDay|[from] ability: Drought|[of] p1a: Torkoal
|turn|1
|inactive|AnimeJ10 has 30 seconds left.
|
|t:|1756172078
|-terastallize|p2b: Rampardos|Dragon
|move|p1b: Charizard|Solar Beam||[still]
|-prepare|p1b: Charizard|Solar Beam
|-anim|p1b: Charizard|Solar Beam|p2b: Rampardos
|-resisted|p2b: Rampardos
|-damage|p2b: Rampardos|59/100
|move|p2b: Rampardos|Rock Slide|p1a: Torkoal|[spread] p1a,p1b
|-supereffective|p1a: Torkoal
|-supereffective|p1b: Charizard
|-damage|p1a: Torkoal|4/100
|-damage|p1b: Charizard|0 fnt
|faint|p1b: Charizard
|move|p1a: Torkoal|Scorching Sands|p2b: Rampardos
|-damage|p2b: Rampardos|14/100
|move|p2a: Indeedee|Trick Room|p2a: Indeedee
|-fieldstart|move: Trick Room|[of] p2a: Indeedee
|
|-weather|SunnyDay|[upkeep]
|upkeep
|-message|AnimeJ10 forfeited.
|raw|AnimeJ10's rating: 1033 → 1019(-14 for losing)
|raw|BlackStag52's rating: 1057 → 1086(+29 for winning)
|
|win|BlackStag52
