|j|☆boober_magmar
|j|☆IneverfinishedOR
|html|boober_magmarIneverfinishedOR    
|uhtml|bestof|Game 1 of a best-of-3
|t:|1757665936
|gametype|doubles
|player|p1|boober_magmar|gambler|1260
|player|p2|IneverfinishedOR|170|1229
|gen|9
|tier|[Gen 9] VGC 2025 Reg H (Bo3)
|rated|
|rule|Species Clause: Limit one of each Pokémon
|rule|Item Clause: Limit 1 of each item
|clearpoke
|poke|p1|Dragonite, L50, M|
|poke|p1|Annihilape, L50, M|
|poke|p1|Porygon2, L50|
|poke|p1|Ursaluna-Bloodmoon, L50, M|
|poke|p1|Incineroar, L50, F|
|poke|p1|Amoonguss, L50, F|
|poke|p2|Indeedee-F, L50, F|
|poke|p2|Delphox, L50, M|
|poke|p2|Sneasler, L50, F|
|poke|p2|Incineroar, L50, M|
|poke|p2|Murkrow, L50, M|
|poke|p2|Excadrill, L50, F|
|teampreview|4
|showteam|p1|Dragonite||AssaultVest|InnerFocus|TeraBlast,StompingTantrum,IceSpinner,ExtremeSpeed|||M|||50|,,,,,Flying]Annihilape||FocusSash|Defiant|CloseCombat,ShadowClaw,Coaching,Protect|||M|||50|,,,,,Stellar]Porygon2||Eviolite|Download|TeraBlast,IceBeam,TrickRoom,Protect||||||50|,,,,,Ground]Ursaluna-Bloodmoon||LifeOrb|MindsEye|HyperVoice,EarthPower,BloodMoon,Protect|||M|||50|,,,,,Normal]Incineroar||SafetyGoggles|Intimidate|FakeOut,FlareBlitz,KnockOff,PartingShot|||F|||50|,,,,,Ghost]Amoonguss||MentalHerb|Regenerator|PollenPuff,Spore,RagePowder,Protect|||F|||50|,,,,,Water
|showteam|p2|Indeedee-F||RockyHelmet|PsychicSurge|FollowMe,HelpingHand,Imprison,TrickRoom|||F|||50|,,,,,Fairy]Delphox||LifeOrb|Blaze|Protect,NastyPlot,HeatWave,ExpandingForce|||M|||50|,,,,,Psychic]Sneasler||PsychicSeed|Unburden|Protect,CloseCombat,DireClaw,ThroatChop|||F|||50|,,,,,Dark]Incineroar||SafetyGoggles|Intimidate|FakeOut,WillOWisp,KnockOff,PartingShot|||M|||50|,,,,,Ghost]Murkrow||Eviolite|Prankster|FoulPlay,SunnyDay,Haze,Tailwind|||M|||50|,,,,,Ghost]Excadrill||ClearAmulet|MoldBreaker|Protect,HighHorsepower,IronHead,TeraBlast|||F|||50|,,,,,Stellar
|inactive|Battle timer is ON: inactive players will automatically lose when time's up. (requested by boober_magmar)
|
|t:|1757665983
|teamsize|p1|4
|teamsize|p2|4
|start
|switch|p1a: Dragonite|Dragonite, L50, M|100/100
|switch|p1b: Incineroar|Incineroar, L50, F|100/100
|switch|p2a: Indeedee|Indeedee-F, L50, F|100/100
|switch|p2b: Delphox|Delphox, L50, M|100/100
|-ability|p1b: Incineroar|Intimidate|boost
|-unboost|p2a: Indeedee|atk|1
|-unboost|p2b: Delphox|atk|1
|-fieldstart|move: Psychic Terrain|[from] ability: Psychic Surge|[of] p2a: Indeedee
|turn|1
|inactive|boober_magmar has 30 seconds left.
|inactive|IneverfinishedOR has 30 seconds left.
|
|t:|1757666017
|-terastallize|p2a: Indeedee|Fairy
|move|p2a: Indeedee|Follow Me|p2a: Indeedee
|-singleturn|p2a: Indeedee|move: Follow Me
|move|p2b: Delphox|Nasty Plot|p2b: Delphox
|-boost|p2b: Delphox|spa|2
|move|p1a: Dragonite|Ice Spinner|p2a: Indeedee
|-damage|p2a: Indeedee|73/100
|-damage|p1a: Dragonite|84/100|[from] item: Rocky Helmet|[of] p2a: Indeedee
|-fieldend|move: Psychic Terrain
|move|p1b: Incineroar|Knock Off|p2a: Indeedee
|-resisted|p2a: Indeedee
|-damage|p2a: Indeedee|55/100
|-damage|p1b: Incineroar|84/100|[from] item: Rocky Helmet|[of] p2a: Indeedee
|-enditem|p2a: Indeedee|Rocky Helmet|[from] move: Knock Off|[of] p1b: Incineroar
|
|upkeep
|turn|2
|inactive|boober_magmar has 30 seconds left.
|inactive|boober_magmar has 20 seconds left.
|
|t:|1757666056
|move|p2a: Indeedee|Follow Me|p2a: Indeedee
|-singleturn|p2a: Indeedee|move: Follow Me
|move|p2b: Delphox|Expanding Force|p1a: Dragonite
|-damage|p1a: Dragonite|19/100
|-damage|p2b: Delphox|90/100|[from] item: Life Orb
|move|p1a: Dragonite|Stomping Tantrum|p2a: Indeedee
|-damage|p2a: Indeedee|25/100
|move|p1b: Incineroar|Flare Blitz|p2a: Indeedee
|-damage|p2a: Indeedee|0 fnt
|faint|p2a: Indeedee
|-damage|p1b: Incineroar|76/100|[from] Recoil
|
|upkeep
|
|t:|1757666065
|switch|p2a: Sneasler|Sneasler, L50, F|100/100
|turn|3
|
|t:|1757666083
|-terastallize|p1b: Incineroar|Ghost
|move|p2b: Delphox|Protect|p2b: Delphox
|-singleturn|p2b: Delphox|Protect
|move|p1a: Dragonite|Extreme Speed|p2b: Delphox
|-activate|p2b: Delphox|move: Protect
|move|p2a: Sneasler|Dire Claw|p1a: Dragonite
|-damage|p1a: Dragonite|0 fnt
|faint|p1a: Dragonite
|move|p1b: Incineroar|Knock Off|p2b: Delphox
|-activate|p2b: Delphox|move: Protect
|
|upkeep
|
|t:|1757666095
|switch|p1a: Annihilape|Annihilape, L50, M|100/100
|turn|4
|
|t:|1757666107
|move|p2a: Sneasler|Throat Chop|p1a: Annihilape
|-damage|p1a: Annihilape|67/100
|-start|p1a: Annihilape|Throat Chop|[silent]
|move|p2b: Delphox|Heat Wave|p1b: Incineroar|[spread] p1a,p1b
|-damage|p1a: Annihilape|0 fnt
|-damage|p1b: Incineroar|13/100
|-status|p1b: Incineroar|brn
|faint|p1a: Annihilape
|-damage|p2b: Delphox|80/100|[from] item: Life Orb
|move|p1b: Incineroar|Knock Off|p2b: Delphox
|-supereffective|p2b: Delphox
|-damage|p2b: Delphox|16/100
|-enditem|p2b: Delphox|Life Orb|[from] move: Knock Off|[of] p1b: Incineroar
|
|-damage|p1b: Incineroar|7/100 brn|[from] brn
|upkeep
|-message|boober_magmar forfeited.
|
|win|IneverfinishedOR
||boober_magmar is ready for game 2.
||IneverfinishedOR is ready for game 2.
|uhtml|next|Next: Game 2 of 3
|l|☆boober_magmar
|player|p1|
|l|☆IneverfinishedOR
|player|p2|
