|j|☆DubiousVGC
|j|☆jmodri
|html|DubiousVGCjmodri    
|uhtml|bestof|Game 2 of a best-of-3
|t:|1783158313
|gametype|doubles
|player|p1|DubiousVGC|#umclisprigatitos|
|player|p2|jmodri|#jmodri|
|gen|9
|tier|[Gen 9 Champions] VGC 2026 Reg M-B (Bo3)
|rule|Species Clause: Limit one of each Pokémon
|rule|Item Clause: Limit 1 of each item
|clearpoke
|poke|p1|Gholdengo, L50|
|poke|p1|Incineroar, L50, F|
|poke|p1|Charizard, L50, F|
|poke|p1|Garchomp, L50, F|
|poke|p1|Basculegion, L50, M|
|poke|p1|Whimsicott, L50, M|
|poke|p2|Aerodactyl, L50, F|
|poke|p2|Garchomp, L50, F|
|poke|p2|Kingambit, L50, M|
|poke|p2|Charizard, L50, M|
|poke|p2|Sylveon, L50, M|
|poke|p2|Farigiraf, L50, M|
|teampreview|4
|showteam|p1|Gholdengo||SpellTag|GoodasGold|MakeItRain,ShadowBall,NastyPlot,Protect|Modest|||||50|]Incineroar||SitrusBerry|Intimidate|FlareBlitz,ThroatChop,PartingShot,FakeOut|Impish||F|||50|]Charizard||CharizarditeY|Blaze|HeatWave,WeatherBall,SolarBeam,Protect|Modest||F|||50|]Garchomp||LifeOrb|RoughSkin|Earthquake,DragonClaw,RockSlide,Protect|Jolly||F|||50|]Basculegion||ChoiceScarf|Adaptability|WaveCrash,LastRespects,AquaJet,FlipTurn|Jolly||M|||50|]Whimsicott||FocusSash|Prankster|Moonblast,Encore,Tailwind,Protect|Timid||M|||50|
|showteam|p2|Aerodactyl||Aerodactylite|Unnerve|RockSlide,DualWingbeat,IceFang,Tailwind|Jolly||F|||50|]Garchomp||LifeOrb|RoughSkin|Protect,DragonClaw,Earthquake,StompingTantrum|Jolly||F|||50|]Kingambit||FocusSash|Defiant|KowtowCleave,IronHead,SuckerPunch,LowKick|Adamant||M|||50|]Charizard||CharizarditeY|Blaze|Protect,HeatWave,SolarBeam,WeatherBall|Modest||M|||50|]Sylveon||FairyFeather|Pixilate|Protect,HyperVoice,HyperBeam,QuickAttack|Modest||M|||50|]Farigiraf||SitrusBerry|ArmorTail|TrickRoom,Roar,TwinBeam,Thunderbolt|Bold||M|||50|
|j| xmarsh
|j| arekusabi
|j| Tang Strawberry
|l| arekusabi
|j| zgrzgr
|j| Finabas
|j| val16
|j| arekusabi
|l| arekusabi
|j| PqlarBear
|j| arekusabi
|l| arekusabi
|j| arekusabi
|
|t:|1783158461
|teamsize|p1|4
|teamsize|p2|4
|start
|switch|p1a: Charizard|Charizard, L50, F|100/100
|switch|p1b: Basculegion|Basculegion, L50, M|100/100
|switch|p2a: Aerodactyl|Aerodactyl, L50, F|100/100
|switch|p2b: Kingambit|Kingambit, L50, M|100/100
|-ability|p2a: Aerodactyl|Unnerve
|turn|1
|l| arekusabi
|j| arekusabi
|l| arekusabi
|j| Il bue e la rana
|j| Will of urshifu
|j| arekusabi
|l| Il bue e la rana
|j| fuslie fanboy
|j| A Regu1ar Guy
|l| PqlarBear
|l| arekusabi
|j| arekusabi
|l| A Regu1ar Guy
|
|t:|1783158604
|switch|p1a: Gholdengo|Gholdengo, L50|100/100
|detailschange|p2a: Aerodactyl|Aerodactyl-Mega, L50, F
|-mega|p2a: Aerodactyl|Aerodactyl|Aerodactylite
|move|p2b: Kingambit|Sucker Punch|p1b: Basculegion
|-supereffective|p1b: Basculegion|1
|-damage|p1b: Basculegion|0 fnt
|faint|p1b: Basculegion
|move|p2a: Aerodactyl|Rock Slide|p1a: Gholdengo
|-resisted|p1a: Gholdengo|1
|-damage|p1a: Gholdengo|81/100
|
|upkeep
|l| arekusabi
|
|t:|1783158647
|switch|p1b: Whimsicott|Whimsicott, L50, M|100/100
|turn|2
|j| arekusabi
|
|t:|1783158658
|move|p1b: Whimsicott|Encore|p2a: Aerodactyl
|-start|p2a: Aerodactyl|Encore
|move|p2b: Kingambit|Sucker Punch||[still]
|-fail|p2b: Kingambit
|move|p2a: Aerodactyl|Rock Slide|p1a: Gholdengo|[spread] p1a,p1b
|-resisted|p1a: Gholdengo|1
|-damage|p1a: Gholdengo|65/100
|-damage|p1b: Whimsicott|57/100
|move|p1a: Gholdengo|Nasty Plot|p1a: Gholdengo
|-boost|p1a: Gholdengo|spa|2
|
|upkeep
|turn|3
|
|t:|1783158718
|move|p2b: Kingambit|Sucker Punch|p1b: Whimsicott
|-resisted|p1b: Whimsicott|1
|-damage|p1b: Whimsicott|27/100
|move|p2a: Aerodactyl|Rock Slide|p1a: Gholdengo|[spread] p1a,p1b
|-resisted|p1a: Gholdengo|1
|-damage|p1a: Gholdengo|51/100
|-damage|p1b: Whimsicott|0 fnt
|faint|p1b: Whimsicott
|cant|p1a: Gholdengo|flinch
|
|upkeep
|-message|DubiousVGC forfeited.
|
|win|jmodri
||DubiousVGC is ready for game 3.
||jmodri is ready for game 3.
|uhtml|next|Next: Game 3 of 3
|j| A Regu1ar Guy
|l| arekusabi
|j| Wise'adel
|l| A Regu1ar Guy
|l| zgrzgr
|l| Finabas
|j| zgrzgr
|l| zgrzgr
|l|☆DubiousVGC
|player|p1|
|l| Wise'adel
|l| val16
|l| fuslie fanboy
|l| xmarsh
