|j|☆ThisIsAnOutsider
|j|☆Doomnik
|html|ThisIsAnOutsiderDoomnik    
|uhtml|bestof|Game 2 of a best-of-3
|t:|1756310981
|gametype|doubles
|player|p1|ThisIsAnOutsider|101|1100
|player|p2|Doomnik|hiker-gen4|1046
|gen|9
|tier|[Gen 9] VGC 2025 Reg H (Bo3)
|rated|
|rule|Species Clause: Limit one of each Pokémon
|rule|Item Clause: Limit 1 of each item
|clearpoke
|poke|p1|Ninetales-Alola, L50, F|
|poke|p1|Rotom-Frost, L50|
|poke|p1|Rillaboom, L50, M|
|poke|p1|Tauros-Paldea-Aqua, L50, M|
|poke|p1|Vivillon-Tundra, L50, F|
|poke|p1|Annihilape, L50, M|
|poke|p2|Ninetales-Alola, L50, F|
|poke|p2|Ursaluna-Bloodmoon, L50, M|
|poke|p2|Maushold-Four, L50|
|poke|p2|Annihilape, L50, F|
|poke|p2|Klefki, L50, M|
|poke|p2|Sinistcha-Masterpiece, L50|
|teampreview|4
|showteam|p1|Ninetales-Alola||LightClay|SnowWarning|Blizzard,Moonblast,AuroraVeil,Protect|||F|||50|,,,,,Water]Rotom-Frost||LifeOrb|Levitate|Blizzard,Thunderbolt,Electroweb,Protect||||||50|,,,,,Electric]Rillaboom||AssaultVest|GrassySurge|WoodHammer,GrassyGlide,HighHorsepower,FakeOut|||M|||50|,,,,,Fire]Tauros-Paldea-Aqua||MirrorHerb|Intimidate|WaveCrash,AquaJet,CloseCombat,Protect|||M|||50|,,,,,Grass]Vivillon-Tundra||FocusSash|CompoundEyes|Hurricane,SleepPowder,Tailwind,Protect|||F|||50|,,,,,Ghost]Annihilape||SafetyGoggles|Defiant|RageFist,DrainPunch,BulkUp,Protect|||M|||50|,,,,,Fire
|showteam|p2|Ninetales-Alola||FocusSash|SnowWarning|Blizzard,FreezeDry,Encore,Protect|||F|||50|,,,,,Ghost]Ursaluna-Bloodmoon||AssaultVest|MindsEye|BloodMoon,EarthPower,HyperVoice,VacuumWave|||M|||50|,,,,,Water]Maushold-Four||SafetyGoggles|FriendGuard|BeatUp,Taunt,FollowMe,Protect||||||50|,,,,,Ghost]Annihilape||Leftovers|Defiant|DrainPunch,RageFist,BulkUp,Protect|||F|||50|,,,,,Fire]Klefki||LightClay|Prankster|DazzlingGleam,Reflect,LightScreen,MistyTerrain|||M|||50|,,,,,Ghost]Sinistcha-Masterpiece||SitrusBerry|Hospitality|MatchaGotcha,RagePowder,LifeDew,TrickRoom||||||50|,,,,,Water
|inactive|Battle timer is ON: inactive players will automatically lose when time's up. (requested by ThisIsAnOutsider)
|
|t:|1756310999
|teamsize|p1|4
|teamsize|p2|4
|start
|switch|p1a: Ninetales|Ninetales-Alola, L50, F, shiny|100/100
|switch|p1b: Tauros|Tauros-Paldea-Aqua, L50, M, shiny|100/100
|switch|p2a: Maushold|Maushold-Four, L50|100/100
|switch|p2b: Annihilape|Annihilape, L50, F|100/100
|-weather|Snowscape|[from] ability: Snow Warning|[of] p1a: Ninetales
|-ability|p1b: Tauros|Intimidate|boost
|-unboost|p2a: Maushold|atk|1
|-unboost|p2b: Annihilape|atk|1
|-ability|p2b: Annihilape|Defiant|boost
|-boost|p2b: Annihilape|atk|2
|-enditem|p1b: Tauros|Mirror Herb
|-boost|p1b: Tauros|atk|2|[from] item: Mirror Herb
|turn|1
|inactive|Doomnik has 30 seconds left.
|inactive|Doomnik has 20 seconds left.
|inactive|Doomnik has 15 seconds left.
|inactive|Doomnik has 10 seconds left.
|inactive|Doomnik has 5 seconds left.
|
|t:|1756311051
|-terastallize|p2b: Annihilape|Fire
|move|p2a: Maushold|Protect|p2a: Maushold
|-singleturn|p2a: Maushold|Protect
|move|p1a: Ninetales|Aurora Veil|p1a: Ninetales
|-sidestart|p1: ThisIsAnOutsider|move: Aurora Veil
|move|p1b: Tauros|Wave Crash|p2b: Annihilape
|-supereffective|p2b: Annihilape
|-crit|p2b: Annihilape
|-damage|p2b: Annihilape|0 fnt
|faint|p2b: Annihilape
|-damage|p1b: Tauros|57/100|[from] Recoil
|
|-weather|Snowscape|[upkeep]
|upkeep
|
|t:|1756311066
|switch|p2b: Sinistcha|Sinistcha-Masterpiece, L50|100/100
|turn|2
|
|t:|1756311076
|switch|p2a: Klefki|Klefki, L50, M|100/100
|-terastallize|p1b: Tauros|Grass
|move|p1a: Ninetales|Blizzard|p2a: Klefki|[spread] p2a,p2b
|-resisted|p2a: Klefki
|-supereffective|p2b: Sinistcha
|-damage|p2a: Klefki|85/100
|-damage|p2b: Sinistcha|49/100
|-enditem|p2b: Sinistcha|Sitrus Berry|[eat]
|-heal|p2b: Sinistcha|74/100|[from] item: Sitrus Berry
|move|p1b: Tauros|Close Combat|p2a: Klefki
|-damage|p2a: Klefki|0 fnt
|-unboost|p1b: Tauros|def|1
|-unboost|p1b: Tauros|spd|1
|faint|p2a: Klefki
|move|p2b: Sinistcha|Matcha Gotcha|p1b: Tauros|[spread] p1a,p1b
|-resisted|p1b: Tauros
|-damage|p1a: Ninetales|82/100
|-heal|p2b: Sinistcha|82/100|[from] drain|[of] p1a: Ninetales
|-damage|p1b: Tauros|39/100
|-heal|p2b: Sinistcha|90/100|[from] drain|[of] p1b: Tauros
|
|-weather|Snowscape|[upkeep]
|upkeep
|
|t:|1756311081
|switch|p2a: Maushold|Maushold-Four, L50|100/100
|turn|3
|-message|Doomnik forfeited.
|
|win|ThisIsAnOutsider
||ThisIsAnOutsider is ready for game 3.
||Doomnik is ready for game 3.
|uhtml|next|Next: Game 3 of 3
|l|☆ThisIsAnOutsider
|player|p1|
