|j|☆CianMck18
|j|☆Jessditta
|html|CianMck18Jessditta    
|uhtml|bestof|Game 1 of a best-of-3
|t:|1757761881
|gametype|doubles
|player|p1|CianMck18|170|1144
|player|p2|Jessditta|hilda|1231
|gen|9
|tier|[Gen 9] VGC 2025 Reg H (Bo3)
|rated|
|rule|Species Clause: Limit one of each Pokémon
|rule|Item Clause: Limit 1 of each item
|clearpoke
|poke|p1|Incineroar, L50, M|
|poke|p1|Porygon2, L50|
|poke|p1|Amoonguss, L50, F|
|poke|p1|Ursaluna, L50, M|
|poke|p1|Gholdengo, L50|
|poke|p1|Flamigo, L50, M|
|poke|p2|Volcarona, L50, M|
|poke|p2|Gyarados, L50, M|
|poke|p2|Tyranitar, L50, M|
|poke|p2|Annihilape, L50, F|
|poke|p2|Rillaboom, L50, F|
|poke|p2|Whimsicott, L50, M|
|teampreview|4
|showteam|p1|Incineroar||SafetyGoggles|Intimidate|KnockOff,FlareBlitz,PartingShot,FakeOut|||M|||50|,,,,,Grass]Porygon2||Eviolite|Download|TeraBlast,IceBeam,Recover,TrickRoom||||||50|,,,,,Fighting]Amoonguss||MentalHerb|Regenerator|Spore,RagePowder,PollenPuff,SludgeBomb|||F|||50|,,,,,Water]Ursaluna||FlameOrb|Guts|Facade,HeadlongRush,Earthquake,Protect|||M|||50|,,,,,Normal]Gholdengo||LifeOrb|GoodasGold|MakeItRain,ShadowBall,NastyPlot,Protect||||||50|,,,,,Dragon]Flamigo||FocusSash|Scrappy|CloseCombat,BraveBird,WideGuard,Protect|||M|||50|,,,,,Ghost
|showteam|p2|Volcarona||SitrusBerry|FlameBody|HeatWave,GigaDrain,QuiverDance,Protect|||M|||50|,,,,,Grass]Gyarados||GrassySeed|Intimidate|Waterfall,ThunderWave,Taunt,Protect|||M|||50|,,,,,Steel]Tyranitar||ChoiceBand|SandStream|RockSlide,KnockOff,LowKick,TeraBlast|||M|||50|,,,,,Flying]Annihilape||Leftovers|Defiant|DrainPunch,RageFist,BulkUp,Protect|||F|||50|,,,,,Fairy]Rillaboom||AssaultVest|GrassySurge|FakeOut,WoodHammer,GrassyGlide,HighHorsepower|||F|||50|,,,,,Grass]Whimsicott||CovertCloak|Prankster|Moonblast,Tailwind,Encore,Endeavor|||M|||50|,,,,,Ghost
|
|t:|1757761912
|teamsize|p1|4
|teamsize|p2|4
|start
|switch|p1a: Flamigo|Flamigo, L50, M, shiny|100/100
|switch|p1b: Porygon2|Porygon2, L50, shiny|100/100
|switch|p2a: Annihilape|Annihilape, L50, F, shiny|100/100
|switch|p2b: Gyarados|Gyarados, L50, M|100/100
|-ability|p2b: Gyarados|Intimidate|boost
|-fail|p1a: Flamigo|unboost|Attack|[from] ability: Scrappy|[of] p1a: Flamigo
|-unboost|p1b: Porygon2|atk|1
|-ability|p1b: Porygon2|Download|boost
|-boost|p1b: Porygon2|atk|1
|turn|1
|
|t:|1757761934
|-terastallize|p2a: Annihilape|Fairy
|move|p1a: Flamigo|Brave Bird|p2b: Gyarados
|-damage|p2b: Gyarados|43/100
|-damage|p1a: Flamigo|76/100|[from] Recoil
|move|p2b: Gyarados|Taunt|p1b: Porygon2
|-start|p1b: Porygon2|move: Taunt
|move|p2a: Annihilape|Bulk Up|p2a: Annihilape
|-boost|p2a: Annihilape|atk|1
|-boost|p2a: Annihilape|def|1
|move|p1b: Porygon2|Tera Blast|p2b: Gyarados
|-damage|p2b: Gyarados|16/100
|
|upkeep
|turn|2
|inactive|Battle timer is ON: inactive players will automatically lose when time's up. (requested by CianMck18)
|
|t:|1757761965
|move|p2b: Gyarados|Protect|p2b: Gyarados
|-singleturn|p2b: Gyarados|Protect
|move|p1a: Flamigo|Brave Bird|p2b: Gyarados
|-activate|p2b: Gyarados|move: Protect
|move|p2a: Annihilape|Bulk Up|p2a: Annihilape
|-boost|p2a: Annihilape|atk|1
|-boost|p2a: Annihilape|def|1
|move|p1b: Porygon2|Tera Blast|p2a: Annihilape
|-damage|p2a: Annihilape|71/100
|
|-heal|p2a: Annihilape|77/100|[from] item: Leftovers
|upkeep
|turn|3
|-message|CianMck18 forfeited.
|
|win|Jessditta
|l|☆CianMck18
|player|p1|
||CianMck18 is ready for game 2.
||Jessditta is ready for game 2.
|uhtml|next|Next: Game 2 of 3
|l|☆Jessditta
|player|p2|
