|j|☆NuovoSangue
|j|☆robby w
|html|NuovoSanguerobby w    
|uhtml|bestof|Game 2 of a best-of-3
|t:|1756649777
|gametype|doubles
|player|p1|NuovoSangue|2|1220
|player|p2|robby w|pokefan-gen4|1287
|gen|9
|tier|[Gen 9] VGC 2025 Reg H (Bo3)
|rated|
|rule|Species Clause: Limit one of each Pokémon
|rule|Item Clause: Limit 1 of each item
|clearpoke
|poke|p1|Amoonguss, L50, F|
|poke|p1|Incineroar, L50, M|
|poke|p1|Porygon2, L50|
|poke|p1|Ursaluna, L50, M|
|poke|p1|Gholdengo, L50|
|poke|p1|Annihilape, L50, F|
|poke|p2|Dondozo, L50, M|
|poke|p2|Tatsugiri, L50, M|
|poke|p2|Sneasler, L50, M|
|poke|p2|Indeedee, L50, M|
|poke|p2|Whimsicott, L50, F|
|poke|p2|Hydreigon, L50, M|
|teampreview|4
|showteam|p1|Amoonguss||RockyHelmet|Regenerator|Spore,PollenPuff,RagePowder,SludgeBomb|||F|||50|,,,,,Water]Incineroar||SafetyGoggles|Intimidate|PartingShot,FakeOut,FlareBlitz,KnockOff|||M|||50|,,,,,Ghost]Porygon2||Eviolite|Download|TeraBlast,IceBeam,TrickRoom,Recover||||||50|,,,,,Fighting]Ursaluna||FlameOrb|Guts|Earthquake,Facade,HeadlongRush,Protect|||M|||50|,,,,,Water]Gholdengo||Leftovers|GoodasGold|NastyPlot,MakeItRain,ShadowBall,Protect||||||50|,,,,,Water]Annihilape||ChoiceScarf|Defiant|CloseCombat,Uturn,FinalGambit,ShadowClaw|||F|||50|,,,,,Grass
|showteam|p2|Dondozo||Leftovers|Unaware|Protect,WaveCrash,Earthquake,OrderUp|||M|||50|,,,,,Grass]Tatsugiri||ChoiceScarf|Commander|DragonPulse,IcyWind,DracoMeteor,MuddyWater|||M|||50|,,,,,Stellar]Sneasler||PsychicSeed|Unburden|DireClaw,CloseCombat,Protect,ThroatChop|||M|||50|,,,,,Dark]Indeedee||FocusSash|PsychicSurge|DazzlingGleam,HelpingHand,ExpandingForce,Protect|||M|||50|,,,,,Fairy]Whimsicott||CovertCloak|Prankster|Tailwind,Moonblast,Encore,SunnyDay|||F|||50|,,,,,Dark]Hydreigon||ChoiceSpecs|Levitate|HeatWave,Snarl,DarkPulse,DracoMeteor|||M|||50|,,,,,Steel
|inactive|Battle timer is ON: inactive players will automatically lose when time's up. (requested by NuovoSangue)
|
|t:|1756649793
|teamsize|p1|4
|teamsize|p2|4
|start
|switch|p1a: Annihilape|Annihilape, L50, F|100/100
|switch|p1b: Porygon2|Porygon2, L50|100/100
|switch|p2a: Sneasler|Sneasler, L50, M|100/100
|switch|p2b: Indeedee|Indeedee, L50, M|100/100
|-fieldstart|move: Psychic Terrain|[from] ability: Psychic Surge|[of] p2b: Indeedee
|-enditem|p2a: Sneasler|Psychic Seed
|-boost|p2a: Sneasler|spd|1|[from] item: Psychic Seed
|-ability|p1b: Porygon2|Download|boost
|-boost|p1b: Porygon2|atk|1
|turn|1
|inactive|robby w has 30 seconds left.
|inactive|robby w has 20 seconds left.
|
|t:|1756649832
|move|p2a: Sneasler|Close Combat|p1b: Porygon2
|-supereffective|p1b: Porygon2
|-damage|p1b: Porygon2|3/100
|-unboost|p2a: Sneasler|def|1
|-unboost|p2a: Sneasler|spd|1
|move|p1a: Annihilape|U-turn|p2b: Indeedee
|-supereffective|p2b: Indeedee
|-damage|p2b: Indeedee|19/100
|
|t:|1756649840
|switch|p1a: Amoonguss|Amoonguss, L50, F|100/100|[from] U-turn
|move|p2b: Indeedee|Expanding Force|p1a: Amoonguss|[spread] p1a,p1b
|-supereffective|p1a: Amoonguss
|-damage|p1a: Amoonguss|29/100
|-damage|p1b: Porygon2|0 fnt
|faint|p1b: Porygon2
|
|upkeep
|
|t:|1756649843
|switch|p1b: Ursaluna|Ursaluna, L50, M|100/100
|turn|2
|j| Hackervgc
|
|t:|1756649864
|-terastallize|p1b: Ursaluna|Water
|move|p2a: Sneasler|Protect|p2a: Sneasler
|-singleturn|p2a: Sneasler|Protect
|move|p1a: Amoonguss|Rage Powder|p1a: Amoonguss
|-singleturn|p1a: Amoonguss|move: Rage Powder
|move|p2b: Indeedee|Expanding Force|p1b: Ursaluna|[spread] p1a,p1b
|-supereffective|p1a: Amoonguss
|-damage|p1a: Amoonguss|0 fnt
|-damage|p1b: Ursaluna|49/100
|faint|p1a: Amoonguss
|move|p1b: Ursaluna|Earthquake|p2a: Sneasler|[spread] p2b
|-activate|p2a: Sneasler|move: Protect
|-damage|p2b: Indeedee|0 fnt
|faint|p2b: Indeedee
|
|-status|p1b: Ursaluna|brn|[from] item: Flame Orb
|upkeep
|-message|NuovoSangue forfeited.
|
|win|robby w
|l|☆NuovoSangue
|player|p1|
||NuovoSangue is ready for game 3.
||robby w is ready for game 3.
|uhtml|next|Next: Game 3 of 3
|l| Hackervgc
