|j|☆Schroombert
|j|☆ScarletHunter22
|html|SchroombertScarletHunter22    
|uhtml|bestof|Game 2 of a best-of-3
|t:|1756492336
|gametype|doubles
|player|p1|Schroombert|rancher|1333
|player|p2|ScarletHunter22|102|1267
|gen|9
|tier|[Gen 9] VGC 2025 Reg H (Bo3)
|rated|
|rule|Species Clause: Limit one of each Pokémon
|rule|Item Clause: Limit 1 of each item
|clearpoke
|poke|p1|Whimsicott, L50, F|
|poke|p1|Garchomp, L50, M|
|poke|p1|Gholdengo, L50|
|poke|p1|Incineroar, L50, F|
|poke|p1|Annihilape, L50, F|
|poke|p1|Dragonite, L50, M|
|poke|p2|Annihilape, L50, F|
|poke|p2|Maushold-Four, L50|
|poke|p2|Basculegion, L50, M|
|poke|p2|Archaludon, L50, F|
|poke|p2|Pelipper, L50, M|
|poke|p2|Grimmsnarl, L50, M|
|teampreview|4
|showteam|p1|Whimsicott||FocusSash|Prankster|Moonblast,Tailwind,Encore,Protect|||F|||50|,,,,,Ghost]Garchomp||LifeOrb|RoughSkin|Earthquake,DragonClaw,StompingTantrum,Protect|||M|||50|,,,,,Steel]Gholdengo||ChoiceSpecs|GoodasGold|MakeItRain,ShadowBall,Trick,Protect||||||50|,,,,,Steel]Incineroar||AssaultVest|Intimidate|FakeOut,FlareBlitz,KnockOff,Uturn|||F|||50|,,,,,Grass]Annihilape||PowerHerb|Defiant|CloseCombat,PhantomForce,Coaching,Protect|||F|||50|,,,,,Stellar]Dragonite||LoadedDice|InnerFocus|ScaleShot,Tailwind,Haze,Protect|||M|||50|,,,,,Fairy
|showteam|p2|Annihilape||SitrusBerry|Defiant|Protect,RageFist,DrainPunch,BulkUp|||F|||50|,,,,,Water]Maushold-Four||WideLens|Technician|Protect,BeatUp,PopulationBomb,FollowMe||||||50|,,,,,Ghost]Basculegion||ChoiceBand|SwiftSwim|WaveCrash,LastRespects,FlipTurn,AquaJet|||M|||50|,,,,,Water]Archaludon||AssaultVest|Stamina|ElectroShot,BodyPress,FlashCannon,DracoMeteor|||F|||50|,,,,,Bug]Pelipper||FocusSash|Drizzle|Protect,Hurricane,WeatherBall,Tailwind|||M|||50|,,,,,Ghost]Grimmsnarl||LightClay|Prankster|SpiritBreak,LightScreen,Reflect,MistyTerrain|||M|||50|,,,,,Ghost
|inactive|Battle timer is ON: inactive players will automatically lose when time's up. (requested by Schroombert)
|inactive|ScarletHunter22 has 60 seconds left.
|
|t:|1756492374
|teamsize|p1|4
|teamsize|p2|4
|start
|switch|p1a: Whimsicott|Whimsicott, L50, F, shiny|100/100
|switch|p1b: Gholdengo|Gholdengo, L50|100/100
|switch|p2a: Pelipper|Pelipper, L50, M|100/100
|switch|p2b: Basculegion|Basculegion, L50, M|100/100
|-weather|RainDance|[from] ability: Drizzle|[of] p2a: Pelipper
|turn|1
|inactive|ScarletHunter22 has 30 seconds left.
|inactive|ScarletHunter22 has 20 seconds left.
|inactive|ScarletHunter22 has 15 seconds left.
|inactive|ScarletHunter22 has 10 seconds left.
|inactive|ScarletHunter22 has 5 seconds left.
|
|t:|1756492428
|-terastallize|p2b: Basculegion|Water
|move|p1a: Whimsicott|Tailwind|p1a: Whimsicott
|-sidestart|p1: Schroombert|move: Tailwind
|move|p1b: Gholdengo|Shadow Ball|p2b: Basculegion
|-damage|p2b: Basculegion|30/100
|-unboost|p2b: Basculegion|spd|1
|move|p2b: Basculegion|Flip Turn|p1a: Whimsicott
|-resisted|p1a: Whimsicott
|-damage|p1a: Whimsicott|34/100
|
|t:|1756492440
|switch|p2b: Archaludon|Archaludon, L50, F|100/100|[from] Flip Turn
|move|p2a: Pelipper|Hurricane|p1a: Whimsicott
|-supereffective|p1a: Whimsicott
|-damage|p1a: Whimsicott|0 fnt
|faint|p1a: Whimsicott
|
|-weather|RainDance|[upkeep]
|upkeep
|
|t:|1756492455
|switch|p1a: Garchomp|Garchomp, L50, M, shiny|100/100
|turn|2
|inactive|ScarletHunter22 has 30 seconds left.
|inactive|ScarletHunter22 has 20 seconds left.
|
|t:|1756492491
|move|p1a: Garchomp|Stomping Tantrum|p2b: Archaludon
|-supereffective|p2b: Archaludon
|-damage|p2b: Archaludon|38/100
|-ability|p2b: Archaludon|Stamina|boost
|-boost|p2b: Archaludon|def|1
|-damage|p1a: Garchomp|91/100|[from] item: Life Orb
|move|p1b: Gholdengo|Shadow Ball|p2b: Archaludon
|-damage|p2b: Archaludon|0 fnt
|faint|p2b: Archaludon
|move|p2a: Pelipper|Weather Ball|p1a: Garchomp
|-damage|p1a: Garchomp|20/100
|
|-weather|RainDance|[upkeep]
|upkeep
|
|t:|1756492506
|switch|p2b: Basculegion|Basculegion, L50, M, tera:Water|30/100
|turn|3
|
|t:|1756492526
|move|p1a: Garchomp|Protect|p1a: Garchomp
|-singleturn|p1a: Garchomp|Protect
|move|p2b: Basculegion|Aqua Jet|p1b: Gholdengo
|-damage|p1b: Gholdengo|38/100
|move|p1b: Gholdengo|Shadow Ball|p2b: Basculegion
|-damage|p2b: Basculegion|0 fnt
|faint|p2b: Basculegion
|move|p2a: Pelipper|Weather Ball|p1b: Gholdengo
|-damage|p1b: Gholdengo|0 fnt
|faint|p1b: Gholdengo
|
|-weather|RainDance|[upkeep]
|upkeep
|
|t:|1756492538
|switch|p1b: Dragonite|Dragonite, L50, M, shiny|100/100
|switch|p2b: Maushold|Maushold-Four, L50|100/100
|turn|4
|
|t:|1756492555
|move|p2b: Maushold|Protect|p2b: Maushold
|-singleturn|p2b: Maushold|Protect
|move|p1a: Garchomp|Dragon Claw|p2a: Pelipper
|-damage|p2a: Pelipper|24/100
|-damage|p1a: Garchomp|10/100|[from] item: Life Orb
|move|p1b: Dragonite|Scale Shot|p2a: Pelipper
|-damage|p2a: Pelipper|6/100
|-damage|p2a: Pelipper|0 fnt
|faint|p2a: Pelipper
|-hitcount|p2: Pelipper|2
|-unboost|p1b: Dragonite|def|1
|-boost|p1b: Dragonite|spe|1
|
|-weather|RainDance|[upkeep]
|-sideend|p1: Schroombert|move: Tailwind
|upkeep
|turn|5
|inactive|Schroombert has 30 seconds left.
|
|t:|1756492581
|move|p1b: Dragonite|Scale Shot|p2b: Maushold
|-damage|p2b: Maushold|76/100
|-damage|p2b: Maushold|54/100
|-damage|p2b: Maushold|30/100
|-damage|p2b: Maushold|8/100
|-damage|p2b: Maushold|0 fnt
|faint|p2b: Maushold
|-hitcount|p2: Maushold|5
|
|win|Schroombert
|raw|Schroombert's rating: 1333 → 1349(+16 for winning)
|raw|ScarletHunter22's rating: 1267 → 1247(-20 for losing)
|l|☆ScarletHunter22
|player|p2|
