|j|☆Nhatpia
|j|☆dangernoodlevgc
|html|Nhatpiadangernoodlevgc    
|uhtml|bestof|Game 3 of a best-of-3
|t:|1783483177
|gametype|doubles
|player|p1|Nhatpia|swimmerf|1276
|player|p2|dangernoodlevgc|yellow|1283
|gen|9
|tier|[Gen 9 Champions] VGC 2026 Reg M-B (Bo3)
|rated|
|rule|Species Clause: Limit one of each Pokémon
|rule|Item Clause: Limit 1 of each item
|clearpoke
|poke|p1|Charizard, L50, F, shiny|
|poke|p1|Aerodactyl, L50, F, shiny|
|poke|p1|Garchomp, L50, M, shiny|
|poke|p1|Sylveon, L50, M, shiny|
|poke|p1|Kingambit, L50, F|
|poke|p1|Farigiraf, L50, M, shiny|
|poke|p2|Gardevoir, L50, F, shiny|
|poke|p2|Maushold, L50, shiny|
|poke|p2|Kingambit, L50, M, shiny|
|poke|p2|Garchomp, L50, F, shiny|
|poke|p2|Talonflame, L50, M, shiny|
|poke|p2|Basculegion, L50, M|
|teampreview|4
|showteam|p1|Charizard||CharizarditeY|Blaze|Protect,HeatWave,WeatherBall,SolarBeam|Modest||F|||50|]Aerodactyl||Aerodactylite|RockHead|RockSlide,DualWingbeat,Tailwind,IceFang|Jolly||F|||50|]Garchomp||LifeOrb|RoughSkin|StompingTantrum,Protect,Earthquake,DragonClaw|Jolly||M|||50|]Sylveon||FairyFeather|Pixilate|HyperVoice,QuickAttack,HyperBeam,Detect|Modest||M|||50|]Kingambit||FocusSash|Defiant|SuckerPunch,KowtowCleave,LowKick,IronHead|Adamant||F|||50|]Farigiraf||SitrusBerry|ArmorTail|TwinBeam,TrickRoom,Thunderbolt,HelpingHand|Bold||M|||50|
|showteam|p2|Gardevoir||Gardevoirite|Trace|Protect,HyperVoice,Psyshock,VacuumWave|Modest||F|||50|]Maushold||FocusSash|FriendGuard|Protect,SuperFang,FollowMe,Taunt|Timid|||||50|]Kingambit||BlackGlasses|Defiant|Protect,KowtowCleave,SuckerPunch,IronHead|Adamant||M|||50|]Garchomp||LifeOrb|RoughSkin|Protect,DragonClaw,Earthquake,RockSlide|Jolly||F|||50|]Talonflame||SharpBeak|GaleWings|Protect,DualWingbeat,Tailwind,QuickGuard|Jolly||M|||50|]Basculegion||ChoiceScarf|Adaptability|WaveCrash,AquaJet,FlipTurn,LastRespects|Jolly||M|||50|
|inactive|Battle timer is ON: inactive players will automatically lose when time's up. (requested by dangernoodlevgc)
|inactive|Nhatpia has 60 seconds left.
|inactive|dangernoodlevgc has 60 seconds left.
|inactive|Nhatpia has 30 seconds left.
|inactive|Nhatpia has 20 seconds left.
|inactive|Nhatpia has 15 seconds left.
|inactive|Nhatpia has 10 seconds left.
|
|t:|1783483259
|teamsize|p1|4
|teamsize|p2|4
|start
|switch|p1a: Sylveon|Sylveon, L50, M, shiny|100/100
|switch|p1b: Aerodactyl|Aerodactyl, L50, F, shiny|100/100
|switch|p2a: Zion Craig|Kingambit, L50, M, shiny|100/100
|switch|p2b: Am I the Drama?|Gardevoir, L50, F, shiny|100/100
|-ability|p2b: Am I the Drama?|Rock Head|Trace|[from] ability: Trace|[of] p1b: Aerodactyl
|turn|1
|inactive|Nhatpia has 30 seconds left.
|
|t:|1783483291
|detailschange|p1b: Aerodactyl|Aerodactyl-Mega, L50, F, shiny
|-mega|p1b: Aerodactyl|Aerodactyl|Aerodactylite
|detailschange|p2b: Am I the Drama?|Gardevoir-Mega, L50, F, shiny
|-mega|p2b: Am I the Drama?|Gardevoir|Gardevoirite
|move|p1b: Aerodactyl|Rock Slide|p2b: Am I the Drama?|[spread] p2a,p2b
|-resisted|p2a: Zion Craig|1
|-damage|p2a: Zion Craig|89/100
|-damage|p2b: Am I the Drama?|56/100
|cant|p2b: Am I the Drama?|flinch
|move|p1a: Sylveon|Hyper Beam|p2a: Zion Craig
|-damage|p2a: Zion Craig|0 fnt
|-mustrecharge|p1a: Sylveon
|faint|p2a: Zion Craig
|
|upkeep
|
|t:|1783483301
|switch|p2a: Reborn|Talonflame, L50, M, shiny|100/100
|turn|2
|
|t:|1783483310
|move|p2a: Reborn|Tailwind|p2a: Reborn
|-sidestart|p2: dangernoodlevgc|move: Tailwind
|move|p2b: Am I the Drama?|Hyper Voice|p1a: Sylveon|[spread] p1a,p1b
|-damage|p1a: Sylveon|56/100
|-damage|p1b: Aerodactyl|40/100
|move|p1b: Aerodactyl|Rock Slide|p2b: Am I the Drama?|[spread] p2a,p2b
|-supereffective|p2a: Reborn|2
|-damage|p2a: Reborn|0 fnt
|-damage|p2b: Am I the Drama?|12/100
|faint|p2a: Reborn
|cant|p1a: Sylveon|recharge
|
|upkeep
|
|t:|1783483315
|switch|p2a: please no|Garchomp, L50, F, shiny|100/100
|turn|3
|inactive|Nhatpia has 30 seconds left.
|inactive|Nhatpia has 20 seconds left.
|inactive|Nhatpia has 15 seconds left.
|inactive|Nhatpia has 10 seconds left.
|inactive|Nhatpia has 5 seconds left.
|
|t:|1783483367
|switch|p1b: Farigiraf|Farigiraf, L50, M, shiny|100/100
|move|p1a: Sylveon|Quick Attack|p2b: Am I the Drama?
|-damage|p2b: Am I the Drama?|0 fnt
|faint|p2b: Am I the Drama?
|move|p2a: please no|Rock Slide|p1b: Farigiraf|[spread] p1a,p1b
|-damage|p1a: Sylveon|25/100
|-damage|p1b: Farigiraf|81/100
|-damage|p2a: please no|90/100|[from] item: Life Orb
|
|upkeep
|turn|4
|-message|dangernoodlevgc forfeited.
|raw|Nhatpia's rating: 1276 → 1302(+26 for winning)
|raw|dangernoodlevgc's rating: 1283 → 1257(-26 for losing)
|
|win|Nhatpia
|l|☆dangernoodlevgc
|player|p2|
