|j|☆golden sun boy
|j|☆new mental
|html|golden sun boynew mental    
|uhtml|bestof|Game 1 of a best-of-3
|t:|1784713206
|gametype|doubles
|player|p1|golden sun boy|unknown|1231
|player|p2|new mental|volkner|1240
|gen|9
|tier|[Gen 9 Champions] VGC 2026 Reg M-B (Bo3)
|rated|
|rule|Species Clause: Limit one of each Pokémon
|rule|Item Clause: Limit 1 of each item
|clearpoke
|poke|p1|Zoroark-Hisui, L50, M|
|poke|p1|Whimsicott, L50, M|
|poke|p1|Blastoise, L50, M|
|poke|p1|Drampa, L50, M|
|poke|p1|Tinkaton, L50, F|
|poke|p1|Pyroar, L50, F|
|poke|p2|Aerodactyl, L50, F|
|poke|p2|Garchomp, L50, M|
|poke|p2|Kingambit, L50, F|
|poke|p2|Charizard, L50, F|
|poke|p2|Sylveon, L50, F|
|poke|p2|Farigiraf, L50, F|
|teampreview|4
|showteam|p1|Zoroark-Hisui||LifeOrb|Illusion|HyperBeam,HyperVoice,ShadowBall,Protect|Modest||M|||50|]Whimsicott||OccaBerry|Prankster|Tailwind,TrickRoom,Encore,Moonblast|Calm||M|||50|]Blastoise||Blastoisinite|Torrent|AuraSphere,Protect,DarkPulse,WaterSpout|Modest||M|||50|]Drampa||ExpertBelt|CloudNine|EarthPower,DracoMeteor,EnergyBall,Protect|Quiet||M|||50|]Tinkaton||SitrusBerry|MoldBreaker|FakeOut,GigatonHammer,PlayRough,Feint|Impish||F|||50|]Pyroar||Pyroarite|Rivalry|HeatWave,HyperVoice,Overheat,Protect|Timid||F|||50|
|showteam|p2|Aerodactyl||Aerodactylite|Unnerve|IceFang,RockSlide,Tailwind,DualWingbeat|Jolly||F|||50|]Garchomp||LifeOrb|RoughSkin|DragonClaw,RockSlide,Earthquake,Protect|Jolly||M|||50|]Kingambit||FocusSash|Defiant|SuckerPunch,KowtowCleave,IronHead,LowKick|Adamant||F|||50|]Charizard||CharizarditeY|SolarPower|Protect,WeatherBall,HeatWave,SolarBeam|Modest||F|||50|]Sylveon||FairyFeather|Pixilate|Protect,HyperVoice,HyperBeam,QuickAttack|Modest||F|||50|]Farigiraf||SitrusBerry|ArmorTail|TrickRoom,Thunderbolt,Roar,Psychic|Bold||F|||50|
|inactive|Battle timer is ON: inactive players will automatically lose when time's up. (requested by golden sun boy)
|inactive|golden sun boy has 60 seconds left.
|inactive|golden sun boy has 30 seconds left.
|inactive|golden sun boy has 20 seconds left.
|
|t:|1784713312
|teamsize|p1|4
|teamsize|p2|4
|start
|switch|p1a: Blastoise|Blastoise, L50, M|100/100
|switch|p1b: Whimsicott|Whimsicott, L50, M|100/100
|switch|p2a: Aerodactyl|Aerodactyl, L50, F|100/100
|switch|p2b: Sylveon|Sylveon, L50, F|100/100
|-ability|p2a: Aerodactyl|Unnerve
|turn|1
|
|t:|1784713332
|detailschange|p2a: Aerodactyl|Aerodactyl-Mega, L50, F
|-mega|p2a: Aerodactyl|Aerodactyl|Aerodactylite
|detailschange|p1a: Blastoise|Blastoise-Mega, L50, M
|-mega|p1a: Blastoise|Blastoise|Blastoisinite
|move|p1b: Whimsicott|Tailwind|p1b: Whimsicott
|-sidestart|p1: golden sun boy|move: Tailwind
|move|p1a: Blastoise|Water Spout|p2b: Sylveon|[spread] p2a,p2b
|-supereffective|p2a: Aerodactyl|1
|-damage|p2a: Aerodactyl|0 fnt
|-damage|p2b: Sylveon|46/100
|faint|p2a: Aerodactyl
|move|p2b: Sylveon|Hyper Voice|p1b: Whimsicott|[spread] p1a,p1b
|-damage|p1a: Blastoise|53/100
|-damage|p1b: Whimsicott|55/100
|
|upkeep
|-message|new mental forfeited.
|
|win|golden sun boy
