|j|☆latios66
|j|☆schlytus
|html|latios66schlytus    
|uhtml|bestof|Game 1 of a best-of-3
|t:|1756767216
|gametype|doubles
|player|p1|latios66|170|1137
|player|p2|schlytus|lucas-gen4pt|1068
|gen|9
|tier|[Gen 9] VGC 2025 Reg H (Bo3)
|rated|
|rule|Species Clause: Limit one of each Pokémon
|rule|Item Clause: Limit 1 of each item
|clearpoke
|poke|p1|Toedscruel, L50, F|
|poke|p1|Weezing-Galar, L50, F|
|poke|p1|Corviknight, L50, F|
|poke|p1|Pawmot, L50, M|
|poke|p1|Dragapult, L50, F|
|poke|p1|Typhlosion-Hisui, L50, F|
|poke|p2|Toxicroak, L50, M|
|poke|p2|Pelipper, L50, F|
|poke|p2|Archaludon, L50, M|
|poke|p2|Pincurchin, L50, M|
|poke|p2|Gallade, L50, M|
|poke|p2|Ursaluna-Bloodmoon, L50, M|
|teampreview|4
|showteam|p1|Toedscruel||CovertCloak|MyceliumMight|Spore,EarthPower,AcidSpray,RagePowder|||F|||50|,,,,,Water]Weezing-Galar||ChoiceSpecs|NeutralizingGas|DazzlingGleam,SludgeBomb,StrangeSteam,Thunderbolt|||F|||50|,,,,,Bug]Corviknight||SitrusBerry|MirrorArmor|Protect,Tailwind,Roost,BraveBird|||F|||50|,,,,,Dragon]Pawmot||FocusSash|NaturalCure|Protect,CloseCombat,DoubleShock,FakeOut|||M|||50|,,,,,Electric]Dragapult||ChoiceBand|Infiltrator|DragonDarts,Outrage,SuckerPunch,Uturn|||F|||50|,,,,,Dragon]Typhlosion-Hisui||ChoiceScarf|Blaze|Eruption,SleepTalk,HeatWave,ShadowBall|||F|||50|,,,,,Fire
|showteam|p2|Toxicroak||AssaultVest|DrySkin|FakeOut,CloseCombat,KnockOff,PoisonJab|||M|||50|,,,,,Stellar]Pelipper||FocusSash|Drizzle|WeatherBall,Hurricane,Tailwind,Protect|||F|||50|,,,,,Flying]Archaludon||PowerHerb|Stamina|DragonPulse,Protect,ElectroShot,DarkPulse|||M|||50|,,,,,Electric]Pincurchin||AbilityShield|ElectricSurge|ZingZap,SuckerPunch,ThunderWave,Protect|||M|||50|,,,,,Dark]Gallade||ElectricSeed|Sharpness|LeafBlade,PsychoCut,SacredSword,Protect|||M|||50|,,,,,Grass]Ursaluna-Bloodmoon||ThroatSpray|MindsEye|Protect,HyperVoice,BloodMoon,EarthPower|||M|||50|,,,,,Dragon
|inactive|Battle timer is ON: inactive players will automatically lose when time's up. (requested by schlytus)
|inactive|schlytus has 60 seconds left.
|
|t:|1756767282
|teamsize|p1|4
|teamsize|p2|4
|start
|switch|p1a: Weezing|Weezing-Galar, L50, F|100/100
|switch|p1b: Typhlosion|Typhlosion-Hisui, L50, F|100/100
|switch|p2a: Pincurchin|Pincurchin, L50, M|100/100
|switch|p2b: Gallade|Gallade, L50, M|100/100
|-ability|p1a: Weezing|Neutralizing Gas
|-block|p2a: Pincurchin|item: Ability Shield
|-fieldstart|move: Electric Terrain|[from] ability: Electric Surge|[of] p2a: Pincurchin
|-enditem|p2b: Gallade|Electric Seed
|-boost|p2b: Gallade|def|1|[from] item: Electric Seed
|turn|1
|inactive|latios66 has 30 seconds left.
|
|t:|1756767315
|-terastallize|p1b: Typhlosion|Fire
|move|p2a: Pincurchin|Sucker Punch|p1b: Typhlosion
|-damage|p1b: Typhlosion|75/100
|move|p1b: Typhlosion|Eruption|p2b: Gallade|[spread] p2a,p2b
|-damage|p2a: Pincurchin|35/100
|-damage|p2b: Gallade|52/100
|move|p2b: Gallade|Psycho Cut|p1a: Weezing
|-supereffective|p1a: Weezing
|-damage|p1a: Weezing|27/100
|move|p1a: Weezing|Dazzling Gleam|p2b: Gallade|[spread] p2a,p2b
|-supereffective|p2b: Gallade
|-damage|p2a: Pincurchin|0 fnt
|-damage|p2b: Gallade|0 fnt
|faint|p2a: Pincurchin
|faint|p2b: Gallade
|
|upkeep
|
|t:|1756767331
|switch|p2b: Pelipper|Pelipper, L50, F|100/100
|switch|p2a: Archaludon|Archaludon, L50, M|100/100
|turn|2
|inactive|schlytus has 30 seconds left.
|inactive|schlytus has 20 seconds left.
|inactive|schlytus has 15 seconds left.
|
|t:|1756767374
|move|p1b: Typhlosion|Eruption|p2b: Pelipper|[spread] p2a,p2b
|-resisted|p2b: Pelipper
|-damage|p2a: Archaludon|44/100
|-damage|p2b: Pelipper|46/100
|move|p2b: Pelipper|Tailwind|p2b: Pelipper
|-sidestart|p2: schlytus|move: Tailwind
|move|p2a: Archaludon|Electro Shot||[still]
|-prepare|p2a: Archaludon|Electro Shot
|-boost|p2a: Archaludon|spa|1
|-enditem|p2a: Archaludon|Power Herb
|-anim|p2a: Archaludon|Electro Shot|p1a: Weezing
|-damage|p1a: Weezing|0 fnt
|faint|p1a: Weezing
|-end|p1a: Weezing|ability: Neutralizing Gas
|-weather|RainDance|[from] ability: Drizzle|[of] p2b: Pelipper
|
|-weather|RainDance|[upkeep]
|upkeep
|
|t:|1756767387
|switch|p1a: Dragapult|Dragapult, L50, F|100/100
|turn|3
|
|t:|1756767403
|move|p2b: Pelipper|Weather Ball|p1b: Typhlosion
|-supereffective|p1b: Typhlosion
|-damage|p1b: Typhlosion|0 fnt
|faint|p1b: Typhlosion
|move|p1a: Dragapult|Dragon Darts|p2b: Pelipper
|-damage|p2b: Pelipper|0 fnt
|-anim|p1a: Dragapult|Dragon Darts|p2a: Archaludon
|-damage|p2a: Archaludon|15/100
|-ability|p2a: Archaludon|Stamina|boost
|-boost|p2a: Archaludon|def|1
|faint|p2b: Pelipper
|move|p2a: Archaludon|Dragon Pulse|p1a: Dragapult
|-supereffective|p1a: Dragapult
|-damage|p1a: Dragapult|0 fnt
|faint|p1a: Dragapult
|
|-weather|RainDance|[upkeep]
|upkeep
|
|t:|1756767412
|switch|p1b: Toedscruel|Toedscruel, L50, F|100/100
|turn|4
|
|t:|1756767430
|move|p2a: Archaludon|Dragon Pulse|p1b: Toedscruel
|-damage|p1b: Toedscruel|43/100
|move|p1b: Toedscruel|Earth Power|p2a: Archaludon
|-supereffective|p2a: Archaludon
|-damage|p2a: Archaludon|0 fnt
|faint|p2a: Archaludon
|
|win|latios66
||schlytus is ready for game 2.
|inactive|latios66 has 30 seconds to confirm battle start!
||latios66 is ready for game 2.
|uhtml|next|Next: Game 2 of 3
|l|☆schlytus
|player|p2|
