|j|☆LorGhez
|j|☆the doctor rock
|html|LorGhezthe doctor rock    
|uhtml|bestof|Game 1 of a best-of-3
|t:|1783449188
|gametype|doubles
|player|p1|LorGhez|101|1132
|player|p2|the doctor rock|marlon|1092
|gen|9
|tier|[Gen 9 Champions] VGC 2026 Reg M-B (Bo3)
|rated|
|rule|Species Clause: Limit one of each Pokémon
|rule|Item Clause: Limit 1 of each item
|clearpoke
|poke|p1|Venusaur, L50, F|
|poke|p1|Incineroar, L50, M|
|poke|p1|Primarina, L50, M|
|poke|p1|Aerodactyl, L50, M|
|poke|p1|Kingambit, L50, F|
|poke|p1|Farigiraf, L50, M|
|poke|p2|Malamar, L50, F|
|poke|p2|Sylveon, L50, F|
|poke|p2|Grimmsnarl, L50, M|
|poke|p2|Sinistcha, L50|
|poke|p2|Rotom-Wash, L50|
|poke|p2|Arcanine-Hisui, L50, F|
|teampreview|4
|showteam|p1|Venusaur||Venusaurite|Chlorophyll|Protect,GigaDrain,SludgeBomb,EarthPower|Modest||F|||50|]Incineroar||Charcoal|Intimidate|FakeOut,PartingShot,CloseCombat,FlareBlitz|Adamant||M|||50|]Primarina||LifeOrb|LiquidVoice|Protect,CalmMind,HyperVoice,Moonblast|Modest||M|||50|]Aerodactyl||Aerodactylite|Unnerve|DualWingbeat,Tailwind,RockSlide,IceFang|Adamant||M|||50|]Kingambit||BlackGlasses|Defiant|Protect,SuckerPunch,KowtowCleave,IronHead|Adamant||F|||50|]Farigiraf||ColburBerry|ArmorTail|TwinBeam,TrickRoom,Thunderbolt,HelpingHand|Sassy||M|||50|
|showteam|p2|Malamar||Malamarite|Contrary|KnockOff,PsychoCut,Superpower,Protect|Adamant||F|||50|]Sylveon||FairyFeather|Pixilate|HyperVoice,QuickAttack,Yawn,Detect|Modest||F|||50|]Grimmsnarl||RoseliBerry|Prankster|FoulPlay,FakeTears,Taunt,PartingShot|Bold||M|||50|]Sinistcha||SitrusBerry|Hospitality|MatchaGotcha,LifeDew,RagePowder,TrickRoom|Bold|||||50|]Rotom-Wash||ChoiceScarf|Levitate|VoltSwitch,Thunderbolt,Electroweb,HydroPump|Timid|||||50|]Arcanine-Hisui||LifeOrb|RockHead|FlareBlitz,RockSlide,ExtremeSpeed,Protect|Jolly||F|||50|
|inactive|Battle timer is ON: inactive players will automatically lose when time's up. (requested by the doctor rock)
|inactive|LorGhez has 60 seconds left.
|inactive|the doctor rock has 60 seconds left.
|inactive|LorGhez has 30 seconds left.
|inactive|LorGhez has 20 seconds left.
|inactive|LorGhez has 15 seconds left.
|
|t:|1783449264
|teamsize|p1|4
|teamsize|p2|4
|start
|switch|p1a: Venusaur|Venusaur, L50, F|100/100
|switch|p1b: Incineroar|Incineroar, L50, M|100/100
|switch|p2a: Malamar|Malamar, L50, F|100/100
|switch|p2b: Grimmsnarl|Grimmsnarl, L50, M|100/100
|-ability|p1b: Incineroar|Intimidate|boost
|-boost|p2a: Malamar|atk|1
|-unboost|p2b: Grimmsnarl|atk|1
|turn|1
|inactive|LorGhez has 30 seconds left.
|inactive|LorGhez has 20 seconds left.
|
|t:|1783449303
|detailschange|p1a: Venusaur|Venusaur-Mega, L50, F
|-mega|p1a: Venusaur|Venusaur|Venusaurite
|detailschange|p2a: Malamar|Malamar-Mega, L50, F
|-mega|p2a: Malamar|Malamar|Malamarite
|move|p1b: Incineroar|Fake Out|p2b: Grimmsnarl
|-damage|p2b: Grimmsnarl|88/100
|cant|p2b: Grimmsnarl|flinch
|move|p1a: Venusaur|Sludge Bomb|p2b: Grimmsnarl
|-supereffective|p2b: Grimmsnarl|1
|-crit|p2b: Grimmsnarl
|-damage|p2b: Grimmsnarl|0 fnt
|faint|p2b: Grimmsnarl
|move|p2a: Malamar|Superpower|p1b: Incineroar
|-supereffective|p1b: Incineroar|1
|-damage|p1b: Incineroar|0 fnt
|-boost|p2a: Malamar|atk|1
|-boost|p2a: Malamar|def|1
|faint|p1b: Incineroar
|
|upkeep
|
|t:|1783449319
|switch|p2b: Sinistcha|Sinistcha, L50|100/100
|switch|p1b: Primarina|Primarina, L50, M|100/100
|turn|2
|
|t:|1783449332
|move|p2b: Sinistcha|Rage Powder|p2b: Sinistcha
|-singleturn|p2b: Sinistcha|move: Rage Powder
|move|p2a: Malamar|Psycho Cut|p1a: Venusaur
|-supereffective|p1a: Venusaur|1
|-damage|p1a: Venusaur|0 fnt
|faint|p1a: Venusaur
|move|p1b: Primarina|Calm Mind|p1b: Primarina
|-boost|p1b: Primarina|spa|1
|-boost|p1b: Primarina|spd|1
|
|upkeep
|
|t:|1783449344
|switch|p1a: Kingambit|Kingambit, L50, F|100/100
|turn|3
|
|t:|1783449350
|move|p1a: Kingambit|Sucker Punch|p2a: Malamar
|-damage|p2a: Malamar|68/100
|move|p2a: Malamar|Superpower|p1a: Kingambit
|-supereffective|p1a: Kingambit|2
|-damage|p1a: Kingambit|0 fnt
|-boost|p2a: Malamar|atk|1
|-boost|p2a: Malamar|def|1
|faint|p1a: Kingambit
|move|p2b: Sinistcha|Matcha Gotcha|p1b: Primarina
|-supereffective|p1b: Primarina|1
|-damage|p1b: Primarina|59/100
|move|p1b: Primarina|Hyper Voice|p2b: Sinistcha|[spread] p2a,p2b
|-resisted|p2b: Sinistcha|1
|-damage|p2a: Malamar|21/100
|-damage|p2b: Sinistcha|70/100
|-damage|p1b: Primarina|50/100g|[from] item: Life Orb
|
|upkeep
|turn|4
|inactive|LorGhez has 30 seconds left.
|
|t:|1783449375
|move|p2a: Malamar|Psycho Cut|p1b: Primarina
|-damage|p1b: Primarina|0 fnt
|faint|p1b: Primarina
|
|win|the doctor rock
||the doctor rock is ready for game 2.
|inactive|LorGhez has 30 seconds to confirm battle start!
|inactive|LorGhez has 20 seconds to confirm battle start!
|inactive|LorGhez has 10 seconds to confirm battle start!
|uhtml|next|Next: Game 2 of 3
|l|☆the doctor rock
|player|p2|
