|j|☆sbhaga34
|j|☆L3git Pro
|html|sbhaga34L3git Pro    
|uhtml|bestof|Game 3 of a best-of-3
|t:|1784166016
|gametype|doubles
|player|p1|sbhaga34|hugh|1219
|player|p2|L3git Pro|cynthia-gen7|1181
|gen|9
|tier|[Gen 9 Champions] VGC 2026 Reg M-B (Bo3)
|rated|
|rule|Species Clause: Limit one of each Pokémon
|rule|Item Clause: Limit 1 of each item
|clearpoke
|poke|p1|Excadrill, L50, M|
|poke|p1|Tyranitar, L50, F|
|poke|p1|Corviknight, L50, M|
|poke|p1|Rotom-Wash, L50|
|poke|p1|Mimikyu, L50, F|
|poke|p1|Scovillain, L50, F|
|poke|p2|Meowstic, L50, M|
|poke|p2|Chesnaught, L50, M|
|poke|p2|Armarouge, L50, F|
|poke|p2|Pelipper, L50, F|
|poke|p2|Swampert, L50, M|
|poke|p2|Sylveon, L50, M|
|teampreview|4
|showteam|p1|Excadrill||FocusSash|SandRush|Earthquake,IronHead,SwordsDance,Protect|Adamant||M|||50|]Tyranitar||Tyranitarite|SandStream|RockSlide,KnockOff,LowKick,Protect|Adamant||F|||50|]Corviknight||SharpBeak|MirrorArmor|BraveBird,Tailwind,BulkUp,Roost|Careful||M|||50|]Rotom-Wash||ChoiceScarf|Levitate|VoltSwitch,Thunderbolt,Electroweb,HydroPump|Timid|||||50|]Mimikyu||FairyFeather|Disguise|PlayRough,ShadowSneak,TrickRoom,ShadowClaw|Adamant||F|||50|]Scovillain||Scovillainite|Chlorophyll|RagePowder,Overheat,GigaDrain,Protect|Calm||F|||50|
|showteam|p2|Meowstic||FocusSash|Prankster|FakeOut,PsychicTerrain,ExpandingForce,TrickRoom|Quiet||M|||50|]Chesnaught||Chesnaughtite|Bulletproof|SpikyShield,BodyPress,WideGuard,WoodHammer|Relaxed||M|||50|]Armarouge||LifeOrb|FlashFire|Protect,ArmorCannon,ExpandingForce,TrickRoom|Quiet||F|||50|]Pelipper||SitrusBerry|Drizzle|Hurricane,WeatherBall,WideGuard,Protect|Quiet||F|||50|]Swampert||Swampertite|Torrent|Protect,WaveCrash,Earthquake,IcePunch|Adamant||M|||50|]Sylveon||FairyFeather|Pixilate|Protect,HyperVoice,Moonblast,QuickAttack|Quiet||M|||50|
|
|t:|1784166049
|teamsize|p1|4
|teamsize|p2|4
|start
|switch|p1a: Rotom|Rotom-Wash, L50|100/100
|switch|p1b: Tyranitar|Tyranitar, L50, F|100/100
|switch|p2a: Pelipper|Pelipper, L50, F|100/100
|switch|p2b: Swampert|Swampert, L50, M|100/100
|-weather|Sandstorm|[from] ability: Sand Stream|[of] p1b: Tyranitar
|-weather|RainDance|[from] ability: Drizzle|[of] p2a: Pelipper
|turn|1
|inactive|Battle timer is ON: inactive players will automatically lose when time's up. (requested by L3git Pro)
|inactive|sbhaga34 also wants the timer to be on.
|l|☆L3git Pro
|inactive|L3git Pro disconnected and has a minute to reconnect!
|player|p2|
|
|t:|1784166065
|switch|p2a: Chesnaught|Chesnaught, L50, M|100/100
|detailschange|p1b: Tyranitar|Tyranitar-Mega, L50, F
|-mega|p1b: Tyranitar|Tyranitar|Tyranitarite
|-weather|Sandstorm|[from] ability: Sand Stream|[of] p1b: Tyranitar
|move|p1b: Tyranitar|Protect|p1b: Tyranitar
|-singleturn|p1b: Tyranitar|Protect
|move|p2b: Swampert|Protect|p2b: Swampert
|-singleturn|p2b: Swampert|Protect
|move|p1a: Rotom|Volt Switch|p2a: Chesnaught
|-resisted|p2a: Chesnaught|1
|-damage|p2a: Chesnaught|84/100
|
|t:|1784166077
|switch|p1a: Excadrill|Excadrill, L50, M|100/100|[from] Volt Switch
|
|-weather|Sandstorm|[upkeep]
|-damage|p2a: Chesnaught|77/100|[from] Sandstorm
|upkeep
|turn|2
|j|☆L3git Pro
|inactive|L3git Pro reconnected and has 55 seconds left.
|player|p2|L3git Pro|cynthia-gen7|
|
|t:|1784166098
|switch|p1b: Rotom|Rotom-Wash, L50|100/100
|move|p1a: Excadrill|Swords Dance|p1a: Excadrill
|-boost|p1a: Excadrill|atk|2
|move|p2b: Swampert|Wave Crash|p1a: Excadrill
|-supereffective|p1a: Excadrill|1
|-enditem|p1a: Excadrill|Focus Sash
|-damage|p1a: Excadrill|1/100
|-damage|p2b: Swampert|67/100|[from] Recoil
|move|p2a: Chesnaught|Wood Hammer|p1a: Excadrill
|-damage|p1a: Excadrill|0 fnt
|faint|p1a: Excadrill
|-damage|p2a: Chesnaught|77/100|[from] Recoil
|
|-weather|Sandstorm|[upkeep]
|-damage|p1b: Rotom|94/100|[from] Sandstorm
|-damage|p2a: Chesnaught|71/100|[from] Sandstorm
|upkeep
|
|t:|1784166104
|switch|p1a: Corviknight|Corviknight, L50, M|100/100
|turn|3
|
|t:|1784166114
|switch|p2a: Pelipper|Pelipper, L50, F|100/100
|-weather|RainDance|[from] ability: Drizzle|[of] p2a: Pelipper
|detailschange|p2b: Swampert|Swampert-Mega, L50, M
|-mega|p2b: Swampert|Swampert|Swampertite
|move|p2b: Swampert|Wave Crash|p1a: Corviknight
|-damage|p1a: Corviknight|5/100
|-damage|p2b: Swampert|33/100|[from] Recoil
|move|p1b: Rotom|Hydro Pump|p2b: Swampert
|-damage|p2b: Swampert|0 fnt
|faint|p2b: Swampert
|move|p1a: Corviknight|Brave Bird|p2a: Pelipper
|-damage|p2a: Pelipper|49/100
|-enditem|p2a: Pelipper|Sitrus Berry|[eat]
|-heal|p2a: Pelipper|73/100|[from] item: Sitrus Berry
|-damage|p1a: Corviknight|0 fnt|[from] Recoil
|faint|p1a: Corviknight
|
|-weather|RainDance|[upkeep]
|upkeep
|-message|sbhaga34 forfeited.
|
|win|L3git Pro
|raw|sbhaga34's rating: 1219 → 1191(-28 for losing)
|raw|L3git Pro's rating: 1181 → 1209(+28 for winning)
