|j|☆pippobaudobaldo
|j|☆BonnieSSR
|html|pippobaudobaldoBonnieSSR    
|uhtml|bestof|Game 3 of a best-of-3
|t:|1756483425
|gametype|doubles
|player|p1|pippobaudobaldo|266|1087
|player|p2|BonnieSSR|miku-ground|1186
|gen|9
|tier|[Gen 9] VGC 2025 Reg H (Bo3)
|rated|
|rule|Species Clause: Limit one of each Pokémon
|rule|Item Clause: Limit 1 of each item
|clearpoke
|poke|p1|Sneasler, L50, M|
|poke|p1|Gholdengo, L50|
|poke|p1|Dragonite, L50, F|
|poke|p1|Primarina, L50, M|
|poke|p1|Amoonguss, L50, F|
|poke|p1|Incineroar, L50, M|
|poke|p2|Tyranitar, L50, M|
|poke|p2|Amoonguss, L50, M|
|poke|p2|Kilowattrel, L50, F|
|poke|p2|Excadrill, L50, F|
|poke|p2|Kommo-o, L50, F|
|poke|p2|Incineroar, L50, M|
|teampreview|4
|showteam|p1|Sneasler||FocusSash|PoisonTouch|FakeOut,DireClaw,CloseCombat,ThroatChop|||M|||50|,,,,,Stellar]Gholdengo||Leftovers|GoodasGold|Protect,MakeItRain,ShadowBall,NastyPlot||||||50|,,,,,Dragon]Dragonite||LoadedDice|Multiscale|Protect,ScaleShot,Tailwind,IceSpinner|||F|||50|,,,,,Fairy]Primarina||SitrusBerry|LiquidVoice|HyperVoice,Moonblast,Haze,Protect|||M|||50|,,,,,Poison]Amoonguss||RockyHelmet|Regenerator|Protect,Spore,RagePowder,PollenPuff|||F|||50|,,,,,Grass]Incineroar||SafetyGoggles|Intimidate|FakeOut,KnockOff,WillOWisp,PartingShot|||M|||50|,,,,,Fire
|showteam|p2|Tyranitar||AssaultVest|SandStream|LowKick,RockSlide,KnockOff,TeraBlast|||M|||50|,,,,,Flying]Amoonguss||SitrusBerry|Regenerator|Spore,RagePowder,SludgeBomb,Protect|||M|||50|,,,,,Water]Kilowattrel||ChoiceSpecs|Competitive|Thunderbolt,Discharge,VoltSwitch,AirSlash|||F|||50|,,,,,Ghost]Excadrill||FocusSash|SandRush|IronHead,Earthquake,HighHorsepower,Protect|||F|||50|,,,,,Ground]Kommo-o||Leftovers|Overcoat|IronDefense,BodyPress,ThroatChop,Protect|||F|||50|,,,,,Steel]Incineroar||SafetyGoggles|Intimidate|FlareBlitz,KnockOff,PartingShot,FakeOut|||M|||50|,,,,,Ghost
|inactive|Battle timer is ON: inactive players will automatically lose when time's up. (requested by pippobaudobaldo)
|inactive|pippobaudobaldo has 60 seconds left.
|inactive|BonnieSSR has 60 seconds left.
|
|t:|1756483464
|teamsize|p1|4
|teamsize|p2|4
|start
|switch|p1a: Incineroar|Incineroar, L50, M|100/100
|switch|p1b: Dragonite|Dragonite, L50, F|100/100
|switch|p2a: Wolfey|Incineroar, L50, M, shiny|100/100
|switch|p2b: Prim|Kilowattrel, L50, F|100/100
|-ability|p2a: Wolfey|Intimidate|boost
|-unboost|p1a: Incineroar|atk|1
|-unboost|p1b: Dragonite|atk|1
|-ability|p1a: Incineroar|Intimidate|boost
|-unboost|p2a: Wolfey|atk|1
|-unboost|p2b: Prim|atk|1
|-ability|p2b: Prim|Competitive|boost
|-boost|p2b: Prim|spa|2
|turn|1
|
|t:|1756483484
|-terastallize|p2b: Prim|Ghost
|move|p1b: Dragonite|Protect|p1b: Dragonite
|-singleturn|p1b: Dragonite|Protect
|move|p2a: Wolfey|Fake Out|p1b: Dragonite
|-activate|p1b: Dragonite|move: Protect
|move|p2b: Prim|Thunderbolt|p1a: Incineroar
|-damage|p1a: Incineroar|2/100
|move|p1a: Incineroar|Parting Shot|p2b: Prim
|-unboost|p2b: Prim|atk|1
|-ability|p2b: Prim|Competitive|boost
|-boost|p2b: Prim|spa|2
|-unboost|p2b: Prim|spa|1
|-ability|p2b: Prim|Competitive|boost
|-boost|p2b: Prim|spa|2
|-message|pippobaudobaldo forfeited.
|raw|pippobaudobaldo's rating: 1087 → 1070(-17 for losing)
|raw|BonnieSSR's rating: 1186 → 1204(+18 for winning)
|
|win|BonnieSSR
|l|☆pippobaudobaldo
|player|p1|
