|j|☆dont make me walk
|j|☆Rorox641
|html|dont make me walkRorox641    
|uhtml|bestof|Game 3 of a best-of-3
|t:|1755293340
|gametype|doubles
|player|p1|dont make me walk|red-masters3|1391
|player|p2|Rorox641|ghetsis-gen5bw|1235
|gen|9
|tier|[Gen 9] VGC 2025 Reg H (Bo3)
|rated|
|rule|Species Clause: Limit one of each Pokémon
|rule|Item Clause: Limit 1 of each item
|clearpoke
|poke|p1|Murkrow, L50, F|
|poke|p1|Indeedee-F, L50, F|
|poke|p1|Ursaluna-Bloodmoon, L50, M|
|poke|p1|Armarouge, L50, M|
|poke|p1|Gholdengo, L50|
|poke|p1|Annihilape, L50, F|
|poke|p2|Sneasler, L50, F|
|poke|p2|Dragapult, L50, F|
|poke|p2|Primarina, L50, M|
|poke|p2|Rillaboom, L50, M|
|poke|p2|Kingambit, L50, M|
|poke|p2|Magmar, L50, F|
|teampreview|4
|showteam|p1|Murkrow||Eviolite|Prankster|Tailwind,FoulPlay,Haze,SunnyDay|||F|||50|,,,,,Ghost]Indeedee-F||RockyHelmet|PsychicSurge|FollowMe,TrickRoom,HelpingHand,Psychic|||F|||50|,,,,,Fairy]Ursaluna-Bloodmoon||LifeOrb|MindsEye|Protect,EarthPower,HyperVoice,BloodMoon|||M|||50|,,,,,Normal]Armarouge||PowerHerb|FlashFire|TrickRoom,MeteorBeam,HeatWave,ExpandingForce|||M|||50|,,,,,Grass]Gholdengo||ChoiceSpecs|GoodasGold|MakeItRain,ShadowBall,Protect,Trick||||||50|,,,,,Steel]Annihilape||SafetyGoggles|Defiant|Protect,BulkUp,RageFist,DrainPunch|||F|||50|,,,,,Fire
|showteam|p2|Sneasler||FocusSash|PoisonTouch|CloseCombat,DireClaw,FakeOut,Protect|||F|||50|,,,,,Stellar]Dragapult||ChoiceBand|ClearBody|DragonDarts,TeraBlast,PhantomForce,Uturn|||F|||50|,,,,,Ghost]Primarina||SitrusBerry|LiquidVoice|HyperVoice,Moonblast,Haze,Protect|||M|||50|,,,,,Water]Rillaboom||AssaultVest|GrassySurge|WoodHammer,GrassyGlide,HighHorsepower,FakeOut|||M|||50|,,,,,Fire]Kingambit||BlackGlasses|Defiant|KowtowCleave,SuckerPunch,SwordsDance,Protect|||M|||50|,,,,,Ghost]Magmar||Eviolite|VitalSpirit|Overheat,WillOWisp,FollowMe,Protect|||F|||50|,,,,,Ghost
|inactive|Battle timer is ON: inactive players will automatically lose when time's up. (requested by dont make me walk)
|inactive|Rorox641 also wants the timer to be on.
|
|t:|1755293365
|teamsize|p1|4
|teamsize|p2|4
|start
|switch|p1a: Murkrow|Murkrow, L50, F, shiny|100/100
|switch|p1b: Ursaluna|Ursaluna-Bloodmoon, L50, M|100/100
|switch|p2a: Primarina|Primarina, L50, M|100/100
|switch|p2b: Magmar|Magmar, L50, F|100/100
|turn|1
|
|t:|1755293388
|-terastallize|p1b: Ursaluna|Normal
|-terastallize|p2a: Primarina|Water
|move|p2b: Magmar|Follow Me|p2b: Magmar
|-singleturn|p2b: Magmar|move: Follow Me
|move|p1a: Murkrow|Tailwind|p1a: Murkrow
|-sidestart|p1: dont make me walk|move: Tailwind
|move|p1b: Ursaluna|Earth Power|p2b: Magmar
|-supereffective|p2b: Magmar
|-damage|p2b: Magmar|0 fnt
|faint|p2b: Magmar
|-damage|p1b: Ursaluna|91/100|[from] item: Life Orb
|move|p2a: Primarina|Hyper Voice|p1a: Murkrow|[spread] p1a,p1b
|-damage|p1a: Murkrow|51/100
|-damage|p1b: Ursaluna|36/100
|
|upkeep
|
|t:|1755293401
|switch|p2b: Dragapult|Dragapult, L50, F|100/100
|turn|2
|
|t:|1755293410
|switch|p2b: Rillaboom|Rillaboom, L50, M|100/100
|-fieldstart|move: Grassy Terrain|[from] ability: Grassy Surge|[of] p2b: Rillaboom
|move|p1a: Murkrow|Foul Play|p2b: Rillaboom
|-damage|p2b: Rillaboom|47/100
|move|p1b: Ursaluna|Blood Moon|p2a: Primarina
|-damage|p2a: Primarina|0 fnt
|faint|p2a: Primarina
|-damage|p1b: Ursaluna|26/100|[from] item: Life Orb
|
|-heal|p1b: Ursaluna|32/100|[from] Grassy Terrain
|-heal|p2b: Rillaboom|53/100|[from] Grassy Terrain
|upkeep
|
|t:|1755293420
|switch|p2a: Dragapult|Dragapult, L50, F|100/100
|turn|3
|
|t:|1755293425
|switch|p1a: Indeedee|Indeedee-F, L50, F|100/100
|-fieldstart|move: Psychic Terrain|[from] ability: Psychic Surge|[of] p1a: Indeedee
|move|p2b: Rillaboom|Fake Out|p1a: Indeedee
|-activate|p1a: Indeedee|move: Psychic Terrain
|move|p2a: Dragapult|Dragon Darts|p1b: Ursaluna
|-crit|p1b: Ursaluna
|-damage|p1b: Ursaluna|0 fnt
|-anim|p2a: Dragapult|Dragon Darts|p1a: Indeedee
|-damage|p1a: Indeedee|67/100
|faint|p1b: Ursaluna
|
|upkeep
|
|t:|1755293433
|switch|p1b: Murkrow|Murkrow, L50, F, shiny|51/100
|turn|4
|
|t:|1755293439
|move|p1b: Murkrow|Foul Play|p2a: Dragapult
|-supereffective|p2a: Dragapult
|-damage|p2a: Dragapult|0 fnt
|faint|p2a: Dragapult
|move|p1a: Indeedee|Psychic|p2b: Rillaboom
|-damage|p2b: Rillaboom|21/100
|move|p2b: Rillaboom|Wood Hammer|p1b: Murkrow
|-resisted|p1b: Murkrow
|-damage|p1b: Murkrow|19/100
|-damage|p2b: Rillaboom|12/100|[from] Recoil
|
|-sideend|p1: dont make me walk|move: Tailwind
|upkeep
|turn|5
|-message|Rorox641 forfeited.
|raw|dont make me walk's rating: 1391 → 1403(+12 for winning)
|raw|Rorox641's rating: 1235 → 1221(-14 for losing)
|
|win|dont make me walk
|l|☆Rorox641
|player|p2|
