|j|☆lolgz
|j|☆Cannon14
|html|lolgzCannon14    
|uhtml|bestof|Game 1 of a best-of-3
|t:|1782274743
|gametype|doubles
|player|p1|lolgz|dawn|1202
|player|p2|Cannon14|steven|1156
|gen|9
|tier|[Gen 9 Champions] VGC 2026 Reg M-B (Bo3)
|rated|
|rule|Species Clause: Limit one of each Pokémon
|rule|Item Clause: Limit 1 of each item
|clearpoke
|poke|p1|Torkoal, L50, F|
|poke|p1|Vileplume, L50, F|
|poke|p1|Farigiraf, L50, M|
|poke|p1|Scrafty, L50, F|
|poke|p1|Gallade, L50, M|
|poke|p1|Mawile, L50, F|
|poke|p2|Gholdengo, L50|
|poke|p2|Whimsicott, L50, M|
|poke|p2|Pelipper, L50, M|
|poke|p2|Swampert, L50, F|
|poke|p2|Dragonite, L50, F|
|poke|p2|Farigiraf, L50, M|
|teampreview|4
|showteam|p1|Torkoal||Charcoal|Drought|Eruption,WeatherBall,EarthPower,Protect|Quiet||F|||50|]Vileplume||FocusSash|Chlorophyll|EnergyBall,SludgeBomb,SleepPowder,AfterYou|Timid||F|||50|]Farigiraf||SitrusBerry|ArmorTail|TrickRoom,Protect,Psychic,HelpingHand|Bold||M|||50|]Scrafty||Scraftinite|Intimidate|CloseCombat,KnockOff,FakeOut,RockSlide|Brave||F|||50|]Gallade||IronBall|Sharpness|SacredSword,PsychoCut,WideGuard,TrickRoom|Brave||M|||50|]Mawile||Mawilite|Intimidate|SuckerPunch,PlayRough,SwordsDance,Protect|Brave||F|||50|
|showteam|p2|Gholdengo||ChoiceScarf|GoodasGold|MakeItRain,ShadowBall,Thunder,PowerGem|Timid|||||50|]Whimsicott||FocusSash|Prankster|Encore,FakeTears,Tailwind,Moonblast|Timid||M|||50|]Pelipper||LifeOrb|Drizzle|WideGuard,Protect,MuddyWater,Hurricane|Modest||M|||50|]Swampert||Swampertite|Torrent|Protect,WaveCrash,Earthquake,HighHorsepower|Adamant||F|||50|]Dragonite||Dragoninite|Multiscale|Protect,DragonClaw,LowKick,ExtremeSpeed|Adamant||F|||50|]Farigiraf||ColburBerry|ArmorTail|TrickRoom,Psychic,HyperVoice,HelpingHand|Modest||M|||50|
|inactive|Battle timer is ON: inactive players will automatically lose when time's up. (requested by Cannon14)
|inactive|lolgz also wants the timer to be on.
|inactive|Cannon14 has 60 seconds left.
|inactive|Cannon14 has 30 seconds left.
|
|t:|1782274807
|teamsize|p1|4
|teamsize|p2|4
|start
|switch|p1a: Farigiraf|Farigiraf, L50, M|100/100
|switch|p1b: Scrafty|Scrafty, L50, F|100/100
|switch|p2a: Whimsicott|Whimsicott, L50, M|100/100
|switch|p2b: Gholdengo|Gholdengo, L50|100/100
|-ability|p1b: Scrafty|Intimidate|boost
|-unboost|p2a: Whimsicott|atk|1
|-unboost|p2b: Gholdengo|atk|1
|turn|1
|
|t:|1782274825
|switch|p2b: Farigiraf|Farigiraf, L50, M|100/100
|move|p1b: Scrafty|Fake Out||[still]
|cant|p2b: Farigiraf|ability: Armor Tail|Fake Out|[of] p1b: Scrafty
|move|p2a: Whimsicott|Moonblast|p1b: Scrafty
|-supereffective|p1b: Scrafty|2
|-damage|p1b: Scrafty|0 fnt
|faint|p1b: Scrafty
|move|p1a: Farigiraf|Trick Room|p1a: Farigiraf
|-fieldstart|move: Trick Room|[of] p1a: Farigiraf
|
|upkeep
|
|t:|1782274833
|switch|p1b: Torkoal|Torkoal, L50, F|100/100
|-weather|SunnyDay|[from] ability: Drought|[of] p1b: Torkoal
|turn|2
|
|t:|1782274849
|move|p1a: Farigiraf|Helping Hand|p1b: Torkoal
|-singleturn|p1b: Torkoal|Helping Hand|[of] p1a: Farigiraf
|move|p1b: Torkoal|Eruption|p2a: Whimsicott|[spread] p2a,p2b
|-supereffective|p2a: Whimsicott|1
|-enditem|p2a: Whimsicott|Focus Sash
|-damage|p2a: Whimsicott|1/100
|-damage|p2b: Farigiraf|0 fnt
|faint|p2b: Farigiraf
|move|p2a: Whimsicott|Moonblast|p1a: Farigiraf
|-damage|p1a: Farigiraf|74/100
|
|-weather|SunnyDay|[upkeep]
|upkeep
|
|t:|1782274859
|switch|p2b: Dragonite|Dragonite, L50, F|100/100
|turn|3
|
|t:|1782274864
|detailschange|p2b: Dragonite|Dragonite-Mega, L50, F
|-mega|p2b: Dragonite|Dragonite|Dragoninite
|move|p1b: Torkoal|Eruption|p2b: Dragonite|[spread] p2a,p2b
|-supereffective|p2a: Whimsicott|1
|-resisted|p2b: Dragonite|1
|-damage|p2a: Whimsicott|0 fnt
|-damage|p2b: Dragonite|80/100
|faint|p2a: Whimsicott
|move|p1a: Farigiraf|Psychic|p2b: Dragonite
|-damage|p2b: Dragonite|50/100y
|move|p2b: Dragonite|Dragon Claw|p1b: Torkoal
|-damage|p1b: Torkoal|69/100
|
|-weather|SunnyDay|[upkeep]
|upkeep
|
|t:|1782274877
|switch|p2a: Gholdengo|Gholdengo, L50|100/100
|turn|4
|
|t:|1782274881
|move|p1b: Torkoal|Eruption|p2a: Gholdengo|[spread] p2a,p2b
|-supereffective|p2a: Gholdengo|1
|-resisted|p2b: Dragonite|1
|-damage|p2a: Gholdengo|0 fnt
|-damage|p2b: Dragonite|23/100
|faint|p2a: Gholdengo
|move|p1a: Farigiraf|Psychic|p2b: Dragonite
|-damage|p2b: Dragonite|0 fnt
|faint|p2b: Dragonite
|
|win|lolgz
