|j|‽LilBananaBread
|j|☆ProtectThyKing34
|html|LilBananaBreadProtectThyKing34    
|uhtml|bestof|Game 1 of a best-of-3
|t:|1784763906
|gametype|doubles
|player|p1|LilBananaBread|169|1000
|player|p2|ProtectThyKing34|rocketgrunt|1095
|gen|9
|tier|[Gen 9 Champions] VGC 2026 Reg M-B (Bo3)
|rated|
|rule|Species Clause: Limit one of each Pokémon
|rule|Item Clause: Limit 1 of each item
|clearpoke
|poke|p1|Chesnaught, L50, M|
|poke|p1|Pelipper, L50, F|
|poke|p1|Slowking-Galar, L50, F|
|poke|p1|Grimmsnarl, L50, M|
|poke|p1|Rotom-Heat, L50|
|poke|p1|Kingambit, L50, F|
|poke|p2|Delphox, L50, F|
|poke|p2|Incineroar, L50, F|
|poke|p2|Sneasler, L50, M|
|poke|p2|Sinistcha, L50|
|poke|p2|Kingambit, L50, F|
|poke|p2|Blastoise, L50, F|
|teampreview|4
|showteam|p1|Chesnaught||Chesnaughtite|Bulletproof|BodyPress,IronDefense,LeechSeed,SpikyShield|Impish||M|||50|]Pelipper||DampRock|Drizzle|Hurricane,WideGuard,WeatherBall,Protect|Bold||F|||50|]Slowking-Galar||SitrusBerry|Regenerator|HealPulse,TrickRoom,Psychic,SludgeBomb|Modest||F|||50|]Grimmsnarl||LightClay|Prankster|LightScreen,Reflect,ThroatChop,FakeOut|Adamant||M|||50|]Rotom-Heat||Leftovers|Levitate|VoltSwitch,Thunderbolt,Overheat,WillOWisp|Quiet|||||50|]Kingambit||ChopleBerry|Defiant|SuckerPunch,KowtowCleave,IronHead,Protect|Adamant||F|||50|
|showteam|p2|Delphox||Delphoxite|Blaze|NastyPlot,Protect,Psyshock,HeatWave|Timid||F|||50|]Incineroar||SitrusBerry|Intimidate|FakeOut,PartingShot,FlareBlitz,DarkestLariat|Impish||F|||50|]Sneasler||FocusSash|PoisonTouch|GunkShot,FakeOut,CloseCombat,QuickGuard|Jolly||M|||50|]Sinistcha||OccaBerry|Hospitality|MatchaGotcha,RagePowder,TrickRoom,Protect|Calm|||||50|]Kingambit||BlackGlasses|Defiant|SuckerPunch,KowtowCleave,LowKick,Protect|Adamant||F|||50|]Blastoise||Blastoisinite|RainDish|ShellSmash,WaterSpout,DarkPulse,Protect|Timid||F|||50|
|
|t:|1784763939
|teamsize|p1|4
|teamsize|p2|4
|start
|switch|p1a: Slowking|Slowking-Galar, L50, F|100/100
|switch|p1b: Rotom|Rotom-Heat, L50|100/100
|switch|p2a: Delphox|Delphox, L50, F|100/100
|switch|p2b: Sneasler|Sneasler, L50, M|100/100
|turn|1
|inactive|Battle timer is ON: inactive players will automatically lose when time's up. (requested by ProtectThyKing34)
|
|t:|1784763959
|detailschange|p2a: Delphox|Delphox-Mega, L50, F
|-mega|p2a: Delphox|Delphox|Delphoxite
|move|p2b: Sneasler|Fake Out|p1a: Slowking
|-damage|p1a: Slowking|84/100
|move|p2a: Delphox|Nasty Plot|p2a: Delphox
|-boost|p2a: Delphox|spa|2
|move|p1b: Rotom|Volt Switch|p2b: Sneasler
|-damage|p2b: Sneasler|50/100g
|
|t:|1784763968
|switch|p1b: Pelipper|Pelipper, L50, F|100/100|[from] Volt Switch
|-weather|RainDance|[from] ability: Drizzle|[of] p1b: Pelipper
|cant|p1a: Slowking|flinch
|
|-weather|RainDance|[upkeep]
|upkeep
|turn|2
|
|t:|1784763992
|move|p2a: Delphox|Psyshock|p1a: Slowking
|-damage|p1a: Slowking|0 fnt
|faint|p1a: Slowking
|move|p2b: Sneasler|Gunk Shot|p1b: Pelipper
|-damage|p1b: Pelipper|42/100
|move|p1b: Pelipper|Weather Ball|p2a: Delphox
|-supereffective|p2a: Delphox|1
|-damage|p2a: Delphox|3/100
|
|-weather|RainDance|[upkeep]
|upkeep
|
|t:|1784764006
|switch|p1a: Rotom|Rotom-Heat, L50|100/100
|turn|3
|
|t:|1784764019
|move|p2a: Delphox|Psyshock|p1a: Rotom
|-damage|p1a: Rotom|0 fnt
|faint|p1a: Rotom
|move|p2b: Sneasler|Gunk Shot|p1b: Pelipper
|-damage|p1b: Pelipper|0 fnt
|faint|p1b: Pelipper
|
|-weather|RainDance|[upkeep]
|upkeep
|-message|LilBananaBread forfeited.
|
|win|ProtectThyKing34
|l|‽LilBananaBread
|player|p1|
