|j|☆Seanun
|j|☆ShinkaiEx
|html|SeanunShinkaiEx    
|uhtml|bestof|Game 2 of a best-of-3
|t:|1757795463
|gametype|doubles
|player|p1|Seanun|iris-gen5bw2|1056
|player|p2|ShinkaiEx|2|1087
|gen|9
|tier|[Gen 9] VGC 2025 Reg H (Bo3)
|rated|
|rule|Species Clause: Limit one of each Pokémon
|rule|Item Clause: Limit 1 of each item
|clearpoke
|poke|p1|Dragalge, L50, M|
|poke|p1|Morpeko, L50, F|
|poke|p1|Klefki, L50, M|
|poke|p1|Talonflame, L50, M|
|poke|p1|Politoed, L50, M|
|poke|p1|Annihilape, L50, M|
|poke|p2|Excadrill, L50, F|
|poke|p2|Tyranitar, L50, F|
|poke|p2|Sneasler, L50, F|
|poke|p2|Indeedee, L50, M|
|poke|p2|Corviknight, L50, M|
|poke|p2|Annihilape, L50, F|
|teampreview|4
|showteam|p1|Dragalge||AssaultVest|Adaptability|DracoMeteor,SludgeWave,Surf,FlipTurn|||M|||50|,,,,,Water]Morpeko||FocusSash|HungerSwitch|FakeOut,AuraWheel,PartingShot,Protect|||F|||50|,,,,,Electric]Klefki||CovertCloak|Prankster|Reflect,LightScreen,TrickRoom,MistyTerrain|||M|||50|,,,,,Dark]Talonflame||SharpBeak|GaleWings|Hurricane,Tailwind,QuickGuard,Uturn|||M|||50|,,,,,Flying]Politoed||SafetyGoggles|Drizzle|WeatherBall,IcyWind,HelpingHand,Protect|||M|||50|,,,,,Grass]Annihilape||ChoiceBand|Defiant|RageFist,CloseCombat,PoisonJab,IcePunch|||M|||50|,,,,,Fairy
|showteam|p2|Excadrill||FocusSash|SandRush|IronHead,HighHorsepower,Earthquake,Protect|||F|||50|,,,,,Stellar]Tyranitar||AssaultVest|SandStream|RockSlide,KnockOff,TeraBlast,LowKick|||F|||50|,,,,,Flying]Sneasler||MentalHerb|Unburden|DireClaw,CloseCombat,ThroatChop,Protect|||F|||50|,,,,,Dark]Indeedee||ChoiceScarf|PsychicSurge|ExpandingForce,TeraBlast,HelpingHand,TrickRoom|||M|||50|,,,,,Psychic]Corviknight||Leftovers|MirrorArmor|BraveBird,BulkUp,Roost,Tailwind|||M|||50|,,,,,Dragon]Annihilape||SafetyGoggles|Defiant|CloseCombat,FinalGambit,RageFist,Taunt|||F|||50|,,,,,Water
|inactive|Battle timer is ON: inactive players will automatically lose when time's up. (requested by Seanun)
|inactive|Seanun has 60 seconds left.
|
|t:|1757795512
|teamsize|p1|4
|teamsize|p2|4
|start
|switch|p1a: تیکی|Talonflame, L50, M|100/100
|switch|p1b: Annihilape|Annihilape, L50, M|100/100
|switch|p2a: Annihilape|Annihilape, L50, F|100/100
|switch|p2b: Tyranitar|Tyranitar, L50, F, shiny|100/100
|-weather|Sandstorm|[from] ability: Sand Stream|[of] p2b: Tyranitar
|turn|1
|inactive|Seanun has 30 seconds left.
|inactive|ShinkaiEx has 30 seconds left.
|inactive|Seanun has 20 seconds left.
|inactive|ShinkaiEx has 20 seconds left.
|inactive|ShinkaiEx has 15 seconds left.
|inactive|ShinkaiEx has 10 seconds left.
|
|t:|1757795562
|-terastallize|p2b: Tyranitar|Flying
|move|p1a: تیکی|Tailwind|p1a: تیکی
|-sidestart|p1: Seanun|move: Tailwind
|move|p1b: Annihilape|Close Combat|p2b: Tyranitar
|-resisted|p2b: Tyranitar
|-damage|p2b: Tyranitar|61/100
|-unboost|p1b: Annihilape|def|1
|-unboost|p1b: Annihilape|spd|1
|move|p2a: Annihilape|Rage Fist|p1b: Annihilape
|-supereffective|p1b: Annihilape
|-damage|p1b: Annihilape|32/100
|move|p2b: Tyranitar|Rock Slide|p1a: تیکی|[spread] p1a,p1b
|-supereffective|p1a: تیکی
|-resisted|p1b: Annihilape
|-damage|p1a: تیکی|0 fnt
|-damage|p1b: Annihilape|6/100
|faint|p1a: تیکی
|
|-weather|Sandstorm|[upkeep]
|-damage|p1b: Annihilape|0 fnt|[from] Sandstorm
|-damage|p2b: Tyranitar|55/100|[from] Sandstorm
|faint|p1b: Annihilape
|upkeep
|
|t:|1757795568
|switch|p1a: Nyoka-Joka|Dragalge, L50, M|100/100
|switch|p1b: Politoed|Politoed, L50, M|100/100
|-weather|RainDance|[from] ability: Drizzle|[of] p1b: Politoed
|turn|2
|inactive|ShinkaiEx has 30 seconds left.
|
|t:|1757795600
|switch|p2b: Corviknight|Corviknight, L50, M|100/100
|-terastallize|p1a: Nyoka-Joka|Water
|move|p1b: Politoed|Helping Hand|p1a: Nyoka-Joka
|-singleturn|p1a: Nyoka-Joka|Helping Hand|[of] p1b: Politoed
|move|p2a: Annihilape|Rage Fist|p1a: Nyoka-Joka
|-damage|p1a: Nyoka-Joka|78/100
|move|p1a: Nyoka-Joka|Surf|p2a: Annihilape|[spread] p1b,p2a,p2b
|-resisted|p1b: Politoed
|-damage|p1b: Politoed|69/100
|-damage|p2a: Annihilape|20/100
|-damage|p2b: Corviknight|16/100
|
|-weather|RainDance|[upkeep]
|-heal|p2b: Corviknight|21/100|[from] item: Leftovers
|upkeep
|turn|3
|inactive|ShinkaiEx has 30 seconds left.
|inactive|ShinkaiEx has 20 seconds left.
|
|t:|1757795638
|switch|p2b: Tyranitar|Tyranitar, L50, F, shiny, tera:Flying|55/100
|-weather|Sandstorm|[from] ability: Sand Stream|[of] p2b: Tyranitar
|move|p1b: Politoed|Icy Wind|p2b: Tyranitar|[spread] p2a,p2b
|-supereffective|p2b: Tyranitar
|-damage|p2a: Annihilape|12/100
|-damage|p2b: Tyranitar|44/100
|-unboost|p2a: Annihilape|spe|1
|-ability|p2a: Annihilape|Defiant|boost
|-boost|p2a: Annihilape|atk|2
|-unboost|p2b: Tyranitar|spe|1
|move|p2a: Annihilape|Rage Fist|p1a: Nyoka-Joka
|-crit|p1a: Nyoka-Joka
|-damage|p1a: Nyoka-Joka|0 fnt
|faint|p1a: Nyoka-Joka
|
|-weather|Sandstorm|[upkeep]
|-damage|p2b: Tyranitar|38/100|[from] Sandstorm
|upkeep
|turn|4
|
|t:|1757795657
|move|p1b: Politoed|Icy Wind|p2b: Tyranitar|[spread] p2a,p2b
|-supereffective|p2b: Tyranitar
|-damage|p2a: Annihilape|4/100
|-damage|p2b: Tyranitar|26/100
|-unboost|p2a: Annihilape|spe|1
|-ability|p2a: Annihilape|Defiant|boost
|-boost|p2a: Annihilape|atk|2
|-unboost|p2b: Tyranitar|spe|1
|move|p2a: Annihilape|Rage Fist|p1b: Politoed
|-damage|p1b: Politoed|0 fnt
|faint|p1b: Politoed
|
|win|ShinkaiEx
|inactive|Seanun has 30 seconds to confirm battle start!
|inactive|ShinkaiEx has 30 seconds to confirm battle start!
||Seanun is ready for game 3.
||ShinkaiEx is ready for game 3.
|uhtml|next|Next: Game 3 of 3
