|j|☆Mrdynamic63
|j|☆hh g fjk
|html|Mrdynamic63hh g fjk    
|uhtml|bestof|Game 2 of a best-of-3
|t:|1784840463
|gametype|doubles
|player|p1|Mrdynamic63|102|1000
|player|p2|hh g fjk|266|1086
|gen|9
|tier|[Gen 9 Champions] VGC 2026 Reg M-B (Bo3)
|rated|
|rule|Species Clause: Limit one of each Pokémon
|rule|Item Clause: Limit 1 of each item
|clearpoke
|poke|p1|Barbaracle, L50, M|
|poke|p1|Glimmora, L50, F|
|poke|p1|Rhyperior, L50, F|
|poke|p1|Arcanine-Hisui, L50, M|
|poke|p1|Tyranitar, L50, F|
|poke|p1|Aerodactyl, L50, F|
|poke|p2|Sceptile, L50, F|
|poke|p2|Rotom-Heat, L50|
|poke|p2|Clefable, L50, M|
|poke|p2|Aerodactyl, L50, M|
|poke|p2|Kingambit, L50, M|
|poke|p2|Basculegion, L50, M|
|teampreview|4
|showteam|p1|Barbaracle||Barbaracite|ToughClaws|ShellSmash,CloseCombat,Liquidation,RockSlide|Adamant||M|||50|]Glimmora||Glimmoranite|ToxicDebris|EnergyBall,SludgeBomb,EarthPower,PowerGem|Timid||F|||50|]Rhyperior||Leftovers|SolidRock|RockSlide,DragonTail,HighHorsepower,ThunderPunch|Adamant||F|||50|]Arcanine-Hisui||ExpertBelt|Intimidate|CloseCombat,ExtremeSpeed,RockSlide,FlareBlitz|Jolly||M|||50|]Tyranitar||LifeOrb|SandStream|KnockOff,ThunderPunch,RockSlide,Superpower|Adamant||F|||50|]Aerodactyl||Aerodactylite|Pressure|RockSlide,Tailwind,DualWingbeat,Protect|Jolly||F|||50|
|showteam|p2|Sceptile||Sceptilite|Overgrow|EnergyBall,EarthPower,DragonPulse,Protect|Timid||F|||50|]Rotom-Heat||ChoiceScarf|Levitate|Overheat,Discharge,Trick,VoltSwitch|Timid|||||50|]Clefable||SitrusBerry|Unaware|Moonblast,HelpingHand,FollowMe,Protect|Bold||M|||50|]Aerodactyl||FocusSash|Unnerve|RockSlide,DualWingbeat,Tailwind,Protect|Jolly||M|||50|]Kingambit||ChopleBerry|Defiant|KowtowCleave,SuckerPunch,IronHead,LowKick|Adamant||M|||50|]Basculegion||LifeOrb|Adaptability|WaveCrash,LastRespects,AquaJet,Protect|Adamant||M|||50|
|
|t:|1784840510
|teamsize|p1|4
|teamsize|p2|4
|start
|switch|p1a: Tyranitar|Tyranitar, L50, F|100/100
|switch|p1b: Aerodactyl|Aerodactyl, L50, F|100/100
|switch|p2a: Sceptile|Sceptile, L50, F|100/100
|switch|p2b: Clefable|Clefable, L50, M|100/100
|-ability|p1b: Aerodactyl|Pressure
|-weather|Sandstorm|[from] ability: Sand Stream|[of] p1a: Tyranitar
|turn|1
|inactive|Battle timer is ON: inactive players will automatically lose when time's up. (requested by Mrdynamic63)
|inactive|hh g fjk has 60 seconds left.
|
|t:|1784840564
|detailschange|p1b: Aerodactyl|Aerodactyl-Mega, L50, F
|-mega|p1b: Aerodactyl|Aerodactyl|Aerodactylite
|detailschange|p2a: Sceptile|Sceptile-Mega, L50, F
|-mega|p2a: Sceptile|Sceptile|Sceptilite
|move|p2b: Clefable|Follow Me|p2b: Clefable
|-singleturn|p2b: Clefable|move: Follow Me
|move|p1b: Aerodactyl|Rock Slide|p2a: Sceptile|[spread] p2a,p2b
|-crit|p2a: Sceptile
|-damage|p2a: Sceptile|33/100
|-damage|p2b: Clefable|62/100
|move|p2a: Sceptile|Earth Power|p1a: Tyranitar
|-supereffective|p1a: Tyranitar|1
|-damage|p1a: Tyranitar|68/100
|move|p1a: Tyranitar|Rock Slide|p2b: Clefable|[spread] p2a
|-miss|p1a: Tyranitar|p2b: Clefable
|-damage|p2a: Sceptile|0 fnt
|faint|p2a: Sceptile
|-damage|p1a: Tyranitar|58/100|[from] item: Life Orb
|
|-weather|Sandstorm|[upkeep]
|-damage|p2b: Clefable|56/100|[from] Sandstorm
|upkeep
|
|t:|1784840588
|switch|p2a: Kingambit|Kingambit, L50, M|100/100
|turn|2
|
|t:|1784840602
|move|p2b: Clefable|Helping Hand|p2a: Kingambit
|-singleturn|p2a: Kingambit|Helping Hand|[of] p2b: Clefable
|move|p1b: Aerodactyl|Rock Slide|p2b: Clefable|[spread] p2a
|-miss|p1b: Aerodactyl|p2b: Clefable
|-resisted|p2a: Kingambit|1
|-damage|p2a: Kingambit|86/100
|move|p1a: Tyranitar|Superpower|p2a: Kingambit
|-supereffective|p2a: Kingambit|2
|-enditem|p2a: Kingambit|Chople Berry|[eat]
|-enditem|p2a: Kingambit|Chople Berry|[weaken]
|-damage|p2a: Kingambit|0 fnt
|-unboost|p1a: Tyranitar|atk|1
|-unboost|p1a: Tyranitar|def|1
|faint|p2a: Kingambit
|-damage|p1a: Tyranitar|48/100|[from] item: Life Orb
|
|-weather|Sandstorm|[upkeep]
|-damage|p2b: Clefable|50/100g|[from] Sandstorm
|upkeep
|inactive|hh g fjk has 30 seconds left.
|inactive|hh g fjk has 20 seconds left.
|inactive|hh g fjk has 15 seconds left.
|inactive|hh g fjk has 10 seconds left.
|inactive|hh g fjk has 5 seconds left.
|
|t:|1784840657
|switch|p2a: Basculegion|Basculegion, L50, M|100/100
|turn|3
|inactive|hh g fjk has 30 seconds left.
|inactive|hh g fjk has 20 seconds left.
|
|t:|1784840695
|move|p2b: Clefable|Follow Me|p2b: Clefable
|-singleturn|p2b: Clefable|move: Follow Me
|move|p1b: Aerodactyl|Tailwind|p1b: Aerodactyl
|-sidestart|p1: Mrdynamic63|move: Tailwind
|move|p1a: Tyranitar|Knock Off|p2b: Clefable
|-resisted|p2b: Clefable|1
|-damage|p2b: Clefable|2/100
|-enditem|p2b: Clefable|Sitrus Berry|[from] move: Knock Off|[of] p1a: Tyranitar
|-damage|p1a: Tyranitar|39/100|[from] item: Life Orb
|move|p2a: Basculegion|Last Respects|p1b: Aerodactyl
|-damage|p1b: Aerodactyl|0 fnt
|faint|p1b: Aerodactyl
|-damage|p2a: Basculegion|90/100|[from] item: Life Orb
|
|-weather|Sandstorm|[upkeep]
|-damage|p2a: Basculegion|84/100|[from] Sandstorm
|-damage|p2b: Clefable|0 fnt|[from] Sandstorm
|faint|p2b: Clefable
|upkeep
|
|t:|1784840717
|switch|p1b: Glimmora|Glimmora, L50, F|100/100
|turn|4
|
|t:|1784840728
|move|p2a: Basculegion|Aqua Jet|p1a: Tyranitar
|-supereffective|p1a: Tyranitar|1
|-damage|p1a: Tyranitar|0 fnt
|faint|p1a: Tyranitar
|-damage|p2a: Basculegion|74/100|[from] item: Life Orb
|move|p1b: Glimmora|Energy Ball|p2a: Basculegion
|-supereffective|p2a: Basculegion|1
|-damage|p2a: Basculegion|0 fnt
|faint|p2a: Basculegion
|
|win|Mrdynamic63
|raw|Mrdynamic63's rating: 1000 → 1050(+50 for winning)
|raw|hh g fjk's rating: 1086 → 1058(-28 for losing)
|l|☆hh g fjk
|player|p2|
