|j|☆mikelpoyarzabal
|j|☆Liuk0000
|html|mikelpoyarzabalLiuk0000    
|uhtml|bestof|Game 2 of a best-of-3
|t:|1784753002
|gametype|doubles
|player|p1|mikelpoyarzabal|arven-s|1320
|player|p2|Liuk0000|dawn|1331
|gen|9
|tier|[Gen 9 Champions] VGC 2026 Reg M-B (Bo3)
|rated|
|rule|Species Clause: Limit one of each Pokémon
|rule|Item Clause: Limit 1 of each item
|clearpoke
|poke|p1|Tyranitar, L50, F|
|poke|p1|Excadrill, L50, M|
|poke|p1|Gholdengo, L50|
|poke|p1|Milotic, L50, F|
|poke|p1|Sinistcha, L50|
|poke|p1|Staraptor, L50, M|
|poke|p2|Basculegion, L50, M|
|poke|p2|Whimsicott, L50, M|
|poke|p2|Ninetales, L50, M|
|poke|p2|Pyroar, L50, M|
|poke|p2|Sylveon, L50, M|
|poke|p2|Raichu, L50, F|
|teampreview|4
|showteam|p1|Tyranitar||Tyranitarite|SandStream|RockSlide,KnockOff,LowKick,Protect|Jolly||F|||50|]Excadrill||FocusSash|SandRush|HighHorsepower,IronHead,RockSlide,Protect|Adamant||M|||50|]Gholdengo||LifeOrb|GoodasGold|ShadowBall,MakeItRain,NastyPlot,Protect|Modest|||||50|]Milotic||SitrusBerry|Competitive|Scald,IceBeam,IcyWind,Protect|Calm||F|||50|]Sinistcha||ColburBerry|Hospitality|MatchaGotcha,ShadowBall,RagePowder,Protect|Bold|||||50|]Staraptor||Staraptite|Intimidate|BraveBird,CloseCombat,Tailwind,Protect|Jolly||M|||50|
|showteam|p2|Basculegion||ChoiceScarf|Adaptability|WaveCrash,FlipTurn,LastRespects,AquaJet|Jolly||M|||50|]Whimsicott||FocusSash|Prankster|Tailwind,Moonblast,Encore,SunnyDay|Timid||M|||50|]Ninetales||HeatRock|Drought|WeatherBall,HelpingHand,Encore,Protect|Timid||M|||50|]Pyroar||Pyroarite|Rivalry|Round,HeatWave,Overheat,Protect|Timid||M|||50|]Sylveon||FairyFeather|Pixilate|HyperVoice,HyperBeam,Round,Detect|Modest||M|||50|]Raichu||RaichuniteY|Static|ZapCannon,FocusBlast,FakeOut,Protect|Timid||F|||50|
|inactive|Battle timer is ON: inactive players will automatically lose when time's up. (requested by Liuk0000)
|inactive|mikelpoyarzabal also wants the timer to be on.
|inactive|mikelpoyarzabal has 60 seconds left.
|inactive|Liuk0000 has 60 seconds left.
|inactive|Liuk0000 has 30 seconds left.
|inactive|Liuk0000 has 20 seconds left.
|inactive|Liuk0000 has 15 seconds left.
|inactive|Liuk0000 has 10 seconds left.
|inactive|Liuk0000 has 5 seconds left.
|
|t:|1784753092
|teamsize|p1|4
|teamsize|p2|4
|start
|switch|p1a: Excadrill|Excadrill, L50, M|100/100
|switch|p1b: Staraptor|Staraptor, L50, M|100/100
|switch|p2a: Sylveon|Sylveon, L50, M|100/100
|switch|p2b: Raichu|Raichu, L50, F|100/100
|-ability|p1b: Staraptor|Intimidate|boost
|-unboost|p2a: Sylveon|atk|1
|-unboost|p2b: Raichu|atk|1
|turn|1
|inactive|mikelpoyarzabal has 30 seconds left.
|inactive|Liuk0000 has 30 seconds left.
|inactive|Liuk0000 has 20 seconds left.
|inactive|Liuk0000 has 15 seconds left.
|inactive|Liuk0000 has 10 seconds left.
|inactive|Liuk0000 has 5 seconds left.
|
|t:|1784753146
|switch|p1b: Sinistcha|Sinistcha, L50|100/100
|detailschange|p2b: Raichu|Raichu-Mega-Y, L50, F
|-mega|p2b: Raichu|Raichu|Raichunite Y
|move|p1a: Excadrill|Protect|p1a: Excadrill
|-singleturn|p1a: Excadrill|Protect
|move|p2b: Raichu|Fake Out|p1a: Excadrill
|-activate|p1a: Excadrill|move: Protect
|move|p2a: Sylveon|Hyper Voice|p1b: Sinistcha|[spread] p1b
|-activate|p1a: Excadrill|move: Protect
|-damage|p1b: Sinistcha|53/100
|
|upkeep
|turn|2
|inactive|Liuk0000 has 30 seconds left.
|inactive|Liuk0000 has 20 seconds left.
|inactive|Liuk0000 has 15 seconds left.
|inactive|Liuk0000 has 10 seconds left.
|inactive|Liuk0000 has 5 seconds left.
|
|t:|1784753201
|move|p1b: Sinistcha|Rage Powder|p1b: Sinistcha
|-singleturn|p1b: Sinistcha|move: Rage Powder
|move|p2b: Raichu|Zap Cannon|p1b: Sinistcha
|-resisted|p1b: Sinistcha|1
|-damage|p1b: Sinistcha|20/100y
|-status|p1b: Sinistcha|par
|move|p1a: Excadrill|High Horsepower|p2b: Raichu
|-supereffective|p2b: Raichu|1
|-crit|p2b: Raichu
|-damage|p2b: Raichu|0 fnt
|faint|p2b: Raichu
|move|p2a: Sylveon|Hyper Voice|p1a: Excadrill|[spread] p1a,p1b
|-resisted|p1a: Excadrill|1
|-damage|p1a: Excadrill|64/100
|-damage|p1b: Sinistcha|0 fnt
|faint|p1b: Sinistcha
|
|upkeep
|inactive|Liuk0000 has 30 seconds left.
|
|t:|1784753229
|switch|p2b: Whimsicott|Whimsicott, L50, M|100/100
|switch|p1b: Staraptor|Staraptor, L50, M|100/100
|-ability|p1b: Staraptor|Intimidate|boost
|-unboost|p2a: Sylveon|atk|1
|-unboost|p2b: Whimsicott|atk|1
|turn|3
|
|t:|1784753239
|switch|p1b: Tyranitar|Tyranitar, L50, F|100/100
|-weather|Sandstorm|[from] ability: Sand Stream|[of] p1b: Tyranitar
|move|p2b: Whimsicott|Encore|p1a: Excadrill
|-start|p1a: Excadrill|Encore
|move|p1a: Excadrill|High Horsepower|p2b: Whimsicott
|-resisted|p2b: Whimsicott|1
|-crit|p2b: Whimsicott
|-damage|p2b: Whimsicott|41/100
|move|p2a: Sylveon|Hyper Voice|p1a: Excadrill|[spread] p1a,p1b
|-resisted|p1a: Excadrill|1
|-supereffective|p1b: Tyranitar|1
|-damage|p1a: Excadrill|30/100
|-damage|p1b: Tyranitar|33/100
|
|-weather|Sandstorm|[upkeep]
|-damage|p2b: Whimsicott|35/100|[from] Sandstorm
|-damage|p2a: Sylveon|94/100|[from] Sandstorm
|upkeep
|turn|4
|inactive|Liuk0000 has 30 seconds left.
|
|t:|1784753272
|move|p2b: Whimsicott|Tailwind|p2b: Whimsicott
|-sidestart|p2: Liuk0000|move: Tailwind
|move|p1a: Excadrill|High Horsepower|p2a: Sylveon
|-damage|p2a: Sylveon|20/100y
|move|p2a: Sylveon|Hyper Voice|p1b: Tyranitar|[spread] p1a,p1b
|-resisted|p1a: Excadrill|1
|-supereffective|p1b: Tyranitar|1
|-damage|p1a: Excadrill|0 fnt
|-damage|p1b: Tyranitar|0 fnt
|faint|p1a: Excadrill
|faint|p1b: Tyranitar
|
|-weather|Sandstorm|[upkeep]
|-damage|p2b: Whimsicott|29/100|[from] Sandstorm
|-damage|p2a: Sylveon|14/100|[from] Sandstorm
|upkeep
|-message|mikelpoyarzabal forfeited.
|
|win|Liuk0000
