|j|☆ryanpowneyissoslay
|j|☆ConnerTEP
|html|ryanpowneyissoslayConnerTEP    
|uhtml|bestof|Game 1 of a best-of-3
|t:|1757761239
|gametype|doubles
|player|p1|ryanpowneyissoslay|ghetsis|1364
|player|p2|ConnerTEP|clair-masters|1341
|gen|9
|tier|[Gen 9] VGC 2025 Reg H (Bo3)
|rated|
|rule|Species Clause: Limit one of each Pokémon
|rule|Item Clause: Limit 1 of each item
|clearpoke
|poke|p1|Pelipper, L50, M|
|poke|p1|Dragonite, L50, M|
|poke|p1|Sinistcha, L50|
|poke|p1|Incineroar, L50, F|
|poke|p1|Archaludon, L50, F|
|poke|p1|Ursaluna, L50, F|
|poke|p2|Altaria, L50, M|
|poke|p2|Incineroar, L50, F|
|poke|p2|Gothitelle, L50, M|
|poke|p2|Talonflame, L50, F|
|poke|p2|Ursaluna-Bloodmoon, L50, M|
|poke|p2|Amoonguss, L50, F|
|teampreview|4
|showteam|p1|Pelipper||FocusSash|Drizzle|MuddyWater,Hurricane,Tailwind,Protect|||M|||50|,,,,,Stellar]Dragonite||LoadedDice|Multiscale|ScaleShot,Tailwind,Haze,Protect|||M|||50|,,,,,Steel]Sinistcha||SitrusBerry|Hospitality|MatchaGotcha,RagePowder,LifeDew,TrickRoom||||||50|,,,,,Water]Incineroar||SafetyGoggles|Intimidate|KnockOff,Taunt,PartingShot,FakeOut|||F|||50|,,,,,Ghost]Archaludon||AssaultVest|Stamina|FlashCannon,Snarl,BodyPress,ElectroShot|||F|||50|,,,,,Fighting]Ursaluna||FlameOrb|Guts|Facade,HeadlongRush,Earthquake,Protect|||F|||50|,,,,,Fairy
|showteam|p2|Altaria||MentalHerb|CloudNine|DracoMeteor,PerishSong,Haze,Protect|||M|||50|,,,,,Steel]Incineroar||SafetyGoggles|Intimidate|KnockOff,PartingShot,FakeOut,Protect|||F|||50|,,,,,Bug]Gothitelle||SitrusBerry|ShadowTag|Psychic,Taunt,FakeOut,Protect|||M|||50|,,,,,Water]Talonflame||FocusSash|GaleWings|DualWingbeat,Taunt,Tailwind,Protect|||F|||50|,,,,,Ghost]Ursaluna-Bloodmoon||LifeOrb|MindsEye|BloodMoon,HyperVoice,EarthPower,Protect|||M|||50|,,,,,Normal]Amoonguss||RockyHelmet|Regenerator|Spore,PollenPuff,RagePowder,Protect|||F|||50|,,,,,Grass
|inactive|Battle timer is ON: inactive players will automatically lose when time's up. (requested by ConnerTEP)
|inactive|ryanpowneyissoslay also wants the timer to be on.
|inactive|ryanpowneyissoslay has 60 seconds left.
|inactive|ConnerTEP has 60 seconds left.
|
|t:|1757761291
|teamsize|p1|4
|teamsize|p2|4
|start
|switch|p1a: Sinistcha|Sinistcha, L50|100/100
|switch|p1b: Incineroar|Incineroar, L50, F|100/100
|switch|p2a: Talonflame|Talonflame, L50, F|100/100
|switch|p2b: Ursaluna|Ursaluna-Bloodmoon, L50, M|100/100
|-ability|p1b: Incineroar|Intimidate|boost
|-unboost|p2a: Talonflame|atk|1
|-unboost|p2b: Ursaluna|atk|1
|turn|1
|
|t:|1757761301
|-terastallize|p2b: Ursaluna|Normal
|move|p1b: Incineroar|Fake Out|p2b: Ursaluna
|-damage|p2b: Ursaluna|90/100
|move|p2a: Talonflame|Taunt|p1a: Sinistcha
|-start|p1a: Sinistcha|move: Taunt
|cant|p2b: Ursaluna|flinch
|move|p1a: Sinistcha|Matcha Gotcha|p2a: Talonflame|[spread] p2a,p2b
|-resisted|p2a: Talonflame
|-damage|p2a: Talonflame|91/100
|-damage|p2b: Ursaluna|58/100
|
|upkeep
|turn|2
|
|t:|1757761313
|move|p2a: Talonflame|Tailwind|p2a: Talonflame
|-sidestart|p2: ConnerTEP|move: Tailwind
|move|p2b: Ursaluna|Blood Moon|p1b: Incineroar
|-damage|p1b: Incineroar|0 fnt
|faint|p1b: Incineroar
|-damage|p2b: Ursaluna|48/100|[from] item: Life Orb
|move|p1a: Sinistcha|Matcha Gotcha|p2b: Ursaluna|[spread] p2a
|-miss|p1a: Sinistcha|p2b: Ursaluna
|-resisted|p2a: Talonflame
|-damage|p2a: Talonflame|82/100
|
|upkeep
|inactive|ryanpowneyissoslay has 30 seconds left.
|
|t:|1757761342
|switch|p1b: Dragonite|Dragonite, L50, M|100/100
|turn|3
|
|t:|1757761352
|move|p1b: Dragonite|Protect|p1b: Dragonite
|-singleturn|p1b: Dragonite|Protect
|move|p2a: Talonflame|Dual Wingbeat|p1b: Dragonite
|-activate|p1b: Dragonite|move: Protect
|move|p2b: Ursaluna|Hyper Voice|p1b: Dragonite|[spread] p1a
|-activate|p1b: Dragonite|move: Protect
|-damage|p1a: Sinistcha|33/100
|-enditem|p1a: Sinistcha|Sitrus Berry|[eat]
|-heal|p1a: Sinistcha|58/100|[from] item: Sitrus Berry
|-damage|p2b: Ursaluna|39/100|[from] item: Life Orb
|move|p1a: Sinistcha|Matcha Gotcha|p2a: Talonflame|[spread] p2a,p2b
|-resisted|p2a: Talonflame
|-crit|p2b: Ursaluna
|-damage|p2a: Talonflame|71/100
|-heal|p1a: Sinistcha|62/100|[from] drain|[of] p2a: Talonflame
|-damage|p2b: Ursaluna|0 fnt
|-heal|p1a: Sinistcha|83/100|[from] drain|[of] p2b: Ursaluna
|faint|p2b: Ursaluna
|
|-end|p1a: Sinistcha|move: Taunt
|upkeep
|
|t:|1757761362
|switch|p2b: Altaria|Altaria, L50, M|100/100
|-ability|p2b: Altaria|Cloud Nine
|turn|4
|-message|ConnerTEP forfeited.
|
|win|ryanpowneyissoslay
||ConnerTEP is ready for game 2.
|inactive|ryanpowneyissoslay has 30 seconds to confirm battle start!
|inactive|ryanpowneyissoslay has 20 seconds to confirm battle start!
||ryanpowneyissoslay is ready for game 2.
|uhtml|next|Next: Game 2 of 3
|l|☆ConnerTEP
|player|p2|
