|j|☆new mental
|j|☆al.fo1234
|html|new mentalal.fo1234    
|uhtml|bestof|Game 2 of a best-of-3
|t:|1783513470
|gametype|doubles
|player|p1|new mental|volkner|1283
|player|p2|al.fo1234|acetrainer-gen4dp|1163
|gen|9
|tier|[Gen 9 Champions] VGC 2026 Reg M-B (Bo3)
|rated|
|rule|Species Clause: Limit one of each Pokémon
|rule|Item Clause: Limit 1 of each item
|clearpoke
|poke|p1|Charizard, L50, F|
|poke|p1|Kingambit, L50, F|
|poke|p1|Sylveon, L50, F|
|poke|p1|Garchomp, L50, M|
|poke|p1|Aerodactyl, L50, M|
|poke|p1|Farigiraf, L50, M|
|poke|p2|Charizard, L50, F, shiny|
|poke|p2|Venusaur, L50, F|
|poke|p2|Sylveon, L50, F|
|poke|p2|Farigiraf, L50, F|
|poke|p2|Incineroar, L50, F|
|poke|p2|Garchomp, L50, M|
|teampreview|4
|showteam|p1|Charizard||CharizarditeY|SolarPower|Protect,HeatWave,SolarBeam,WeatherBall|Modest||F|||50|]Kingambit||FocusSash|Defiant|IronHead,SuckerPunch,KowtowCleave,LowKick|Adamant||F|||50|]Sylveon||FairyFeather|Pixilate|Detect,HyperVoice,HyperBeam,QuickAttack|Modest||F|||50|]Garchomp||LifeOrb|RoughSkin|Protect,DragonClaw,Earthquake,RockSlide|Jolly||M|||50|]Aerodactyl||Aerodactylite|Unnerve|IceFang,RockSlide,Tailwind,DualWingbeat|Jolly||M|||50|]Farigiraf||SitrusBerry|ArmorTail|TrickRoom,Psychic,Thunderbolt,Protect|Bold||M|||50|
|showteam|p2|Charizard||CharizarditeY|Blaze|Protect,WeatherBall,HeatWave,SolarBeam|Serious||F|||50|]Venusaur||FocusSash|Chlorophyll|SludgeBomb,EnergyBall,SleepPowder,Protect|Modest||F|||50|]Sylveon||FairyFeather|Pixilate|Protect,HyperBeam,HyperVoice,Yawn|Modest||F|||50|]Farigiraf||ColburBerry|ArmorTail|TrickRoom,Thunderbolt,Psychic,HelpingHand|Quiet||F|||50|]Incineroar||Charcoal|Intimidate|PartingShot,FlareBlitz,ThroatChop,FakeOut|Brave||F|||50|]Garchomp||LifeOrb|RoughSkin|Protect,Earthquake,RockSlide,DragonClaw|Jolly||M|||50|
|inactive|Battle timer is ON: inactive players will automatically lose when time's up. (requested by al.fo1234)
|inactive|new mental has 60 seconds left.
|inactiveoff|Battle timer is now OFF.
|inactive|Battle timer is ON: inactive players will automatically lose when time's up. (requested by new mental)
|inactive|al.fo1234 has 30 seconds left.
|
|t:|1783513592
|teamsize|p1|4
|teamsize|p2|4
|start
|switch|p1a: Aerodactyl|Aerodactyl, L50, M|100/100
|switch|p1b: Kingambit|Kingambit, L50, F|100/100
|switch|p2a: Farigiraf|Farigiraf, L50, F|100/100
|switch|p2b: Incineroar|Incineroar, L50, F|100/100
|-ability|p1a: Aerodactyl|Unnerve
|-ability|p2b: Incineroar|Intimidate|boost
|-unboost|p1a: Aerodactyl|atk|1
|-unboost|p1b: Kingambit|atk|1
|-ability|p1b: Kingambit|Defiant|boost
|-boost|p1b: Kingambit|atk|2
|turn|1
|l|☆al.fo1234
|inactive|al.fo1234 disconnected and has a minute to reconnect!
|player|p2|
|inactive|new mental has 30 seconds left.
|inactive|al.fo1234 has 30 seconds left.
|inactive|al.fo1234 has 20 seconds left.
|inactive|al.fo1234 has 15 seconds left.
|inactive|al.fo1234 has 10 seconds left.
|inactive|al.fo1234 has 5 seconds left.
|-message|al.fo1234 lost due to inactivity.
|
|win|new mental
|raw|new mental's rating: 1283 → 1300(+17 for winning)
|raw|al.fo1234's rating: 1163 → 1146(-17 for losing)
