|j|☆redx50
|j|☆dollartreehero
|html|redx50dollartreehero    
|uhtml|bestof|Game 2 of a best-of-3
|t:|1755733741
|gametype|doubles
|player|p1|redx50|red|1239
|player|p2|dollartreehero|bugcatcher-gen4dp|1142
|gen|9
|tier|[Gen 9] VGC 2025 Reg H (Bo3)
|rated|
|rule|Species Clause: Limit one of each Pokémon
|rule|Item Clause: Limit 1 of each item
|clearpoke
|poke|p1|Talonflame, L50, M|
|poke|p1|Farigiraf, L50, M|
|poke|p1|Ursaluna, L50, M|
|poke|p1|Milotic, L50, M|
|poke|p1|Tinkaton, L50, F|
|poke|p1|Incineroar, L50, F|
|poke|p2|Tyranitar, L50, M|
|poke|p2|Excadrill, L50, F|
|poke|p2|Houndstone, L50, M|
|poke|p2|Milotic, L50, M|
|poke|p2|Amoonguss, L50, M|
|poke|p2|Volcarona, L50, M|
|teampreview|4
|showteam|p1|Talonflame||SharpBeak|GaleWings|DualWingbeat,Tailwind,Uturn,Protect|||M|||50|,,,,,Ghost]Farigiraf||ThroatSpray|ArmorTail|HyperVoice,Psychic,Protect,TrickRoom|||M|||50|,,,,,Fairy]Ursaluna||FlameOrb|Guts|Facade,Protect,HeadlongRush,Earthquake|||M|||50|,,,,,Ghost]Milotic||LifeOrb|Competitive|Scald,IceBeam,Protect,TeraBlast|||M|||50|,,,,,Grass]Tinkaton||AssaultVest|MoldBreaker|FakeOut,PlayRough,Feint,GigatonHammer|||F|||50|,,,,,Grass]Incineroar||SafetyGoggles|Intimidate|KnockOff,FakeOut,FlareBlitz,PartingShot|||F|||50|,,,,,Grass
|showteam|p2|Tyranitar||AssaultVest|SandStream|KnockOff,RockSlide,TeraBlast,LowKick|||M|||50|,,,,,Flying]Excadrill||FocusSash|SandRush|HighHorsepower,IronHead,Protect,Earthquake|||F|||50|,,,,,Fire]Houndstone||LifeOrb|SandRush|LastRespects,ShadowSneak,BodyPress,Protect|||M|||50|,,,,,Normal]Milotic||SitrusBerry|Competitive|Scald,IcyWind,Protect,Haze|||M|||50|,,,,,Poison]Amoonguss||RockyHelmet|Regenerator|RagePowder,Spore,PollenPuff,SludgeBomb|||M|||50|,,,,,Water]Volcarona||Leftovers|FlameBody|QuiverDance,HeatWave,GigaDrain,Protect|||M|||50|,,,,,Grass
|inactive|Battle timer is ON: inactive players will automatically lose when time's up. (requested by dollartreehero)
|
|t:|1755733769
|teamsize|p1|4
|teamsize|p2|4
|start
|switch|p1a: Talonflame|Talonflame, L50, M|100/100
|switch|p1b: Farigiraf|Farigiraf, L50, M|100/100
|switch|p2a: Tyranitar|Tyranitar, L50, M|100/100
|switch|p2b: Excadrill|Excadrill, L50, F|100/100
|-weather|Sandstorm|[from] ability: Sand Stream|[of] p2a: Tyranitar
|turn|1
|
|t:|1755733788
|switch|p1a: Incineroar|Incineroar, L50, F|100/100
|-ability|p1a: Incineroar|Intimidate|boost
|-unboost|p2a: Tyranitar|atk|1
|-unboost|p2b: Excadrill|atk|1
|move|p2b: Excadrill|Iron Head|p1b: Farigiraf
|-damage|p1b: Farigiraf|67/100
|move|p2a: Tyranitar|Rock Slide|p1a: Incineroar|[spread] p1a,p1b
|-supereffective|p1a: Incineroar
|-damage|p1a: Incineroar|58/100
|-damage|p1b: Farigiraf|46/100
|cant|p1b: Farigiraf|flinch
|
|-weather|Sandstorm|[upkeep]
|-damage|p1b: Farigiraf|40/100|[from] Sandstorm
|upkeep
|turn|2
|
|t:|1755733805
|-terastallize|p1b: Farigiraf|Fairy
|-terastallize|p2a: Tyranitar|Flying
|move|p2b: Excadrill|Earthquake|p1a: Incineroar|[spread] p1a,p1b
|-immune|p2a: Tyranitar
|-supereffective|p1a: Incineroar
|-damage|p1a: Incineroar|3/100
|-damage|p1b: Farigiraf|12/100
|move|p2a: Tyranitar|Rock Slide|p1b: Farigiraf|[spread] p1a,p1b
|-supereffective|p1a: Incineroar
|-damage|p1a: Incineroar|0 fnt
|-damage|p1b: Farigiraf|0 fnt
|faint|p1a: Incineroar
|faint|p1b: Farigiraf
|
|-weather|Sandstorm|[upkeep]
|-damage|p2a: Tyranitar|94/100|[from] Sandstorm
|upkeep
|-message|redx50 forfeited.
|
|win|dollartreehero
|raw|redx50's rating: 1239 → 1207(-32 for losing)
|raw|dollartreehero's rating: 1142 → 1174(+32 for winning)
|l|☆redx50
|player|p1|
|l|☆dollartreehero
|player|p2|
|j|☆dollartreehero
|player|p2|dollartreehero|bugcatcher-gen4dp|
