|j|☆Gi1796
|j|☆jmikebaeza
|html|Gi1796jmikebaeza    
|uhtml|bestof|Game 1 of a best-of-3
|t:|1756831671
|gametype|doubles
|player|p1|Gi1796|169|1183
|player|p2|jmikebaeza|sailor|1095
|gen|9
|tier|[Gen 9] VGC 2025 Reg H (Bo3)
|rated|
|rule|Species Clause: Limit one of each Pokémon
|rule|Item Clause: Limit 1 of each item
|clearpoke
|poke|p1|Sneasler, L50, F|
|poke|p1|Indeedee, L50, M|
|poke|p1|Annihilape, L50, F|
|poke|p1|Tyranitar, L50, F|
|poke|p1|Excadrill, L50, M|
|poke|p1|Corviknight, L50, F|
|poke|p2|Ursaluna, L50, M|
|poke|p2|Armarouge, L50, M|
|poke|p2|Indeedee-F, L50, F|
|poke|p2|Torkoal, L50, M|
|poke|p2|Hatterene, L50, F|
|poke|p2|Lilligant-Hisui, L50, F|
|teampreview|4
|showteam|p1|Sneasler||PsychicSeed|Unburden|CloseCombat,DireClaw,ThroatChop,Protect|||F|||50|,,,,,Dark]Indeedee||ChoiceScarf|PsychicSurge|ExpandingForce,TeraBlast,Trick,DazzlingGleam|||M|||50|,,,,,Psychic]Annihilape||SafetyGoggles|Defiant|CloseCombat,RageFist,Taunt,FinalGambit|||F|||50|,,,,,Water]Tyranitar||AssaultVest|SandStream|RockSlide,KnockOff,TeraBlast,LowKick|||F|||50|,,,,,Flying]Excadrill||FocusSash|SandRush|HighHorsepower,Earthquake,IronHead,Protect|||M|||50|,,,,,Stellar]Corviknight||Leftovers|MirrorArmor|BraveBird,BulkUp,Tailwind,Roost|||F|||50|,,,,,Dragon
|showteam|p2|Ursaluna||FlameOrb|Guts|Protect,Facade,Earthquake,HeadlongRush|||M|||50|,,,,,Ghost]Armarouge||PowerHerb|FlashFire|TrickRoom,MeteorBeam,ExpandingForce,ArmorCannon|||M|||50|,,,,,Fire]Indeedee-F||PsychicSeed|PsychicSurge|TrickRoom,DazzlingGleam,FollowMe,HelpingHand|||F|||50|,,,,,Fairy]Torkoal||ChoiceSpecs|Drought|Eruption,WeatherBall,EarthPower,Protect|||M|||50|,,,,,Fire]Hatterene||LifeOrb|MagicBounce|DazzlingGleam,ExpandingForce,TrickRoom,Protect|||F|||50|,,,,,Psychic]Lilligant-Hisui||FocusSash|Chlorophyll|CloseCombat,SleepPowder,TripleAxel,AfterYou|||F|||50|,,,,,Ghost
|inactive|Battle timer is ON: inactive players will automatically lose when time's up. (requested by Gi1796)
|inactive|Gi1796 has 60 seconds left.
|
|t:|1756831728
|teamsize|p1|4
|teamsize|p2|4
|start
|switch|p1a: Indeedee|Indeedee, L50, M|100/100
|switch|p1b: Sneasler|Sneasler, L50, F|100/100
|switch|p2a: Indeedee|Indeedee-F, L50, F|100/100
|switch|p2b: Lilligant|Lilligant-Hisui, L50, F|100/100
|-fieldstart|move: Psychic Terrain|[from] ability: Psychic Surge|[of] p1a: Indeedee
|-enditem|p1b: Sneasler|Psychic Seed
|-boost|p1b: Sneasler|spd|1|[from] item: Psychic Seed
|-enditem|p2a: Indeedee|Psychic Seed
|-boost|p2a: Indeedee|spd|1|[from] item: Psychic Seed
|turn|1
|inactive|Gi1796 has 30 seconds left.
|inactive|Gi1796 has 20 seconds left.
|inactive|Gi1796 has 15 seconds left.
|inactive|Gi1796 has 10 seconds left.
|
|t:|1756831774
|switch|p2a: Torkoal|Torkoal, L50, M|100/100
|-weather|SunnyDay|[from] ability: Drought|[of] p2a: Torkoal
|move|p1b: Sneasler|Dire Claw|p2a: Torkoal
|-damage|p2a: Torkoal|65/100
|-status|p2a: Torkoal|psn
|move|p2b: Lilligant|Sleep Powder|p1a: Indeedee
|-status|p1a: Indeedee|slp|[from] move: Sleep Powder
|cant|p1a: Indeedee|slp
|
|-weather|SunnyDay|[upkeep]
|-damage|p2a: Torkoal|52/100 psn|[from] psn
|upkeep
|turn|2
|inactive|jmikebaeza has 30 seconds left.
|
|t:|1756831803
|move|p1b: Sneasler|Dire Claw|p2b: Lilligant
|-supereffective|p2b: Lilligant
|-enditem|p2b: Lilligant|Focus Sash
|-damage|p2b: Lilligant|1/100
|move|p2b: Lilligant|Triple Axel|p1a: Indeedee
|-damage|p1a: Indeedee|85/100 slp
|-damage|p1a: Indeedee|56/100 slp
|-damage|p1a: Indeedee|14/100 slp
|-hitcount|p1a: Indeedee|3
|-curestatus|p1a: Indeedee|slp|[msg]
|move|p1a: Indeedee|Expanding Force|p2a: Torkoal|[spread] p2a,p2b
|-supereffective|p2b: Lilligant
|-damage|p2a: Torkoal|0 fnt
|-damage|p2b: Lilligant|0 fnt
|faint|p2a: Torkoal
|faint|p2b: Lilligant
|
|-weather|SunnyDay|[upkeep]
|upkeep
|
|t:|1756831825
|switch|p2b: Armarouge|Armarouge, L50, M|100/100
|switch|p2a: Indeedee|Indeedee-F, L50, F|100/100
|turn|3
|
|t:|1756831847
|-terastallize|p1a: Indeedee|Psychic
|-terastallize|p2b: Armarouge|Fire
|move|p2a: Indeedee|Follow Me|p2a: Indeedee
|-singleturn|p2a: Indeedee|move: Follow Me
|move|p1b: Sneasler|Dire Claw|p2a: Indeedee
|-damage|p2a: Indeedee|48/100
|-status|p2a: Indeedee|psn
|move|p1a: Indeedee|Expanding Force|p2a: Indeedee|[spread] p2a,p2b
|-resisted|p2a: Indeedee
|-damage|p2a: Indeedee|13/100 psn
|-damage|p2b: Armarouge|22/100
|move|p2b: Armarouge|Armor Cannon|p1b: Sneasler
|-damage|p1b: Sneasler|0 fnt
|-unboost|p2b: Armarouge|def|1
|-unboost|p2b: Armarouge|spd|1
|faint|p1b: Sneasler
|
|-weather|SunnyDay|[upkeep]
|-damage|p2a: Indeedee|0 fnt|[from] psn
|faint|p2a: Indeedee
|upkeep
|j| vivillionOp 4.0
|
|t:|1756831866
|switch|p1b: Tyranitar|Tyranitar, L50, F|100/100
|-weather|Sandstorm|[from] ability: Sand Stream|[of] p1b: Tyranitar
|turn|4
|
|t:|1756831876
|move|p1a: Indeedee|Expanding Force|p2b: Armarouge
|-damage|p2b: Armarouge|0 fnt
|faint|p2b: Armarouge
|
|win|Gi1796
