|j|☆tobrin
|j|☆Figure Eight 00
|html|tobrinFigure Eight 00    
|uhtml|bestof|Game 2 of a best-of-3
|t:|1783543651
|gametype|doubles
|player|p1|tobrin|lance|1105
|player|p2|Figure Eight 00|elesa|1000
|gen|9
|tier|[Gen 9 Champions] VGC 2026 Reg M-B (Bo3)
|rated|
|rule|Species Clause: Limit one of each Pokémon
|rule|Item Clause: Limit 1 of each item
|clearpoke
|poke|p1|Floette-Eternal, L50, F|
|poke|p1|Whimsicott, L50, M|
|poke|p1|Basculegion, L50, M|
|poke|p1|Kingambit, L50, M|
|poke|p1|Garchomp, L50, F|
|poke|p1|Charizard, L50, M|
|poke|p2|Staraptor, L50, M|
|poke|p2|Whimsicott, L50, F, shiny|
|poke|p2|Salazzle, L50, F|
|poke|p2|Sceptile, L50, M|
|poke|p2|Aegislash, L50, M, shiny|
|poke|p2|Delphox, L50, M|
|teampreview|4
|showteam|p1|Floette-Eternal||Floettite|FlowerVeil|Moonblast,DazzlingGleam,LightofRuin,Protect|Modest||F|||50|]Whimsicott||FocusSash|Prankster|Moonblast,Tailwind,Encore,Protect|Timid||M|||50|]Basculegion||LifeOrb|Adaptability|WaveCrash,AquaJet,LastRespects,Protect|Adamant||M|||50|]Kingambit||OccaBerry|Defiant|KowtowCleave,SuckerPunch,LowKick,IronHead|Adamant||M|||50|]Garchomp||ExpertBelt|RoughSkin|DragonClaw,RockSlide,Earthquake,Protect|Jolly||F|||50|]Charizard||CharizarditeY|SolarPower|HeatWave,WeatherBall,SolarBeam,Protect|Modest||M|||50|
|showteam|p2|Staraptor||Staraptite|Intimidate|Protect,BraveBird,CloseCombat,Facade|Adamant||M|||50|]Whimsicott||FocusSash|Prankster|Encore,Charm,Tailwind,Moonblast|Bold||F|||50|]Salazzle||BlackGlasses|Corrosion|Toxic,FoulPlay,Flamethrower,SludgeBomb|Calm||F|||50|]Sceptile||SitrusBerry|Unburden|Protect,ShedTail,GigaDrain,EarthPower|Calm||M|||50|]Aegislash||Leftovers|StanceChange|KingsShield,ShadowClaw,NightSlash,IronHead|Brave||M|||50|]Delphox||Delphoxite|Blaze|Protect,Psychic,ShadowBall,Overheat|Modest||M|||50|
|
|t:|1783543698
|teamsize|p1|4
|teamsize|p2|4
|start
|switch|p1a: Whimsicott|Whimsicott, L50, M|100/100
|switch|p1b: Floette|Floette-Eternal, L50, F|100/100
|switch|p2a: Whimsicott|Whimsicott, L50, F, shiny|100/100
|switch|p2b: Staraptor|Staraptor, L50, M|100/100
|-ability|p2b: Staraptor|Intimidate|boost
|-block|p1a: Whimsicott|ability: Flower Veil|[of] p1b: Floette
|-unboost|p1b: Floette|atk|1
|turn|1
|
|t:|1783543721
|detailschange|p1b: Floette|Floette-Mega, L50, F
|-mega|p1b: Floette|Floette|Floettite
|-ability|p1b: Floette|Fairy Aura
|move|p2a: Whimsicott|Tailwind|p2a: Whimsicott
|-sidestart|p2: Figure Eight 00|move: Tailwind
|move|p2b: Staraptor|Brave Bird|p1a: Whimsicott
|-supereffective|p1a: Whimsicott|1
|-enditem|p1a: Whimsicott|Focus Sash
|-damage|p1a: Whimsicott|1/100
|-damage|p2b: Staraptor|73/100|[from] Recoil
|move|p1a: Whimsicott|Moonblast|p2b: Staraptor
|-damage|p2b: Staraptor|15/100
|move|p1b: Floette|Dazzling Gleam|p2b: Staraptor|[spread] p2a,p2b
|-damage|p2a: Whimsicott|32/100
|-damage|p2b: Staraptor|0 fnt
|faint|p2b: Staraptor
|
|upkeep
|
|t:|1783543740
|switch|p2b: Salazzle|Salazzle, L50, F|100/100
|turn|2
|
|t:|1783543765
|switch|p2a: Aegislash|Aegislash, L50, M, shiny|100/100
|move|p1b: Floette|Protect|p1b: Floette
|-singleturn|p1b: Floette|Protect
|move|p1a: Whimsicott|Tailwind|p1a: Whimsicott
|-sidestart|p1: tobrin|move: Tailwind
|move|p2b: Salazzle|Sludge Bomb|p1b: Floette
|-activate|p1b: Floette|move: Protect
|
|upkeep
|turn|3
|
|t:|1783543782
|switch|p1b: Garchomp|Garchomp, L50, F|100/100
|move|p1a: Whimsicott|Encore|p2b: Salazzle
|-start|p2b: Salazzle|Encore
|move|p2b: Salazzle|Sludge Bomb|p1b: Garchomp
|-resisted|p1b: Garchomp|1
|-damage|p1b: Garchomp|78/100
|-formechange|p2a: Aegislash|Aegislash-Blade|
|move|p2a: Aegislash|Night Slash|p1a: Whimsicott
|-resisted|p1a: Whimsicott|1
|-damage|p1a: Whimsicott|0 fnt
|faint|p1a: Whimsicott
|
|upkeep
|
|t:|1783543797
|switch|p1a: Basculegion|Basculegion, L50, M|100/100
|turn|4
|
|t:|1783543809
|switch|p2b: Whimsicott|Whimsicott, L50, F, shiny|32/100
|move|p1a: Basculegion|Protect|p1a: Basculegion
|-singleturn|p1a: Basculegion|Protect
|-formechange|p2a: Aegislash|Aegislash|
|move|p2a: Aegislash|King's Shield|p2a: Aegislash
|-singleturn|p2a: Aegislash|Protect
|move|p1b: Garchomp|Earthquake|p2a: Aegislash|[spread] p2b
|-activate|p1a: Basculegion|move: Protect
|-activate|p2a: Aegislash|move: Protect
|-resisted|p2b: Whimsicott|1
|-damage|p2b: Whimsicott|11/100
|
|-sideend|p2: Figure Eight 00|move: Tailwind
|upkeep
|turn|5
|l|☆Figure Eight 00
|player|p2|
|inactive|Battle timer is ON: inactive players will automatically lose when time's up. (requested by tobrin)
|inactive|Figure Eight 00 has 30 seconds to reconnect!
|inactive|Figure Eight 00 has 20 seconds to reconnect!
|inactive|Figure Eight 00 has 15 seconds to reconnect!
|inactive|Figure Eight 00 has 10 seconds to reconnect!
|inactive|Figure Eight 00 has 5 seconds to reconnect!
|-message|Figure Eight 00 lost due to inactivity.
|
|win|tobrin
|raw|tobrin's rating: 1105 → 1123(+18 for winning)
|raw|Figure Eight 00's rating: 1000 → 1000(+0 for losing)
