|j|☆hisuriofc
|j|☆Lord Of Bulky
|html|hisuriofcLord Of Bulky    
|uhtml|bestof|Game 1 of a best-of-3
|t:|1784306852
|gametype|doubles
|player|p1|hisuriofc|101|1048
|player|p2|Lord Of Bulky|alder|1096
|gen|9
|tier|[Gen 9 Champions] VGC 2026 Reg M-B (Bo3)
|rated|
|rule|Species Clause: Limit one of each Pokémon
|rule|Item Clause: Limit 1 of each item
|clearpoke
|poke|p1|Audino, L50, F|
|poke|p1|Dragonite, L50, F|
|poke|p1|Incineroar, L50, F|
|poke|p1|Pikachu, L50, F|
|poke|p1|Azumarill, L50, F|
|poke|p1|Serperior, L50, F, shiny|
|poke|p2|Politoed, L50, M|
|poke|p2|Swampert, L50, M, shiny|
|poke|p2|Incineroar, L50, M|
|poke|p2|Archaludon, L50, F, shiny|
|poke|p2|Gengar, L50, F, shiny|
|poke|p2|Vivillon-Fancy, L50, M, shiny|
|teampreview|4
|showteam|p1|Audino||Audinite|Regenerator|Wish,Protect,DazzlingGleam,ThunderWave|Calm||F|||50|]Dragonite||MuscleBand|InnerFocus|DragonDance,DragonRush,ExtremeSpeed,Protect|Adamant||F|||50|]Incineroar||Leftovers|Intimidate|FakeOut,PartingShot,DarkestLariat,FlareBlitz|Adamant||F|||50|]Pikachu||LightBall|LightningRod|FakeOut,VoltSwitch,Thunder,Protect|Timid||F|||50|]Azumarill||LifeOrb|HugePower|RainDance,AquaJet,PlayRough,IceSpinner|Adamant||F|||50|]Serperior||WiseGlasses|Contrary|LeafStorm,DragonPulse,GigaDrain,Protect|Timid||F|||50|
|showteam|p2|Politoed||SitrusBerry|Drizzle|WeatherBall,PerishSong,Encore,Protect|Calm||M|||50|]Swampert||Swampertite|Damp|WaveCrash,Earthquake,Protect,IcePunch|Adamant||M|||50|]Incineroar||PasshoBerry|Intimidate|ThroatChop,PartingShot,FakeOut,Protect|Sassy||M|||50|]Archaludon||Leftovers|Stamina|DragonPulse,FlashCannon,ElectroShot,Protect|Bold||F|||50|]Gengar||Gengarite|CursedBody|ShadowBall,PerishSong,SludgeBomb,Protect|Timid||F|||50|]Vivillon-Fancy||FocusSash|CompoundEyes|SleepPowder,Protect,RagePowder,Hurricane|Timid||M|||50|
|inactive|Battle timer is ON: inactive players will automatically lose when time's up. (requested by Lord Of Bulky)
|
|t:|1784306883
|teamsize|p1|4
|teamsize|p2|4
|start
|switch|p1a: Audino|Audino, L50, F|100/100
|switch|p1b: Incineroar|Incineroar, L50, F|100/100
|switch|p2a: Gengar|Gengar, L50, F, shiny|100/100
|switch|p2b: Incineroar|Incineroar, L50, M|100/100
|-ability|p1b: Incineroar|Intimidate|boost
|-unboost|p2a: Gengar|atk|1
|-unboost|p2b: Incineroar|atk|1
|-ability|p2b: Incineroar|Intimidate|boost
|-unboost|p1a: Audino|atk|1
|-unboost|p1b: Incineroar|atk|1
|turn|1
|
|t:|1784306906
|detailschange|p2a: Gengar|Gengar-Mega, L50, F, shiny
|-mega|p2a: Gengar|Gengar|Gengarite
|detailschange|p1a: Audino|Audino-Mega, L50, F
|-mega|p1a: Audino|Audino|Audinite
|move|p2b: Incineroar|Fake Out|p1b: Incineroar
|-damage|p1b: Incineroar|93/100
|move|p2a: Gengar|Perish Song|p2a: Gengar
|-start|p1a: Audino|perish3|[silent]
|-start|p1b: Incineroar|perish3|[silent]
|-start|p2a: Gengar|perish3|[silent]
|-start|p2b: Incineroar|perish3|[silent]
|-fieldactivate|move: Perish Song
|cant|p1b: Incineroar|flinch
|move|p1a: Audino|Thunder Wave|p2a: Gengar
|-status|p2a: Gengar|par
|
|-heal|p1b: Incineroar|99/100|[from] item: Leftovers
|-start|p2a: Gengar|perish3
|-start|p1b: Incineroar|perish3
|-start|p2b: Incineroar|perish3
|-start|p1a: Audino|perish3
|upkeep
|turn|2
|inactive|hisuriofc has 30 seconds left.
|
|t:|1784306934
|move|p2a: Gengar|Protect|p2a: Gengar
|-singleturn|p2a: Gengar|Protect
|move|p2b: Incineroar|Protect|p2b: Incineroar
|-singleturn|p2b: Incineroar|Protect
|move|p1b: Incineroar|Darkest Lariat|p2a: Gengar
|-activate|p2a: Gengar|move: Protect
|move|p1a: Audino|Dazzling Gleam|p2b: Incineroar|[spread] 
|-activate|p2a: Gengar|move: Protect
|-activate|p2b: Incineroar|move: Protect
|
|-heal|p1b: Incineroar|100/100|[from] item: Leftovers
|-start|p2a: Gengar|perish2
|-start|p1b: Incineroar|perish2
|-start|p2b: Incineroar|perish2
|-start|p1a: Audino|perish2
|upkeep
|turn|3
|inactive|Lord Of Bulky has 30 seconds left.
|
|t:|1784306960
|switch|p2a: Archaludon|Archaludon, L50, F, shiny|100/100
|move|p1b: Incineroar|Darkest Lariat|p2a: Archaludon
|-damage|p2a: Archaludon|83/100
|-ability|p2a: Archaludon|Stamina|boost
|-boost|p2a: Archaludon|def|1
|move|p2b: Incineroar|Parting Shot|p1a: Audino
|-unboost|p1a: Audino|atk|1
|-unboost|p1a: Audino|spa|1
|
|t:|1784306969
|switch|p2b: Gengar|Gengar-Mega, L50, F, shiny|100/100 par|[from] Parting Shot
|move|p1a: Audino|Dazzling Gleam|p2b: Gengar|[spread] p2a,p2b
|-resisted|p2b: Gengar|1
|-damage|p2a: Archaludon|72/100
|-damage|p2b: Gengar|93/100 par
|-ability|p2a: Archaludon|Stamina|boost
|-boost|p2a: Archaludon|def|1
|
|-heal|p2a: Archaludon|78/100|[from] item: Leftovers
|-start|p1b: Incineroar|perish1
|-start|p1a: Audino|perish1
|upkeep
|turn|4
|-message|hisuriofc forfeited.
|
|win|Lord Of Bulky
|l|☆hisuriofc
|player|p1|
|raw|hisuriofc's rating: 1048 → 1033(-15 for losing)
|raw|Lord Of Bulky's rating: 1096 → 1118(+22 for winning)
