|j|☆stoicone
|j|☆lettitripppp
|html|stoiconelettitripppp    
|uhtml|bestof|Game 1 of a best-of-3
|t:|1782762225
|gametype|doubles
|player|p1|stoicone|170|1018
|player|p2|lettitripppp|lucas|1150
|gen|9
|tier|[Gen 9 Champions] VGC 2026 Reg M-B (Bo3)
|rated|
|rule|Species Clause: Limit one of each Pokémon
|rule|Item Clause: Limit 1 of each item
|clearpoke
|poke|p1|Farigiraf, L50, M|
|poke|p1|Pyroar, L50, F|
|poke|p1|Ninetales, L50, M|
|poke|p1|Floette-Eternal, L50, F|
|poke|p1|Whimsicott, L50, F|
|poke|p1|Basculegion, L50, M|
|poke|p2|Charizard, L50, M|
|poke|p2|Floette-Eternal, L50, F|
|poke|p2|Basculegion, L50, M, shiny|
|poke|p2|Garchomp, L50, F|
|poke|p2|Whimsicott, L50, F, shiny|
|poke|p2|Kingambit, L50, F|
|teampreview|4
|showteam|p1|Farigiraf||SitrusBerry|ArmorTail|TrickRoom,TwinBeam,Thunderbolt,HelpingHand|Quiet||M|||50|]Pyroar||Pyroarite|Rivalry|HeatWave,Overheat,SolarBeam,Protect|Modest||F|||50|]Ninetales||ChoiceScarf|Drought|Overheat,HeatWave,FakeTears,SolarBeam|Modest||M|||50|]Floette-Eternal||Floettite|FlowerVeil|LightofRuin,DazzlingGleam,Moonblast,Protect|Modest||F|||50|]Whimsicott||FocusSash|Prankster|SunnyDay,Moonblast,Tailwind,Protect|Modest||F|||50|]Basculegion||LifeOrb|Adaptability|WaveCrash,LastRespects,AquaJet,Protect|Jolly||M|||50|
|showteam|p2|Charizard||CharizarditeY|Blaze|WeatherBall,SolarBeam,HeatWave,Protect|Modest||M|||50|]Floette-Eternal||Floettite|FlowerVeil|DazzlingGleam,LightofRuin,Moonblast,Protect|Timid||F|||50|]Basculegion||MysticWater|Adaptability|LastRespects,WaveCrash,AquaJet,Protect|Adamant||M|||50|]Garchomp||LifeOrb|RoughSkin|DragonClaw,Earthquake,RockSlide,Protect|Jolly||F|||50|]Whimsicott||FocusSash|Prankster|Moonblast,Tailwind,Encore,Protect|Timid||F|||50|]Kingambit||ChopleBerry|Defiant|KowtowCleave,SuckerPunch,IronHead,LowKick|Adamant||F|||50|
|inactive|Battle timer is ON: inactive players will automatically lose when time's up. (requested by stoicone)
|inactive|lettitripppp also wants the timer to be on.
|inactive|lettitripppp has 60 seconds left.
|
|t:|1782762260
|teamsize|p1|4
|teamsize|p2|4
|start
|switch|p1a: Whimsicott|Whimsicott, L50, F|100/100
|switch|p1b: Basculegion|Basculegion, L50, M|100/100
|switch|p2a: AGNI|Charizard, L50, M|100/100
|switch|p2b: LETS GO GO|Whimsicott, L50, F, shiny|100/100
|turn|1
|
|t:|1782762281
|detailschange|p2a: AGNI|Charizard-Mega-Y, L50, M
|-mega|p2a: AGNI|Charizard|Charizardite Y
|-weather|SunnyDay|[from] ability: Drought|[of] p2a: AGNI
|move|p2b: LETS GO GO|Tailwind|p2b: LETS GO GO
|-sidestart|p2: lettitripppp|move: Tailwind
|move|p1a: Whimsicott|Tailwind|p1a: Whimsicott
|-sidestart|p1: stoicone|move: Tailwind
|move|p2a: AGNI|Heat Wave|p1a: Whimsicott|[spread] p1a,p1b
|-supereffective|p1a: Whimsicott|1
|-resisted|p1b: Basculegion|1
|-enditem|p1a: Whimsicott|Focus Sash
|-damage|p1a: Whimsicott|1/100
|-damage|p1b: Basculegion|74/100
|move|p1b: Basculegion|Wave Crash|p2a: AGNI
|-supereffective|p2a: AGNI|1
|-crit|p2a: AGNI
|-damage|p2a: AGNI|0 fnt
|faint|p2a: AGNI
|-damage|p1b: Basculegion|49/100|[from] Recoil
|-damage|p1b: Basculegion|39/100|[from] item: Life Orb
|
|-weather|SunnyDay|[upkeep]
|upkeep
|
|t:|1782762294
|switch|p2a: CRUSH SHARK|Garchomp, L50, F|100/100
|turn|2
|
|t:|1782762308
|move|p1a: Whimsicott|Protect|p1a: Whimsicott
|-singleturn|p1a: Whimsicott|Protect
|move|p2b: LETS GO GO|Encore|p1a: Whimsicott
|-activate|p1a: Whimsicott|move: Protect
|move|p1b: Basculegion|Aqua Jet|p2b: LETS GO GO
|-resisted|p2b: LETS GO GO|1
|-damage|p2b: LETS GO GO|90/100
|-damage|p1b: Basculegion|29/100|[from] item: Life Orb
|move|p2a: CRUSH SHARK|Earthquake|p1b: Basculegion|[spread] p2b,p1b
|-activate|p1a: Whimsicott|move: Protect
|-resisted|p2b: LETS GO GO|1
|-damage|p2b: LETS GO GO|53/100
|-damage|p1b: Basculegion|0 fnt
|faint|p1b: Basculegion
|-damage|p2a: CRUSH SHARK|90/100|[from] item: Life Orb
|
|-weather|SunnyDay|[upkeep]
|upkeep
|
|t:|1782762326
|switch|p1b: Pyroar|Pyroar, L50, F|100/100
|turn|3
|
|t:|1782762334
|detailschange|p1b: Pyroar|Pyroar-Mega, L50, F
|-mega|p1b: Pyroar|Pyroar|Pyroarite
|move|p2b: LETS GO GO|Encore|p1a: Whimsicott
|-start|p1a: Whimsicott|Encore
|move|p1a: Whimsicott|Protect||[still]
|-fail|p1a: Whimsicott
|move|p1b: Pyroar|Heat Wave|p2b: LETS GO GO|[spread] p2a,p2b
|-resisted|p2a: CRUSH SHARK|1
|-supereffective|p2b: LETS GO GO|1
|-damage|p2a: CRUSH SHARK|42/100
|-damage|p2b: LETS GO GO|0 fnt
|faint|p2b: LETS GO GO
|move|p2a: CRUSH SHARK|Earthquake|p1a: Whimsicott|[spread] p1a,p1b
|-resisted|p1a: Whimsicott|1
|-supereffective|p1b: Pyroar|1
|-damage|p1a: Whimsicott|0 fnt
|-damage|p1b: Pyroar|0 fnt
|faint|p1a: Whimsicott
|faint|p1b: Pyroar
|-damage|p2a: CRUSH SHARK|32/100|[from] item: Life Orb
|
|-weather|SunnyDay|[upkeep]
|upkeep
|
|t:|1782762354
|switch|p2b: GHOSTWAVE|Basculegion, L50, M, shiny|100/100
|switch|p1a: Ninetales|Ninetales, L50, M|100/100
|turn|4
|
|t:|1782762362
|move|p1a: Ninetales|Heat Wave|p2b: GHOSTWAVE|[spread] p2a,p2b
|-resisted|p2a: CRUSH SHARK|1
|-resisted|p2b: GHOSTWAVE|1
|-damage|p2a: CRUSH SHARK|7/100
|-damage|p2b: GHOSTWAVE|77/100
|-status|p2a: CRUSH SHARK|brn
|move|p2a: CRUSH SHARK|Earthquake|p1a: Ninetales|[spread] p2b,p1a
|-supereffective|p1a: Ninetales|1
|-damage|p2b: GHOSTWAVE|54/100
|-damage|p1a: Ninetales|26/100
|-damage|p2a: CRUSH SHARK|0 fnt|[from] item: Life Orb
|faint|p2a: CRUSH SHARK
|move|p2b: GHOSTWAVE|Wave Crash|p1a: Ninetales
|-supereffective|p1a: Ninetales|1
|-damage|p1a: Ninetales|0 fnt
|faint|p1a: Ninetales
|-damage|p2b: GHOSTWAVE|48/100|[from] Recoil
|
|win|lettitripppp
|l|☆stoicone
|player|p1|
|inactive|stoicone has 30 seconds to confirm battle start!
|inactive|lettitripppp has 30 seconds to confirm battle start!
