|j|☆yamamagames
|j|☆Karissel
|html|yamamagamesKarissel    
|uhtml|bestof|Game 2 of a best-of-3
|t:|1784507678
|gametype|doubles
|player|p1|yamamagames|red|1322
|player|p2|Karissel|miku-ground|1379
|gen|9
|tier|[Gen 9 Champions] VGC 2026 Reg M-B (Bo3)
|rated|
|rule|Species Clause: Limit one of each Pokémon
|rule|Item Clause: Limit 1 of each item
|clearpoke
|poke|p1|Mawile, L50, F, shiny|
|poke|p1|Torkoal, L50, M|
|poke|p1|Vileplume, L50, M|
|poke|p1|Incineroar, L50, M|
|poke|p1|Farigiraf, L50, F, shiny|
|poke|p1|Maushold-Four, L50|
|poke|p2|Charizard, L50, M|
|poke|p2|Glimmora, L50, F|
|poke|p2|Whimsicott, L50, F|
|poke|p2|Ninetales-Alola, L50, F|
|poke|p2|Kingambit, L50, F|
|poke|p2|Kommo-o, L50, M|
|teampreview|4
|showteam|p1|Mawile||Mawilite|Intimidate|PlayRough,RockSlide,SuckerPunch,Protect|Brave||F|||50|]Torkoal||Charcoal|Drought|Eruption,WeatherBall,EarthPower,Protect|Quiet||M|||50|]Vileplume||FocusSash|Chlorophyll|SolarBeam,SleepPowder,SludgeBomb,AfterYou|Timid||M|||50|]Incineroar||LifeOrb|Intimidate|FlareBlitz,DarkestLariat,PartingShot,FakeOut|Brave||M|||50|]Farigiraf||SitrusBerry|ArmorTail|TwinBeam,TrickRoom,Thunderbolt,HelpingHand|Relaxed||F|||50|]Maushold-Four||WideLens|Technician|PopulationBomb,SuperFang,Taunt,Protect|Jolly|||||50|
|showteam|p2|Charizard||CharizarditeY|Blaze|HeatWave,WeatherBall,SolarBeam,Protect|Modest||M|||50|]Glimmora||Glimmoranite|ToxicDebris|SludgeBomb,PowerGem,EarthPower,SpikyShield|Modest||F|||50|]Whimsicott||FocusSash|Prankster|Moonblast,Tailwind,Encore,Protect|Timid||F|||50|]Ninetales-Alola||NeverMeltIce|SnowWarning|Blizzard,FreezeDry,Disable,Protect|Timid||F|||50|]Kingambit||BlackGlasses|Defiant|KowtowCleave,SuckerPunch,LowKick,Protect|Adamant||F|||50|]Kommo-o||LifeOrb|Overcoat|AuraSphere,VacuumWave,ClangingScales,Protect|Modest||M|||50|
|inactive|Battle timer is ON: inactive players will automatically lose when time's up. (requested by Karissel)
|inactive|Karissel has 60 seconds left.
|
|t:|1784507731
|teamsize|p1|4
|teamsize|p2|4
|start
|switch|p1a: Farigiraf|Farigiraf, L50, F, shiny|100/100
|switch|p1b: Incineroar|Incineroar, L50, M|100/100
|switch|p2a: Kingambit|Kingambit, L50, F|100/100
|switch|p2b: Kommo-o|Kommo-o, L50, M|100/100
|-ability|p1b: Incineroar|Intimidate|boost
|-unboost|p2a: Kingambit|atk|1
|-ability|p2a: Kingambit|Defiant|boost
|-boost|p2a: Kingambit|atk|2
|-unboost|p2b: Kommo-o|atk|1
|turn|1
|
|t:|1784507742
|move|p2b: Kommo-o|Aura Sphere|p1b: Incineroar
|-supereffective|p1b: Incineroar|1
|-damage|p1b: Incineroar|13/100
|-damage|p2b: Kommo-o|90/100|[from] item: Life Orb
|move|p2a: Kingambit|Kowtow Cleave|p1a: Farigiraf
|-supereffective|p1a: Farigiraf|1
|-damage|p1a: Farigiraf|0 fnt
|faint|p1a: Farigiraf
|move|p1b: Incineroar|Flare Blitz|p2a: Kingambit
|-supereffective|p2a: Kingambit|1
|-damage|p2a: Kingambit|0 fnt
|faint|p2a: Kingambit
|-damage|p1b: Incineroar|0 fnt|[from] Recoil
|faint|p1b: Incineroar
|
|upkeep
|
|t:|1784507759
|switch|p2a: Jacob|Glimmora, L50, F|100/100
|switch|p1a: Torkoal|Torkoal, L50, M|100/100
|switch|p1b: Mawile|Mawile, L50, F, shiny|100/100
|-ability|p1b: Mawile|Intimidate|boost
|-unboost|p2a: Jacob|atk|1
|-unboost|p2b: Kommo-o|atk|1
|-weather|SunnyDay|[from] ability: Drought|[of] p1a: Torkoal
|turn|2
|
|t:|1784507778
|move|p2a: Jacob|Spiky Shield|p2a: Jacob
|-singleturn|p2a: Jacob|move: Protect
|move|p1b: Mawile|Protect|p1b: Mawile
|-singleturn|p1b: Mawile|Protect
|move|p2b: Kommo-o|Aura Sphere|p1a: Torkoal
|-damage|p1a: Torkoal|35/100
|-damage|p2b: Kommo-o|80/100|[from] item: Life Orb
|move|p1a: Torkoal|Earth Power|p2a: Jacob
|-activate|p2a: Jacob|move: Protect
|
|-weather|SunnyDay|[upkeep]
|upkeep
|turn|3
|-message|yamamagames forfeited.
|raw|yamamagames's rating: 1322 → 1305(-17 for losing)
|raw|Karissel's rating: 1379 → 1396(+17 for winning)
|
|win|Karissel
|l|☆yamamagames
|player|p1|
|c|☆Karissel|ggs
