|j|☆Almarcas
|j|☆Rosarino
|html|AlmarcasRosarino    
|uhtml|bestof|Game 2 of a best-of-3
|t:|1757934259
|gametype|doubles
|player|p1|Almarcas|170|1037
|player|p2|Rosarino|drayden|1000
|gen|9
|tier|[Gen 9] VGC 2025 Reg H (Bo3)
|rated|
|rule|Species Clause: Limit one of each Pokémon
|rule|Item Clause: Limit 1 of each item
|clearpoke
|poke|p1|Archaludon, L50, F|
|poke|p1|Pelipper, L50, M|
|poke|p1|Dragonite, L50, M|
|poke|p1|Rillaboom, L50, M|
|poke|p1|Annihilape, L50, M|
|poke|p1|Maushold, L50|
|poke|p2|Annihilape, L50, F|
|poke|p2|Gholdengo, L50|
|poke|p2|Indeedee-F, L50, F|
|poke|p2|Scrafty, L50, F|
|poke|p2|Dragonite, L50, F|
|poke|p2|Pelipper, L50, F|
|teampreview|4
|showteam|p1|Archaludon||LifeOrb|Sturdy|ElectroShot,FlashCannon,Protect,DracoMeteor|||F|||50|,,,,,Electric]Pelipper||FocusSash|Drizzle|Hurricane,WeatherBall,Tailwind,Protect|||M|||50|,,,,,Ghost]Dragonite||LoadedDice|Multiscale|ScaleShot,Protect,ExtremeSpeed,Haze|||M|||50|,,,,,Fairy]Rillaboom||AssaultVest|GrassySurge|GrassyGlide,FakeOut,WoodHammer,HighHorsepower|||M|||50|,,,,,Fire]Annihilape||SafetyGoggles|Defiant|RageFist,CloseCombat,FinalGambit,Protect|||M|||50|,,,,,Fire]Maushold||WideLens|FriendGuard|BeatUp,FollowMe,Protect,PopulationBomb||||||50|,,,,,Ghost
|showteam|p2|Annihilape||Leftovers|Defiant|FinalGambit,Protect,Coaching,CloseCombat|||F|||50|,,,,,Fire]Gholdengo||WhiteHerb|GoodasGold|MakeItRain,Protect,NastyPlot,ShadowBall||||||50|,,,,,Water]Indeedee-F||SitrusBerry|PsychicSurge|TrickRoom,Psychic,Protect,FollowMe|||F|||50|,,,,,Fairy]Scrafty||RockyHelmet|Intimidate|ThroatChop,Protect,FakeOut,Coaching|||F|||50|,,,,,Fairy]Dragonite||LoadedDice|InnerFocus|ExtremeSpeed,Protect,Haze,ScaleShot|||F|||50|,,,,,Normal]Pelipper||CovertCloak|Drizzle|Tailwind,Protect,WeatherBall,Hurricane|||F|||50|,,,,,Dragon
|inactive|Battle timer is ON: inactive players will automatically lose when time's up. (requested by Almarcas)
|
|t:|1757934288
|teamsize|p1|4
|teamsize|p2|4
|start
|switch|p1a: Pelipper|Pelipper, L50, M|100/100
|switch|p1b: Archaludon|Archaludon, L50, F|100/100
|switch|p2a: Gholdengo|Gholdengo, L50|100/100
|switch|p2b: Dragonite|Dragonite, L50, F|100/100
|-weather|RainDance|[from] ability: Drizzle|[of] p1a: Pelipper
|turn|1
|
|t:|1757934301
|-terastallize|p1b: Archaludon|Electric
|move|p1b: Archaludon|Electro Shot||[still]
|-prepare|p1b: Archaludon|Electro Shot
|-boost|p1b: Archaludon|spa|1
|-anim|p1b: Archaludon|Electro Shot|p2a: Gholdengo
|-damage|p2a: Gholdengo|0 fnt
|faint|p2a: Gholdengo
|-damage|p1b: Archaludon|91/100|[from] item: Life Orb
|move|p2b: Dragonite|Scale Shot|p1a: Pelipper
|-damage|p1a: Pelipper|81/100
|-damage|p1a: Pelipper|63/100
|-damage|p1a: Pelipper|43/100
|-damage|p1a: Pelipper|23/100
|-hitcount|p1a: Pelipper|4
|-unboost|p2b: Dragonite|def|1
|-boost|p2b: Dragonite|spe|1
|move|p1a: Pelipper|Tailwind|p1a: Pelipper
|-sidestart|p1: Almarcas|move: Tailwind
|
|-weather|RainDance|[upkeep]
|upkeep
|
|t:|1757934312
|switch|p2a: Annihilape|Annihilape, L50, F|100/100
|turn|2
|
|t:|1757934326
|move|p2b: Dragonite|Protect|p2b: Dragonite
|-singleturn|p2b: Dragonite|Protect
|move|p1b: Archaludon|Electro Shot||[still]
|-prepare|p1b: Archaludon|Electro Shot
|-boost|p1b: Archaludon|spa|1
|-anim|p1b: Archaludon|Electro Shot|p2b: Dragonite
|-activate|p2b: Dragonite|move: Protect
|move|p1a: Pelipper|Hurricane|p2a: Annihilape
|-supereffective|p2a: Annihilape
|-damage|p2a: Annihilape|15/100
|move|p2a: Annihilape|Coaching|p2b: Dragonite
|-boost|p2b: Dragonite|atk|1
|-boost|p2b: Dragonite|def|1
|
|-weather|RainDance|[upkeep]
|-heal|p2a: Annihilape|21/100|[from] item: Leftovers
|upkeep
|turn|3
|inactive|Rosarino has 30 seconds left.
|
|t:|1757934357
|switch|p2a: Scrafty|Scrafty, L50, F|100/100
|-ability|p2a: Scrafty|Intimidate|boost
|-unboost|p1a: Pelipper|atk|1
|-unboost|p1b: Archaludon|atk|1
|-terastallize|p2b: Dragonite|Normal
|move|p2b: Dragonite|Extreme Speed|p1b: Archaludon
|-damage|p1b: Archaludon|31/100
|move|p1b: Archaludon|Draco Meteor|p2b: Dragonite
|-damage|p2b: Dragonite|0 fnt
|-unboost|p1b: Archaludon|spa|2
|faint|p2b: Dragonite
|-damage|p1b: Archaludon|21/100|[from] item: Life Orb
|move|p1a: Pelipper|Hurricane|p2a: Scrafty
|-supereffective|p2a: Scrafty
|-damage|p2a: Scrafty|22/100
|
|-weather|RainDance|[upkeep]
|upkeep
|
|t:|1757934367
|switch|p2b: Annihilape|Annihilape, L50, F|21/100
|turn|4
|-message|Rosarino forfeited.
|
|win|Almarcas
|raw|Almarcas's rating: 1037 → 1068(+31 for winning)
|raw|Rosarino's rating: 1000 → 1000(+0 for losing)
|c|☆Almarcas|gg
