|j|☆kgs_cereal
|j|☆Koszul
|html|kgs_cerealKoszul    
|uhtml|bestof|Game 2 of a best-of-3
|t:|1783817499
|gametype|doubles
|player|p1|kgs_cereal|falkner|1066
|player|p2|Koszul|169|1000
|gen|9
|tier|[Gen 9 Champions] VGC 2026 Reg M-B (Bo3)
|rated|
|rule|Species Clause: Limit one of each Pokémon
|rule|Item Clause: Limit 1 of each item
|clearpoke
|poke|p1|Kangaskhan, L50, F|
|poke|p1|Whimsicott, L50, F|
|poke|p1|Incineroar, L50, M|
|poke|p1|Annihilape, L50, F|
|poke|p1|Politoed, L50, M|
|poke|p1|Swampert, L50, F|
|poke|p2|Sneasler, L50, M|
|poke|p2|Blastoise, L50, M|
|poke|p2|Kingambit, L50, M|
|poke|p2|Incineroar, L50, M|
|poke|p2|Delphox, L50, F|
|poke|p2|Sinistcha, L50|
|teampreview|4
|showteam|p1|Kangaskhan||Kangaskhanite|EarlyBird|FakeOut,DoubleEdge,Crunch,Protect|Brave||F|||50|]Whimsicott||FocusSash|Prankster|TrickRoom,Taunt,Moonblast,LightScreen|Bold||F|||50|]Incineroar||SitrusBerry|Intimidate|FakeOut,FlareBlitz,PartingShot,WillOWisp|Careful||M|||50|]Annihilape||Leftovers|InnerFocus|RageFist,BulkUp,DrainPunch,PoisonJab|Adamant||F|||50|]Politoed||MentalHerb|Drizzle|WeatherBall,Encore,Substitute,IceBeam|Quiet||M|||50|]Swampert||LifeOrb|Torrent|FlipTurn,Waterfall,BodySlam,Earthquake|Brave||F|||50|
|showteam|p2|Sneasler||FocusSash|PoisonTouch|PoisonJab,CloseCombat,FakeOut,QuickGuard|Jolly||M|||50|]Blastoise||Blastoisinite|RainDish|DarkPulse,WaterSpout,ShellSmash,Protect|Modest||M|||50|]Kingambit||BlackGlasses|Defiant|KowtowCleave,SuckerPunch,SwordsDance,Protect|Adamant||M|||50|]Incineroar||SitrusBerry|Intimidate|FlareBlitz,HelpingHand,PartingShot,FakeOut|Careful||M|||50|]Delphox||Delphoxite|Blaze|HeatWave,NastyPlot,Psyshock,Protect|Modest||F|||50|]Sinistcha||KasibBerry|Hospitality|MatchaGotcha,RagePowder,TrickRoom,Protect|Bold|||||50|
|inactive|Battle timer is ON: inactive players will automatically lose when time's up. (requested by Koszul)
|
|t:|1783817546
|teamsize|p1|4
|teamsize|p2|4
|start
|switch|p1a: Incineroar|Incineroar, L50, M|100/100
|switch|p1b: Annihilape|Annihilape, L50, F|100/100
|switch|p2a: Sneasler|Sneasler, L50, M|100/100
|switch|p2b: Blastoise|Blastoise, L50, M|100/100
|-ability|p1a: Incineroar|Intimidate|boost
|-unboost|p2a: Sneasler|atk|1
|-unboost|p2b: Blastoise|atk|1
|turn|1
|inactive|kgs_cereal has 30 seconds left.
|
|t:|1783817576
|detailschange|p2b: Blastoise|Blastoise-Mega, L50, M
|-mega|p2b: Blastoise|Blastoise|Blastoisinite
|move|p2a: Sneasler|Quick Guard|p2a: Sneasler
|-singleturn|p2a: Sneasler|Quick Guard
|move|p1a: Incineroar|Fake Out|p2b: Blastoise
|-activate|p2b: Blastoise|move: Quick Guard
|move|p2b: Blastoise|Water Spout|p1b: Annihilape|[spread] p1a,p1b
|-supereffective|p1a: Incineroar|1
|-damage|p1a: Incineroar|9/100
|-damage|p1b: Annihilape|44/100
|-enditem|p1a: Incineroar|Sitrus Berry|[eat]
|-heal|p1a: Incineroar|34/100|[from] item: Sitrus Berry
|move|p1b: Annihilape|Bulk Up|p1b: Annihilape
|-boost|p1b: Annihilape|atk|1
|-boost|p1b: Annihilape|def|1
|
|-heal|p1b: Annihilape|50/100g|[from] item: Leftovers
|upkeep
|turn|2
|inactive|kgs_cereal has 30 seconds left.
|inactive|kgs_cereal has 20 seconds left.
|
|t:|1783817613
|move|p2a: Sneasler|Poison Jab|p1b: Annihilape
|-resisted|p1b: Annihilape|1
|-damage|p1b: Annihilape|42/100
|-status|p1b: Annihilape|psn
|move|p2b: Blastoise|Water Spout|p1b: Annihilape|[spread] p1a,p1b
|-supereffective|p1a: Incineroar|1
|-damage|p1a: Incineroar|0 fnt
|-damage|p1b: Annihilape|0 fnt
|faint|p1a: Incineroar
|faint|p1b: Annihilape
|
|upkeep
|
|t:|1783817623
|switch|p1b: Whimsicott|Whimsicott, L50, F|100/100
|switch|p1a: Kangaskhan|Kangaskhan, L50, F|100/100
|turn|3
|
|t:|1783817641
|detailschange|p1a: Kangaskhan|Kangaskhan-Mega, L50, F
|-mega|p1a: Kangaskhan|Kangaskhan|Kangaskhanite
|move|p2a: Sneasler|Quick Guard|p2a: Sneasler
|-singleturn|p2a: Sneasler|Quick Guard
|move|p1a: Kangaskhan|Fake Out|p2a: Sneasler
|-activate|p2a: Sneasler|move: Quick Guard
|move|p2b: Blastoise|Water Spout|p1b: Whimsicott|[spread] p1a,p1b
|-resisted|p1b: Whimsicott|1
|-damage|p1a: Kangaskhan|42/100
|-damage|p1b: Whimsicott|58/100
|move|p1b: Whimsicott|Trick Room|p1b: Whimsicott
|-fieldstart|move: Trick Room|[of] p1b: Whimsicott
|
|upkeep
|turn|4
|inactive|kgs_cereal has 30 seconds left.
|
|t:|1783817666
|move|p1b: Whimsicott|Light Screen|p1b: Whimsicott
|-sidestart|p1: kgs_cereal|move: Light Screen
|move|p1a: Kangaskhan|Double-Edge|p2b: Blastoise
|-damage|p2b: Blastoise|32/100
|-damage|p2b: Blastoise|16/100
|-hitcount|p2b: Blastoise|2
|-damage|p1a: Kangaskhan|20/100y|[from] Recoil
|move|p2b: Blastoise|Dark Pulse|p1a: Kangaskhan
|-damage|p1a: Kangaskhan|0 fnt
|faint|p1a: Kangaskhan
|move|p2a: Sneasler|Poison Jab|p1b: Whimsicott
|-supereffective|p1b: Whimsicott|2
|-damage|p1b: Whimsicott|0 fnt
|faint|p1b: Whimsicott
|
|win|Koszul
|raw|kgs_cereal's rating: 1066 → 1042(-24 for losing)
|raw|Koszul's rating: 1000 → 1048(+48 for winning)
