|j|☆bogging
|j|☆SeanClubcardcoach
|html|boggingSeanClubcardcoach    
|uhtml|bestof|Game 2 of a best-of-3
|t:|1755023884
|gametype|doubles
|player|p1|bogging|bugcatcher-gen4dp|1371
|player|p2|SeanClubcardcoach|alder|1360
|gen|9
|tier|[Gen 9] VGC 2025 Reg H (Bo3)
|rated|
|rule|Species Clause: Limit one of each Pokémon
|rule|Item Clause: Limit 1 of each item
|clearpoke
|poke|p1|Volcarona, L50, M|
|poke|p1|Rillaboom, L50, M|
|poke|p1|Incineroar, L50, F|
|poke|p1|Primarina, L50, F|
|poke|p1|Ursaluna-Bloodmoon, L50, M|
|poke|p1|Farigiraf, L50, F|
|poke|p2|Murkrow, L50, M|
|poke|p2|Indeedee-F, L50, F|
|poke|p2|Ursaluna-Bloodmoon, L50, M|
|poke|p2|Armarouge, L50, F|
|poke|p2|Gholdengo, L50|
|poke|p2|Annihilape, L50, F|
|teampreview|4
|showteam|p1|Volcarona||GrassySeed|FlameBody|QuiverDance,FieryDance,GigaDrain,Protect|||M|||50|,,,,,Grass]Rillaboom||AssaultVest|GrassySurge|WoodHammer,GrassyGlide,Uturn,FakeOut|||M|||50|,,,,,Poison]Incineroar||SafetyGoggles|Intimidate|KnockOff,PartingShot,FakeOut,FlareBlitz|||F|||50|,,,,,Ghost]Primarina||ThroatSpray|LiquidVoice|HyperVoice,Moonblast,Protect,Encore|||F|||50|,,,,,Grass]Ursaluna-Bloodmoon||LifeOrb|MindsEye|EarthPower,BloodMoon,HyperVoice,Protect|||M|||50|,,,,,Normal]Farigiraf||LumBerry|ArmorTail|HelpingHand,Psychic,TrickRoom,Protect|||F|||50|,,,,,Water
|showteam|p2|Murkrow||Eviolite|Prankster|Tailwind,FoulPlay,Haze,SunnyDay|||M|||50|,,,,,Ghost]Indeedee-F||RockyHelmet|PsychicSurge|FollowMe,TrickRoom,HelpingHand,Psychic|||F|||50|,,,,,Fairy]Ursaluna-Bloodmoon||LifeOrb|MindsEye|Protect,EarthPower,HyperVoice,BloodMoon|||M|||50|,,,,,Normal]Armarouge||PowerHerb|FlashFire|TrickRoom,MeteorBeam,HeatWave,ExpandingForce|||F|||50|,,,,,Grass]Gholdengo||ChoiceSpecs|GoodasGold|MakeItRain,ShadowBall,Thunderbolt,Trick||||||50|,,,,,Steel]Annihilape||SafetyGoggles|Defiant|Protect,BulkUp,RageFist,DrainPunch|||F|||50|,,,,,Fire
|inactive|Battle timer is ON: inactive players will automatically lose when time's up. (requested by SeanClubcardcoach)
|inactive|bogging has 60 seconds left.
|
|t:|1755023930
|teamsize|p1|4
|teamsize|p2|4
|start
|switch|p1a: Volcarona|Volcarona, L50, M|100/100
|switch|p1b: Primarina|Primarina, L50, F|100/100
|switch|p2a: MurkAli|Murkrow, L50, M, shiny|100/100
|switch|p2b: Dandish|Ursaluna-Bloodmoon, L50, M|100/100
|turn|1
|
|t:|1755023943
|-terastallize|p2b: Dandish|Normal
|move|p2a: MurkAli|Tailwind|p2a: MurkAli
|-sidestart|p2: SeanClubcardcoach|move: Tailwind
|move|p2b: Dandish|Blood Moon|p1a: Volcarona
|-damage|p1a: Volcarona|0 fnt
|faint|p1a: Volcarona
|-damage|p2b: Dandish|91/100|[from] item: Life Orb
|move|p1b: Primarina|Moonblast|p2a: MurkAli
|-supereffective|p2a: MurkAli
|-damage|p2a: MurkAli|0 fnt
|faint|p2a: MurkAli
|
|upkeep
|
|t:|1755023959
|switch|p1a: Rillaboom|Rillaboom, L50, M|100/100
|switch|p2a: Annihilape|Annihilape, L50, F, shiny|100/100
|-fieldstart|move: Grassy Terrain|[from] ability: Grassy Surge|[of] p1a: Rillaboom
|turn|2
|inactive|bogging has 30 seconds left.
|
|t:|1755023985
|switch|p2a: InWeiWei|Indeedee-F, L50, F|100/100
|-fieldstart|move: Psychic Terrain|[from] ability: Psychic Surge|[of] p2a: InWeiWei
|move|p2b: Dandish|Hyper Voice|p1b: Primarina|[spread] p1a,p1b
|-damage|p1a: Rillaboom|57/100
|-damage|p1b: Primarina|41/100
|-damage|p2b: Dandish|81/100|[from] item: Life Orb
|move|p1a: Rillaboom|Wood Hammer|p2a: InWeiWei
|-crit|p2a: InWeiWei
|-damage|p2a: InWeiWei|23/100
|-damage|p1a: Rillaboom|40/100|[from] item: Rocky Helmet|[of] p2a: InWeiWei
|-damage|p1a: Rillaboom|18/100|[from] Recoil
|move|p1b: Primarina|Hyper Voice|p2b: Dandish|[spread] p2a,p2b
|-damage|p2a: InWeiWei|0 fnt
|-damage|p2b: Dandish|42/100
|faint|p2a: InWeiWei
|-enditem|p1b: Primarina|Throat Spray
|-boost|p1b: Primarina|spa|1|[from] item: Throat Spray
|
|upkeep
|
|t:|1755023992
|switch|p2a: Annihilape|Annihilape, L50, F, shiny|100/100
|turn|3
|
|t:|1755024004
|switch|p1a: Ursaluna|Ursaluna-Bloodmoon, L50, M|100/100
|move|p1b: Primarina|Protect|p1b: Primarina
|-singleturn|p1b: Primarina|Protect
|move|p2a: Annihilape|Bulk Up|p2a: Annihilape
|-boost|p2a: Annihilape|atk|1
|-boost|p2a: Annihilape|def|1
|move|p2b: Dandish|Hyper Voice|p1a: Ursaluna|[spread] p1a
|-activate|p1b: Primarina|move: Protect
|-damage|p1a: Ursaluna|18/100
|-damage|p2b: Dandish|33/100|[from] item: Life Orb
|
|upkeep
|turn|4
|-message|bogging forfeited.
|
|win|SeanClubcardcoach
|l|☆bogging
|player|p1|
|raw|bogging's rating: 1371 → 1350(-21 for losing)
|raw|SeanClubcardcoach's rating: 1360 → 1381(+21 for winning)
