|j|☆indigo dye
|j|☆tryson69
|html|indigo dyetryson69    
|uhtml|bestof|Game 2 of a best-of-3
|t:|1755662413
|gametype|doubles
|player|p1|indigo dye|102|1272
|player|p2|tryson69|crasherwake|1172
|gen|9
|tier|[Gen 9] VGC 2025 Reg H (Bo3)
|rated|
|rule|Species Clause: Limit one of each Pokémon
|rule|Item Clause: Limit 1 of each item
|clearpoke
|poke|p1|Gholdengo, L50|
|poke|p1|Sneasler, L50, M|
|poke|p1|Rillaboom, L50, M|
|poke|p1|Dragonite, L50, F|
|poke|p1|Ninetales-Alola, L50, F|
|poke|p1|Arcanine-Hisui, L50, F|
|poke|p2|Typhlosion-Hisui, L50, F|
|poke|p2|Torkoal, L50, M|
|poke|p2|Rillaboom, L50, F|
|poke|p2|Primarina, L50, F|
|poke|p2|Archaludon, L50, M|
|poke|p2|Whimsicott, L50, F|
|teampreview|4
|showteam|p1|Gholdengo||GrassySeed|GoodasGold|NastyPlot,MakeItRain,ShadowBall,Protect||||||50|,,,,,Water]Sneasler||WhiteHerb|Unburden|CloseCombat,DireClaw,Coaching,Protect|||M|||50|,,,,,Ghost]Rillaboom||AssaultVest|GrassySurge|FakeOut,GrassyGlide,DrumBeating,HighHorsepower|||M|||50|,,,,,Fire]Dragonite||LoadedDice|Multiscale|ScaleShot,StompingTantrum,Tailwind,Protect|||F|||50|,,,,,Ground]Ninetales-Alola||FocusSash|SnowWarning|Blizzard,IcyWind,Encore,AuroraVeil|||F|||50|,,,,,Ghost]Arcanine-Hisui||ClearAmulet|Intimidate|RockSlide,FlareBlitz,ExtremeSpeed,Protect|||F|||50|,,,,,Water
|showteam|p2|Typhlosion-Hisui||ChoiceScarf|Blaze|Eruption,HeatWave,Overheat,ShadowBall|||F|||50|,,,,,Fire]Torkoal||EjectPack|Drought|Overheat,Eruption,EarthPower,Protect|||M|||50|,,,,,Flying]Rillaboom||AssaultVest|GrassySurge|WoodHammer,GrassyGlide,HighHorsepower,FakeOut|||F|||50|,,,,,Fire]Primarina||ThroatSpray|LiquidVoice|HyperVoice,Moonblast,Haze,Protect|||F|||50|,,,,,Poison]Archaludon||PowerHerb|Stamina|ElectroShot,BodyPress,Protect,DracoMeteor|||M|||50|,,,,,Grass]Whimsicott||FocusSash|Prankster|Tailwind,TrickRoom,Moonblast,SunnyDay|||F|||50|,,,,,Water
|
|t:|1755662451
|teamsize|p1|4
|teamsize|p2|4
|start
|switch|p1a: Sneasler|Sneasler, L50, M|100/100
|switch|p1b: Dragonite|Dragonite, L50, F|100/100
|switch|p2a: Typhlosion|Typhlosion-Hisui, L50, F|100/100
|switch|p2b: Primarina|Primarina, L50, F|100/100
|turn|1
|
|t:|1755662470
|-terastallize|p2a: Typhlosion|Fire
|move|p2a: Typhlosion|Eruption|p1b: Dragonite|[spread] p1a,p1b
|-crit|p1a: Sneasler
|-resisted|p1b: Dragonite
|-damage|p1a: Sneasler|0 fnt
|-damage|p1b: Dragonite|78/100
|faint|p1a: Sneasler
|move|p1b: Dragonite|Scale Shot|p2a: Typhlosion
|-damage|p2a: Typhlosion|80/100
|-damage|p2a: Typhlosion|59/100
|-damage|p2a: Typhlosion|39/100
|-damage|p2a: Typhlosion|16/100
|-damage|p2a: Typhlosion|0 fnt
|faint|p2a: Typhlosion
|-hitcount|p2: Typhlosion|5
|-unboost|p1b: Dragonite|def|1
|-boost|p1b: Dragonite|spe|1
|move|p2b: Primarina|Moonblast|p1b: Dragonite
|-supereffective|p1b: Dragonite
|-damage|p1b: Dragonite|0 fnt
|faint|p1b: Dragonite
|
|upkeep
|
|t:|1755662484
|switch|p1a: Ninetales|Ninetales-Alola, L50, F|100/100
|switch|p2a: Whimsicott|Whimsicott, L50, F|100/100
|switch|p1b: Arcanine|Arcanine-Hisui, L50, F|100/100
|-weather|Snowscape|[from] ability: Snow Warning|[of] p1a: Ninetales
|-ability|p1b: Arcanine|Intimidate|boost
|-unboost|p2a: Whimsicott|atk|1
|-unboost|p2b: Primarina|atk|1
|turn|2
|
|t:|1755662496
|-terastallize|p1b: Arcanine|Water
|move|p2a: Whimsicott|Tailwind|p2a: Whimsicott
|-sidestart|p2: tryson69|move: Tailwind
|move|p2b: Primarina|Hyper Voice|p1a: Ninetales|[spread] p1a,p1b
|-resisted|p1b: Arcanine
|-damage|p1a: Ninetales|60/100
|-damage|p1b: Arcanine|80/100
|-enditem|p2b: Primarina|Throat Spray
|-boost|p2b: Primarina|spa|1|[from] item: Throat Spray
|move|p1a: Ninetales|Blizzard|p2a: Whimsicott|[spread] p2a,p2b
|-supereffective|p2a: Whimsicott
|-resisted|p2b: Primarina
|-damage|p2a: Whimsicott|20/100
|-damage|p2b: Primarina|87/100
|move|p1b: Arcanine|Rock Slide|p2a: Whimsicott|[spread] p2a,p2b
|-damage|p2a: Whimsicott|0 fnt
|-damage|p2b: Primarina|54/100
|faint|p2a: Whimsicott
|
|-weather|Snowscape|[upkeep]
|upkeep
|-message|indigo dye forfeited.
|
|win|tryson69
|raw|indigo dye's rating: 1272 → 1240(-32 for losing)
|raw|tryson69's rating: 1172 → 1204(+32 for winning)
|l|☆indigo dye
|player|p1|
