|j|☆RegalAc3
|j|☆Siperpaco
|html|RegalAc3Siperpaco    
|uhtml|bestof|Game 2 of a best-of-3
|t:|1756754578
|gametype|doubles
|player|p1|RegalAc3|n|1000
|player|p2|Siperpaco|266|1084
|gen|9
|tier|[Gen 9] VGC 2025 Reg H (Bo3)
|rated|
|rule|Species Clause: Limit one of each Pokémon
|rule|Item Clause: Limit 1 of each item
|clearpoke
|poke|p1|Pelipper, L50, F|
|poke|p1|Basculegion, L50, M|
|poke|p1|Archaludon, L50, F|
|poke|p1|Annihilape, L50, F|
|poke|p1|Rillaboom, L50, F|
|poke|p1|Maushold-Four, L50|
|poke|p2|Annihilape, L50, M|
|poke|p2|Grimmsnarl, L50, M|
|poke|p2|Arcanine, L50, F|
|poke|p2|Amoonguss, L50, M|
|poke|p2|Garchomp, L50, M|
|poke|p2|Malamar, L50, M|
|teampreview|4
|showteam|p1|Pelipper||FocusSash|Drizzle|Hurricane,WeatherBall,WideGuard,Protect|||F|||50|,,,,,Stellar]Basculegion||LifeOrb|SwiftSwim|WaveCrash,LastRespects,AquaJet,Protect|||M|||50|,,,,,Water]Archaludon||AssaultVest|Stamina|FlashCannon,DracoMeteor,ElectroShot,BodyPress|||F|||50|,,,,,Bug]Annihilape||Leftovers|Defiant|RageFist,DrainPunch,BulkUp,Protect|||F|||50|,,,,,Fire]Rillaboom||LoadedDice|GrassySurge|BulletSeed,GrassyGlide,HighHorsepower,FakeOut|||F|||50|,,,,,Water]Maushold-Four||SafetyGoggles|FriendGuard|BeatUp,FollowMe,Taunt,Protect||||||50|,,,,,Ghost
|showteam|p2|Annihilape||Leftovers|Defiant|RageFist,BulkUp,DrainPunch,Protect|||M|||50|,,,,,Water]Grimmsnarl||LightClay|Prankster|Reflect,LightScreen,SpiritBreak,Taunt|||M|||50|,,,,,Steel]Arcanine||SafetyGoggles|Intimidate|FlareBlitz,WillOWisp,Snarl,Protect|||F|||50|,,,,,Grass]Amoonguss||RockyHelmet|Regenerator|Spore,RagePowder,Protect,PollenPuff|||M|||50|,,,,,Water]Garchomp||ClearAmulet|RoughSkin|DragonClaw,RockSlide,SwordsDance,Protect|||M|||50|,,,,,Ground]Malamar||SitrusBerry|Contrary|BatonPass,TeraBlast,Lunge,Superpower|||M|||50|,,,,,Poison
|inactive|Battle timer is ON: inactive players will automatically lose when time's up. (requested by Siperpaco)
|
|t:|1756754628
|teamsize|p1|4
|teamsize|p2|4
|start
|switch|p1a: Pelipper|Pelipper, L50, F|100/100
|switch|p1b: Basculegion|Basculegion, L50, M|100/100
|switch|p2a: Grimmsnarl|Grimmsnarl, L50, M|100/100
|switch|p2b: Amoonguss|Amoonguss, L50, M|100/100
|-weather|RainDance|[from] ability: Drizzle|[of] p1a: Pelipper
|turn|1
|inactive|RegalAc3 has 30 seconds left.
|
|t:|1756754656
|switch|p1b: Rillaboom|Rillaboom, L50, F|100/100
|-fieldstart|move: Grassy Terrain|[from] ability: Grassy Surge|[of] p1b: Rillaboom
|move|p2a: Grimmsnarl|Light Screen|p2a: Grimmsnarl
|-sidestart|p2: Siperpaco|move: Light Screen
|move|p1a: Pelipper|Hurricane|p2b: Amoonguss
|-supereffective|p2b: Amoonguss
|-damage|p2b: Amoonguss|41/100
|move|p2b: Amoonguss|Spore|p1b: Rillaboom
|-immune|p1b: Rillaboom
|
|-weather|RainDance|[upkeep]
|-heal|p2b: Amoonguss|47/100|[from] Grassy Terrain
|upkeep
|turn|2
|
|t:|1756754681
|move|p1b: Rillaboom|Fake Out|p2a: Grimmsnarl
|-damage|p2a: Grimmsnarl|82/100
|cant|p2a: Grimmsnarl|flinch
|move|p1a: Pelipper|Hurricane|p2b: Amoonguss
|-supereffective|p2b: Amoonguss
|-damage|p2b: Amoonguss|0 fnt
|faint|p2b: Amoonguss
|
|-weather|RainDance|[upkeep]
|-heal|p2a: Grimmsnarl|88/100|[from] Grassy Terrain
|upkeep
|
|t:|1756754689
|switch|p2b: Annihilape|Annihilape, L50, M|100/100
|turn|3
|inactive|Siperpaco has 30 seconds left.
|
|t:|1756754720
|-terastallize|p1a: Pelipper|Stellar
|move|p1b: Rillaboom|Bullet Seed|p2b: Annihilape
|-damage|p2b: Annihilape|83/100
|-damage|p2b: Annihilape|65/100
|-damage|p2b: Annihilape|49/100
|-damage|p2b: Annihilape|33/100
|-damage|p2b: Annihilape|16/100
|-hitcount|p2b: Annihilape|5
|move|p1a: Pelipper|Hurricane|p2b: Annihilape
|-supereffective|p2b: Annihilape
|-damage|p2b: Annihilape|0 fnt
|faint|p2b: Annihilape
|move|p2a: Grimmsnarl|Spirit Break|p1b: Rillaboom
|-damage|p1b: Rillaboom|73/100
|-unboost|p1b: Rillaboom|spa|1
|
|-weather|RainDance|[upkeep]
|-heal|p1b: Rillaboom|79/100|[from] Grassy Terrain
|-heal|p2a: Grimmsnarl|94/100|[from] Grassy Terrain
|upkeep
|-message|Siperpaco forfeited.
|
|win|RegalAc3
|raw|RegalAc3's rating: 1000 → 1049(+49 for winning)
|raw|Siperpaco's rating: 1084 → 1056(-28 for losing)
|l|☆Siperpaco
|player|p2|
