|j|‽yazz96
|j|☆jomivgc
|html|yazz96jomivgc    
|uhtml|bestof|Game 2 of a best-of-3
|t:|1784595815
|gametype|doubles
|player|p1|yazz96|1|1091
|player|p2|jomivgc|falkner-gen2|1196
|gen|9
|tier|[Gen 9 Champions] VGC 2026 Reg M-B (Bo3)
|rated|
|rule|Species Clause: Limit one of each Pokémon
|rule|Item Clause: Limit 1 of each item
|clearpoke
|poke|p1|Farigiraf, L50, F|
|poke|p1|Annihilape, L50, F|
|poke|p1|Tyranitar, L50, F|
|poke|p1|Steelix, L50, M|
|poke|p1|Houndstone, L50, F|
|poke|p1|Meganium, L50, M|
|poke|p2|Aerodactyl, L50, M|
|poke|p2|Charizard, L50, M|
|poke|p2|Incineroar, L50, M|
|poke|p2|Kingambit, L50, F|
|poke|p2|Sylveon, L50, M|
|poke|p2|Garchomp, L50, M|
|teampreview|4
|showteam|p1|Farigiraf||SitrusBerry|ArmorTail|TrickRoom,Protect,Thunder,Psychic|Modest||F|||50|]Annihilape||LifeOrb|Defiant|CloseCombat,GunkShot,Protect,RageFist|Jolly||F|||50|]Tyranitar||Tyranitarite|SandStream|Protect,RockBlast,KnockOff,LowKick|Adamant||F|||50|]Steelix||Steelixite|Sturdy|HeavySlam,HighHorsepower,Protect,WideGuard|Sassy||M|||50|]Houndstone||ColburBerry|SandRush|WillOWisp,LastRespects,Protect,Endeavor|Adamant||F|||50|]Meganium||Meganiumite|Overgrow|DazzlingGleam,Protect,WeatherBall,SolarBeam|Quiet||M|||50|
|showteam|p2|Aerodactyl||Aerodactylite|Unnerve|RockSlide,DualWingbeat,WideGuard,Tailwind|Jolly||M|||50|]Charizard||CharizarditeY|Blaze|HeatWave,WeatherBall,SolarBeam,Protect|Modest||M|||50|]Incineroar||SitrusBerry|Intimidate|FlareBlitz,DarkestLariat,FakeOut,PartingShot|Impish||M|||50|]Kingambit||FocusSash|Defiant|KowtowCleave,IronHead,SuckerPunch,LowKick|Adamant||F|||50|]Sylveon||FairyFeather|Pixilate|HyperVoice,HyperBeam,QuickAttack,Detect|Modest||M|||50|]Garchomp||LifeOrb|RoughSkin|Earthquake,DragonClaw,RockSlide,Protect|Jolly||M|||50|
|inactive|Battle timer is ON: inactive players will automatically lose when time's up. (requested by jomivgc)
|inactive|yazz96 has 60 seconds left.
|inactive|jomivgc has 60 seconds left.
|
|t:|1784595867
|teamsize|p1|4
|teamsize|p2|4
|start
|switch|p1a: Farigiraf|Farigiraf, L50, F|100/100
|switch|p1b: Steelix|Steelix, L50, M|100/100
|switch|p2a: Aerodactyl|Aerodactyl, L50, M|100/100
|switch|p2b: Charizard|Charizard, L50, M|100/100
|-ability|p2a: Aerodactyl|Unnerve
|turn|1
|inactive|jomivgc has 30 seconds left.
|inactive|jomivgc has 20 seconds left.
|
|t:|1784595904
|detailschange|p2b: Charizard|Charizard-Mega-Y, L50, M
|-mega|p2b: Charizard|Charizard|Charizardite Y
|-weather|SunnyDay|[from] ability: Drought|[of] p2b: Charizard
|detailschange|p1b: Steelix|Steelix-Mega, L50, M
|-mega|p1b: Steelix|Steelix|Steelixite
|move|p1b: Steelix|Wide Guard|p1b: Steelix
|-singleturn|p1b: Steelix|Wide Guard
|move|p2a: Aerodactyl|Rock Slide|p1b: Steelix|[spread] 
|-activate|p1a: Farigiraf|move: Wide Guard
|-activate|p1b: Steelix|move: Wide Guard
|move|p2b: Charizard|Weather Ball|p1b: Steelix
|-supereffective|p1b: Steelix|1
|-damage|p1b: Steelix|0 fnt
|faint|p1b: Steelix
|move|p1a: Farigiraf|Trick Room|p1a: Farigiraf
|-fieldstart|move: Trick Room|[of] p1a: Farigiraf
|
|-weather|SunnyDay|[upkeep]
|upkeep
|
|t:|1784595926
|switch|p1b: Tyranitar|Tyranitar, L50, F|100/100
|-weather|Sandstorm|[from] ability: Sand Stream|[of] p1b: Tyranitar
|turn|2
|inactive|jomivgc has 30 seconds left.
|
|t:|1784595957
|switch|p2b: Garchomp|Garchomp, L50, M|100/100
|switch|p2a: Incineroar|Incineroar, L50, M|100/100
|-ability|p2a: Incineroar|Intimidate|boost
|-unboost|p1a: Farigiraf|atk|1
|-unboost|p1b: Tyranitar|atk|1
|move|p1a: Farigiraf|Psychic|p2a: Incineroar
|-immune|p2a: Incineroar
|move|p1b: Tyranitar|Rock Blast|p2b: Garchomp|[miss]
|-miss|p1b: Tyranitar|p2b: Garchomp
|
|-weather|Sandstorm|[upkeep]
|-damage|p2a: Incineroar|94/100|[from] Sandstorm
|-damage|p1a: Farigiraf|93/100|[from] Sandstorm
|upkeep
|turn|3
|inactive|jomivgc has 30 seconds left.
|inactive|jomivgc has 20 seconds left.
|inactive|jomivgc has 15 seconds left.
|inactive|jomivgc has 10 seconds left.
|
|t:|1784596003
|switch|p1a: Annihilape|Annihilape, L50, F|100/100
|move|p2a: Incineroar|Darkest Lariat|p1a: Annihilape
|-damage|p1a: Annihilape|66/100
|move|p1b: Tyranitar|Rock Blast|p2a: Incineroar
|-supereffective|p2a: Incineroar|1
|-damage|p2a: Incineroar|81/100
|-supereffective|p2a: Incineroar|1
|-damage|p2a: Incineroar|68/100
|-supereffective|p2a: Incineroar|1
|-damage|p2a: Incineroar|53/100
|-supereffective|p2a: Incineroar|1
|-damage|p2a: Incineroar|38/100
|-enditem|p2a: Incineroar|Sitrus Berry|[eat]
|-heal|p2a: Incineroar|63/100|[from] item: Sitrus Berry
|-supereffective|p2a: Incineroar|1
|-damage|p2a: Incineroar|50/100g
|-hitcount|p2a: Incineroar|5
|move|p2b: Garchomp|Earthquake|p1a: Annihilape|[spread] p2a,p1a,p1b
|-supereffective|p2a: Incineroar|1
|-supereffective|p1b: Tyranitar|1
|-damage|p2a: Incineroar|0 fnt
|-damage|p1a: Annihilape|18/100
|-damage|p1b: Tyranitar|19/100
|faint|p2a: Incineroar
|-damage|p2b: Garchomp|90/100|[from] item: Life Orb
|
|-weather|Sandstorm|[upkeep]
|-damage|p1a: Annihilape|12/100|[from] Sandstorm
|upkeep
|inactive|jomivgc has 30 seconds left.
|
|t:|1784596037
|switch|p2a: Aerodactyl|Aerodactyl, L50, M|100/100
|-ability|p2a: Aerodactyl|Unnerve
|turn|4
|inactive|yazz96 has 30 seconds left.
|
|t:|1784596065
|move|p1b: Tyranitar|Knock Off|p2b: Garchomp
|-damage|p2b: Garchomp|50/100g
|-damage|p1b: Tyranitar|6/100|[from] ability: Rough Skin|[of] p2b: Garchomp
|-enditem|p2b: Garchomp|Life Orb|[from] move: Knock Off|[of] p1b: Tyranitar
|move|p1a: Annihilape|Rage Fist|p2a: Aerodactyl
|-damage|p2a: Aerodactyl|0 fnt
|faint|p2a: Aerodactyl
|-damage|p1a: Annihilape|2/100|[from] item: Life Orb
|move|p2b: Garchomp|Earthquake|p1b: Tyranitar|[spread] p1a,p1b
|-supereffective|p1b: Tyranitar|1
|-damage|p1a: Annihilape|0 fnt
|-damage|p1b: Tyranitar|0 fnt
|faint|p1a: Annihilape
|faint|p1b: Tyranitar
|
|-weather|Sandstorm|[upkeep]
|upkeep
|-message|yazz96 forfeited.
|
|win|jomivgc
|l|‽yazz96
|player|p1|
