|j|☆BIG_KASHA_STAR
|j|☆Sedrav
|html|BIG_KASHA_STARSedrav    
|uhtml|bestof|Game 2 of a best-of-3
|t:|1756945303
|gametype|doubles
|player|p1|BIG_KASHA_STAR|rocketgruntf|1141
|player|p2|Sedrav|265|1118
|gen|9
|tier|[Gen 9] VGC 2025 Reg H (Bo3)
|rated|
|rule|Species Clause: Limit one of each Pokémon
|rule|Item Clause: Limit 1 of each item
|clearpoke
|poke|p1|Amoonguss, L50, F|
|poke|p1|Incineroar, L50, M|
|poke|p1|Porygon2, L50|
|poke|p1|Gholdengo, L50|
|poke|p1|Hydreigon, L50, F|
|poke|p1|Primarina, L50, F|
|poke|p2|Garchomp, L50, M|
|poke|p2|Talonflame, L50, M|
|poke|p2|Gholdengo, L50|
|poke|p2|Tyranitar, L50, M|
|poke|p2|Amoonguss, L50, M|
|poke|p2|Milotic, L50, M|
|teampreview|4
|showteam|p1|Amoonguss||MentalHerb|Regenerator|Spore,RagePowder,Protect,PollenPuff|||F|||50|,,,,,Water]Incineroar||SafetyGoggles|Intimidate|FakeOut,FlareBlitz,KnockOff,PartingShot|||M|||50|,,,,,Flying]Porygon2||Eviolite|Download|TeraBlast,Recover,TrickRoom,IceBeam||||||50|,,,,,Fighting]Gholdengo||MetalCoat|GoodasGold|MakeItRain,ShadowBall,Protect,NastyPlot||||||50|,,,,,Fairy]Hydreigon||ChoiceSpecs|Levitate|DracoMeteor,DarkPulse,FireBlast,EarthPower|||F|||50|,,,,,Ghost]Primarina||SitrusBerry|LiquidVoice|HyperVoice,Moonblast,Protect,Haze|||F|||50|,,,,,Poison
|showteam|p2|Garchomp||LifeOrb|RoughSkin|DragonClaw,StompingTantrum,Earthquake,Protect|||M|||50|,,,,,Fairy]Talonflame||CovertCloak|GaleWings|BraveBird,Tailwind,WillOWisp,Taunt|||M|||50|,,,,,Grass]Gholdengo||MetalCoat|GoodasGold|MakeItRain,ShadowBall,NastyPlot,Protect||||||50|,,,,,Flying]Tyranitar||AssaultVest|SandStream|RockSlide,KnockOff,LowKick,TeraBlast|||M|||50|,,,,,Flying]Amoonguss||SitrusBerry|Regenerator|Spore,RagePowder,PollenPuff,Protect|||M|||50|,,,,,Water]Milotic||SafetyGoggles|Competitive|Scald,IcyWind,Haze,Protect|||M|||50|,,,,,Dragon
|inactive|Battle timer is ON: inactive players will automatically lose when time's up. (requested by BIG_KASHA_STAR)
|inactive|Sedrav has 60 seconds left.
|
|t:|1756945351
|teamsize|p1|4
|teamsize|p2|4
|start
|switch|p1a: Primarina|Primarina, L50, F|100/100
|switch|p1b: Incineroar|Incineroar, L50, M|100/100
|switch|p2a: Milotic|Milotic, L50, M|100/100
|switch|p2b: Tyranitar|Tyranitar, L50, M|100/100
|-weather|Sandstorm|[from] ability: Sand Stream|[of] p2b: Tyranitar
|-ability|p1b: Incineroar|Intimidate|boost
|-unboost|p2a: Milotic|atk|1
|-ability|p2a: Milotic|Competitive|boost
|-boost|p2a: Milotic|spa|2
|-unboost|p2b: Tyranitar|atk|1
|turn|1
|inactive|BIG_KASHA_STAR has 30 seconds left.
|
|t:|1756945383
|move|p1b: Incineroar|Fake Out|p2a: Milotic
|-damage|p2a: Milotic|92/100
|cant|p2a: Milotic|flinch
|move|p2b: Tyranitar|Rock Slide|p1b: Incineroar|[spread] p1a,p1b
|-supereffective|p1b: Incineroar
|-damage|p1a: Primarina|79/100
|-damage|p1b: Incineroar|67/100
|move|p1a: Primarina|Haze|p1a: Primarina
|-clearallboost
|
|-weather|Sandstorm|[upkeep]
|-damage|p1a: Primarina|73/100|[from] Sandstorm
|upkeep
|turn|2
|inactive|BIG_KASHA_STAR has 30 seconds left.
|inactive|Sedrav has 30 seconds left.
|inactive|BIG_KASHA_STAR has 20 seconds left.
|inactive|BIG_KASHA_STAR has 15 seconds left.
|inactive|Sedrav has 20 seconds left.
|
|t:|1756945424
|switch|p1b: Amoonguss|Amoonguss, L50, F|100/100
|move|p2a: Milotic|Scald|p1b: Amoonguss
|-resisted|p1b: Amoonguss
|-damage|p1b: Amoonguss|88/100
|move|p2b: Tyranitar|Rock Slide|p1b: Amoonguss|[spread] p1a,p1b
|-damage|p1a: Primarina|40/100
|-damage|p1b: Amoonguss|64/100
|-enditem|p1a: Primarina|Sitrus Berry|[eat]
|-heal|p1a: Primarina|64/100|[from] item: Sitrus Berry
|cant|p1a: Primarina|flinch
|
|-weather|Sandstorm|[upkeep]
|-damage|p1a: Primarina|58/100|[from] Sandstorm
|-damage|p1b: Amoonguss|58/100|[from] Sandstorm
|upkeep
|turn|3
|inactive|BIG_KASHA_STAR has 30 seconds left.
|inactive|Sedrav has 30 seconds left.
|inactive|BIG_KASHA_STAR has 20 seconds left.
|inactive|BIG_KASHA_STAR has 15 seconds left.
|inactive|BIG_KASHA_STAR has 10 seconds left.
|
|t:|1756945471
|switch|p2b: Amoonguss|Amoonguss, L50, M|100/100
|move|p2a: Milotic|Icy Wind|p1b: Amoonguss|[spread] p1b
|-miss|p2a: Milotic|p1a: Primarina
|-supereffective|p1b: Amoonguss
|-damage|p1b: Amoonguss|40/100
|-unboost|p1b: Amoonguss|spe|1
|move|p1a: Primarina|Moonblast|p2b: Amoonguss
|-resisted|p2b: Amoonguss
|-damage|p2b: Amoonguss|81/100
|move|p1b: Amoonguss|Spore|p2b: Amoonguss
|-immune|p2b: Amoonguss
|
|-weather|Sandstorm|[upkeep]
|-damage|p1a: Primarina|52/100|[from] Sandstorm
|-damage|p2b: Amoonguss|75/100|[from] Sandstorm
|-damage|p1b: Amoonguss|34/100|[from] Sandstorm
|upkeep
|turn|4
|inactive|BIG_KASHA_STAR has 30 seconds left.
|
|t:|1756945503
|switch|p1a: Incineroar|Incineroar, L50, M|67/100
|-ability|p1a: Incineroar|Intimidate|boost
|-unboost|p2a: Milotic|atk|1
|-ability|p2a: Milotic|Competitive|boost
|-boost|p2a: Milotic|spa|2
|-unboost|p2b: Amoonguss|atk|1
|switch|p1b: Porygon2|Porygon2, L50|100/100
|-ability|p1b: Porygon2|Download|boost
|-boost|p1b: Porygon2|atk|1
|move|p2a: Milotic|Scald|p1a: Incineroar
|-supereffective|p1a: Incineroar
|-damage|p1a: Incineroar|0 fnt
|faint|p1a: Incineroar
|move|p2b: Amoonguss|Spore|p1b: Porygon2
|-status|p1b: Porygon2|slp|[from] move: Spore
|
|-weather|Sandstorm|[upkeep]
|-damage|p1b: Porygon2|94/100 slp|[from] Sandstorm
|-damage|p2b: Amoonguss|69/100|[from] Sandstorm
|upkeep
|-message|BIG_KASHA_STAR forfeited.
|
|win|Sedrav
|l|☆BIG_KASHA_STAR
|player|p1|
||BIG_KASHA_STAR is ready for game 3.
