|j|☆Iceman5687
|j|☆Navizz0
|html|Iceman5687Navizz0    
|uhtml|bestof|Game 2 of a best-of-3
|t:|1782543943
|gametype|doubles
|player|p1|Iceman5687|169|1230
|player|p2|Navizz0|ethan|1387
|gen|9
|tier|[Gen 9 Champions] VGC 2026 Reg M-B (Bo3)
|rated|
|rule|Species Clause: Limit one of each Pokémon
|rule|Item Clause: Limit 1 of each item
|clearpoke
|poke|p1|Grimmsnarl, L50, M, shiny|
|poke|p1|Swampert, L50, M|
|poke|p1|Pelipper, L50, M|
|poke|p1|Archaludon, L50, M|
|poke|p1|Sinistcha, L50|
|poke|p1|Metagross, L50|
|poke|p2|Whimsicott, L50, F|
|poke|p2|Delphox, L50, F|
|poke|p2|Kingambit, L50, F|
|poke|p2|Garchomp, L50, F|
|poke|p2|Sneasler, L50, F|
|poke|p2|Floette-Eternal, L50, F|
|teampreview|4
|showteam|p1|Grimmsnarl||LightClay|Prankster|FoulPlay,PartingShot,Reflect,LightScreen|Calm||M|||50|]Swampert||Swampertite|Damp|WaveCrash,Earthquake,IcePunch,Protect|Adamant||M|||50|]Pelipper||SitrusBerry|Drizzle|Hurricane,WeatherBall,Tailwind,WideGuard|Modest||M|||50|]Archaludon||Leftovers|Stamina|ElectroShot,DragonPulse,FlashCannon,Protect|Modest||M|||50|]Sinistcha||CobaBerry|Hospitality|MatchaGotcha,RagePowder,TrickRoom,Protect|Relaxed|||||50|]Metagross||Metagrossite|ClearBody|IronHead,PsychicFangs,BodyPress,Protect|Jolly|||||50|
|showteam|p2|Whimsicott||FocusSash|Prankster|WorrySeed,Moonblast,Protect,Tailwind|Timid||F|||50|]Delphox||Delphoxite|Blaze|NastyPlot,Protect,HeatWave,Psyshock|Timid||F|||50|]Kingambit||BlackGlasses|Defiant|SuckerPunch,IronHead,Protect,KowtowCleave|Adamant||F|||50|]Garchomp||LifeOrb|RoughSkin|RockSlide,DragonClaw,Earthquake,Protect|Jolly||F|||50|]Sneasler||WhiteHerb|Unburden|FakeOut,Protect,CloseCombat,DireClaw|Adamant||F|||50|]Floette-Eternal||Floettite|FlowerVeil|EnergyBall,Protect,DazzlingGleam,LightofRuin|Modest||F|||50|
|inactive|Battle timer is ON: inactive players will automatically lose when time's up. (requested by Navizz0)
|
|t:|1782543962
|teamsize|p1|4
|teamsize|p2|4
|start
|switch|p1a: Swampert|Swampert, L50, M|100/100
|switch|p1b: Pelipper|Pelipper, L50, M|100/100
|switch|p2a: Floette|Floette-Eternal, L50, F|100/100
|switch|p2b: Kingambit|Kingambit, L50, F|100/100
|-weather|RainDance|[from] ability: Drizzle|[of] p1b: Pelipper
|turn|1
|
|t:|1782543983
|switch|p1a: Archaludon|Archaludon, L50, M|100/100
|detailschange|p2a: Floette|Floette-Mega, L50, F
|-mega|p2a: Floette|Floette|Floettite
|-ability|p2a: Floette|Fairy Aura
|move|p2a: Floette|Energy Ball|p1a: Archaludon
|-resisted|p1a: Archaludon|2
|-damage|p1a: Archaludon|91/100
|-ability|p1a: Archaludon|Stamina|boost
|-boost|p1a: Archaludon|def|1
|move|p1b: Pelipper|Weather Ball|p2b: Kingambit
|-damage|p2b: Kingambit|47/100
|move|p2b: Kingambit|Kowtow Cleave|p1a: Archaludon
|-damage|p1a: Archaludon|60/100
|-ability|p1a: Archaludon|Stamina|boost
|-boost|p1a: Archaludon|def|1
|
|-weather|RainDance|[upkeep]
|-heal|p1a: Archaludon|67/100|[from] item: Leftovers
|upkeep
|turn|2
|
|t:|1782544008
|switch|p2b: Whimsicott|Whimsicott, L50, F|100/100
|move|p1a: Archaludon|Protect|p1a: Archaludon
|-singleturn|p1a: Archaludon|Protect
|move|p2a: Floette|Light of Ruin|p1a: Archaludon
|-activate|p1a: Archaludon|move: Protect
|move|p1b: Pelipper|Tailwind|p1b: Pelipper
|-sidestart|p1: Iceman5687|move: Tailwind
|
|-weather|RainDance|[upkeep]
|-heal|p1a: Archaludon|73/100|[from] item: Leftovers
|upkeep
|turn|3
|
|t:|1782544026
|move|p2b: Whimsicott|Tailwind|p2b: Whimsicott
|-sidestart|p2: Navizz0|move: Tailwind
|move|p2a: Floette|Light of Ruin|p1a: Archaludon
|-damage|p1a: Archaludon|0 fnt
|faint|p1a: Archaludon
|-damage|p2a: Floette|55/100|[from] Recoil
|move|p1b: Pelipper|Weather Ball|p2a: Floette
|-damage|p2a: Floette|9/100
|
|-weather|RainDance|[upkeep]
|upkeep
|
|t:|1782544035
|switch|p1a: Swampert|Swampert, L50, M|100/100
|turn|4
|
|t:|1782544050
|detailschange|p1a: Swampert|Swampert-Mega, L50, M
|-mega|p1a: Swampert|Swampert|Swampertite
|move|p2b: Whimsicott|Worry Seed|p1a: Swampert
|-ability|p1a: Swampert|Insomnia|Swift Swim|[from] move: Worry Seed
|move|p2a: Floette|Energy Ball|p1a: Swampert
|-supereffective|p1a: Swampert|2
|-damage|p1a: Swampert|0 fnt
|faint|p1a: Swampert
|move|p1b: Pelipper|Weather Ball|p2b: Whimsicott
|-resisted|p2b: Whimsicott|1
|-damage|p2b: Whimsicott|56/100
|
|-weather|RainDance|[upkeep]
|upkeep
|-message|Iceman5687 forfeited.
|
|win|Navizz0
|raw|Iceman5687's rating: 1230 → 1216(-14 for losing)
|raw|Navizz0's rating: 1387 → 1399(+12 for winning)
