|j|☆dambro222
|j|☆kimmy k
|html|dambro222kimmy k    
|uhtml|bestof|Game 1 of a best-of-3
|t:|1756326816
|gametype|doubles
|player|p1|dambro222|101|1133
|player|p2|kimmy k|preschooler|1209
|gen|9
|tier|[Gen 9] VGC 2025 Reg H (Bo3)
|rated|
|rule|Species Clause: Limit one of each Pokémon
|rule|Item Clause: Limit 1 of each item
|clearpoke
|poke|p1|Dragonite, L50, M|
|poke|p1|Volcarona, L50, F|
|poke|p1|Sneasler, L50, M|
|poke|p1|Rillaboom, L50, M|
|poke|p1|Electabuzz, L50, M|
|poke|p1|Kingambit, L50, M|
|poke|p2|Politoed, L50, M|
|poke|p2|Gothitelle, L50, M|
|poke|p2|Incineroar, L50, F|
|poke|p2|Amoonguss, L50, F|
|poke|p2|Kingdra, L50, F|
|poke|p2|Archaludon, L50, F|
|teampreview|4
|showteam|p1|Dragonite||LoadedDice|Multiscale|ScaleShot,ExtremeSpeed,Haze,Protect|||M|||50|,,,,,Fairy]Volcarona||CovertCloak|FlameBody|HeatWave,TeraBlast,QuiverDance,Protect|||F|||50|,,,,,Fairy]Sneasler||FocusSash|Unburden|CloseCombat,DireClaw,RockSlide,Protect|||M|||50|,,,,,Stellar]Rillaboom||AssaultVest|GrassySurge|WoodHammer,GrassyGlide,HighHorsepower,FakeOut|||M|||50|,,,,,Water]Electabuzz||Eviolite|VitalSpirit|Electroweb,FollowMe,Taunt,Protect|||M|||50|,,,,,Ghost]Kingambit||BlackGlasses|Defiant|KowtowCleave,SuckerPunch,SwordsDance,Protect|||M|||50|,,,,,Dark
|showteam|p2|Politoed||Leftovers|Drizzle|Protect,WeatherBall,PerishSong,Encore|||M|||50|,,,,,Grass]Gothitelle||SitrusBerry|ShadowTag|Protect,Psychic,FakeOut,TrickRoom|||M|||50|,,,,,Dark]Incineroar||SafetyGoggles|Intimidate|Protect,KnockOff,FakeOut,PartingShot|||F|||50|,,,,,Ghost]Amoonguss||EjectButton|Regenerator|Protect,RagePowder,PollenPuff,Spore|||F|||50|,,,,,Fairy]Kingdra||LifeOrb|SwiftSwim|Protect,WeatherBall,DracoMeteor,MuddyWater|||F|||50|,,,,,Stellar]Archaludon||PowerHerb|Sturdy|Protect,ElectroShot,DragonPulse,FlashCannon|||F|||50|,,,,,Electric
|inactive|Battle timer is ON: inactive players will automatically lose when time's up. (requested by kimmy k)
|inactive|dambro222 also wants the timer to be on.
|
|t:|1756326842
|teamsize|p1|4
|teamsize|p2|4
|start
|switch|p1a: Kingambit|Kingambit, L50, M, shiny|100/100
|switch|p1b: Rillaboom|Rillaboom, L50, M|100/100
|switch|p2a: Archaludon|Archaludon, L50, F|100/100
|switch|p2b: Gothitelle|Gothitelle, L50, M|100/100
|-fieldstart|move: Grassy Terrain|[from] ability: Grassy Surge|[of] p1b: Rillaboom
|turn|1
|
|t:|1756326862
|move|p2a: Archaludon|Protect|p2a: Archaludon
|-singleturn|p2a: Archaludon|Protect
|move|p2b: Gothitelle|Fake Out|p1a: Kingambit
|-resisted|p1a: Kingambit
|-damage|p1a: Kingambit|98/100
|move|p1b: Rillaboom|Wood Hammer|p2b: Gothitelle
|-damage|p2b: Gothitelle|19/100
|-enditem|p2b: Gothitelle|Sitrus Berry|[eat]
|-heal|p2b: Gothitelle|43/100|[from] item: Sitrus Berry
|-damage|p1b: Rillaboom|75/100|[from] Recoil
|cant|p1a: Kingambit|flinch
|
|-heal|p1b: Rillaboom|82/100|[from] Grassy Terrain
|-heal|p1a: Kingambit|100/100|[from] Grassy Terrain
|-heal|p2b: Gothitelle|50/100|[from] Grassy Terrain
|upkeep
|turn|2
|
|t:|1756326884
|switch|p2b: Politoed|Politoed, L50, M|100/100
|-weather|RainDance|[from] ability: Drizzle|[of] p2b: Politoed
|-terastallize|p2a: Archaludon|Electric
|move|p2a: Archaludon|Electro Shot||[still]
|-prepare|p2a: Archaludon|Electro Shot
|-boost|p2a: Archaludon|spa|1
|-anim|p2a: Archaludon|Electro Shot|p1a: Kingambit
|-damage|p1a: Kingambit|9/100
|move|p1b: Rillaboom|High Horsepower|p2a: Archaludon
|-supereffective|p2a: Archaludon
|-damage|p2a: Archaludon|40/100
|move|p1a: Kingambit|Kowtow Cleave|p2b: Politoed
|-damage|p2b: Politoed|33/100
|
|-weather|RainDance|[upkeep]
|-heal|p2a: Archaludon|46/100|[from] Grassy Terrain
|-heal|p1b: Rillaboom|88/100|[from] Grassy Terrain
|-heal|p2b: Politoed|40/100|[from] Grassy Terrain
|-heal|p2b: Politoed|46/100|[from] item: Leftovers
|-heal|p1a: Kingambit|15/100|[from] Grassy Terrain
|upkeep
|turn|3
|inactive|dambro222 has 30 seconds left.
|
|t:|1756326911
|switch|p2b: Incineroar|Incineroar, L50, F|100/100
|-ability|p2b: Incineroar|Intimidate|boost
|-unboost|p1a: Kingambit|atk|1
|-ability|p1a: Kingambit|Defiant|boost
|-boost|p1a: Kingambit|atk|2
|-unboost|p1b: Rillaboom|atk|1
|-terastallize|p1a: Kingambit|Dark
|move|p1b: Rillaboom|Grassy Glide|p2b: Incineroar
|-resisted|p2b: Incineroar
|-damage|p2b: Incineroar|89/100
|move|p1a: Kingambit|Sucker Punch|p2a: Archaludon
|-damage|p2a: Archaludon|0 fnt
|faint|p2a: Archaludon
|
|-weather|RainDance|[upkeep]
|-heal|p1b: Rillaboom|94/100|[from] Grassy Terrain
|-heal|p1a: Kingambit|20/100|[from] Grassy Terrain
|-heal|p2b: Incineroar|95/100|[from] Grassy Terrain
|upkeep
|
|t:|1756326925
|switch|p2a: Politoed|Politoed, L50, M|46/100
|turn|4
|inactive|dambro222 has 30 seconds left.
|
|t:|1756326956
|move|p1b: Rillaboom|Wood Hammer|p2a: Politoed
|-supereffective|p2a: Politoed
|-damage|p2a: Politoed|0 fnt
|faint|p2a: Politoed
|-damage|p1b: Rillaboom|79/100|[from] Recoil
|move|p1a: Kingambit|Kowtow Cleave|p2b: Incineroar
|-resisted|p2b: Incineroar
|-damage|p2b: Incineroar|41/100
|move|p2b: Incineroar|Parting Shot|p1b: Rillaboom
|-unboost|p1b: Rillaboom|atk|1
|-unboost|p1b: Rillaboom|spa|1
|
|t:|1756326959
|switch|p2b: Gothitelle|Gothitelle, L50, M|50/100|[from] Parting Shot
|
|-weather|RainDance|[upkeep]
|-heal|p1b: Rillaboom|85/100|[from] Grassy Terrain
|-heal|p1a: Kingambit|26/100|[from] Grassy Terrain
|-heal|p2b: Gothitelle|56/100|[from] Grassy Terrain
|upkeep
|-message|kimmy k forfeited.
|
|win|dambro222
||kimmy k is ready for game 2.
||dambro222 is ready for game 2.
|uhtml|next|Next: Game 2 of 3
