|j|ŌśåCrisVGC CL
|j|ŌśåAstterio
|html|CrisVGC CLAstterio    
|uhtml|bestof|Game 3 of a best-of-3
|t:|1782183348
|gametype|doubles
|player|p1|CrisVGC CL|red|
|player|p2|Astterio|eusine|
|gen|9
|tier|[Gen 9 Champions] VGC 2026 Reg M-B (Bo3)
|rule|Species Clause: Limit one of each Pok├®mon
|rule|Item Clause: Limit 1 of each item
|clearpoke
|poke|p1|Floette-Eternal, L50, F|
|poke|p1|Incineroar, L50, M|
|poke|p1|Kingambit, L50, F|
|poke|p1|Basculegion, L50, M|
|poke|p1|Sinistcha, L50|
|poke|p1|Sneasler, L50, F|
|poke|p2|Floette-Eternal, L50, F|
|poke|p2|Charizard, L50, M, shiny|
|poke|p2|Garchomp, L50, M|
|poke|p2|Kingambit, L50, F|
|poke|p2|Whimsicott, L50, M|
|poke|p2|Basculegion, L50, M|
|teampreview|4
|showteam|p1|Floette-Eternal||Floettite|FlowerVeil|DrainingKiss,DazzlingGleam,CalmMind,Protect|Timid||F|||50|]Incineroar||SitrusBerry|Intimidate|FakeOut,FlareBlitz,ThroatChop,PartingShot|Careful||M|||50|]Kingambit||BlackGlasses|Defiant|Protect,KowtowCleave,SuckerPunch,SwordsDance|Adamant||F|||50|]Basculegion||ChoiceScarf|Adaptability|WaveCrash,LastRespects,FlipTurn,AquaJet|Adamant||M|||50|]Sinistcha||KasibBerry|Hospitality|MatchaGotcha,RagePowder,TrickRoom,Protect|Impish|||||50|]Sneasler||WhiteHerb|Unburden|Protect,FakeOut,CloseCombat,DireClaw|Adamant||F|||50|
|showteam|p2|Floette-Eternal||Floettite|FlowerVeil|DazzlingGleam,Moonblast,LightofRuin,Protect|Timid||F|||50|]Charizard||CharizarditeY|Blaze|HeatWave,WeatherBall,SolarBeam,Protect|Modest||M|||50|]Garchomp||SitrusBerry|RoughSkin|DragonClaw,StompingTantrum,RockTomb,Protect|Jolly||M|||50|]Kingambit||OccaBerry|Defiant|KowtowCleave,SuckerPunch,IronHead,LowKick|Adamant||F|||50|]Whimsicott||FocusSash|Prankster|Moonblast,Tailwind,Encore,Protect|Timid||M|||50|]Basculegion||LifeOrb|Adaptability|AquaJet,Protect,WaveCrash,LastRespects|Adamant||M|||50|
|j| yep trust
|c|ŌśåCrisVGC CL|xdd
|c|ŌśåAstterio|Oye criss
|j| el.luzi
|c| yep trust|yo te lo dije asteri
|c|ŌśåAstterio|No volvai a dejar que el seba juegue
|c|ŌśåCrisVGC CL|siempre hago cualquier cosa cuando me da paja volver a lidear
|c| yep trust|hazle caso a papa
|c|ŌśåAstterio|Viste lo que hizo en ese g2?
|c|ŌśåCrisVGC CL|es q me da paja porque es lo mismo todo el rato
|c|ŌśåCrisVGC CL|zzz
|
|t:|1782183379
|teamsize|p1|4
|teamsize|p2|4
|start
|switch|p1a: Incineroar|Incineroar, L50, M|100/100
|switch|p1b: Floette|Floette-Eternal, L50, F|100/100
|switch|p2a: Kingambit|Kingambit, L50, F|100/100
|switch|p2b: Charizard|Charizard, L50, M, shiny|100/100
|-ability|p1a: Incineroar|Intimidate|boost
|-unboost|p2a: Kingambit|atk|1
|-ability|p2a: Kingambit|Defiant|boost
|-boost|p2a: Kingambit|atk|2
|-unboost|p2b: Charizard|atk|1
|turn|1
|
|t:|1782183385
|detailschange|p2b: Charizard|Charizard-Mega-Y, L50, M, shiny
|-mega|p2b: Charizard|Charizard|Charizardite Y
|-weather|SunnyDay|[from] ability: Drought|[of] p2b: Charizard
|move|p1a: Incineroar|Fake Out|p2a: Kingambit
|-resisted|p2a: Kingambit|1
|-damage|p2a: Kingambit|96/100
|move|p1b: Floette|Calm Mind|p1b: Floette
|-boost|p1b: Floette|spa|1
|-boost|p1b: Floette|spd|1
|move|p2b: Charizard|Weather Ball|p1b: Floette
|-damage|p1b: Floette|48/100
|cant|p2a: Kingambit|flinch
|
|-weather|SunnyDay|[upkeep]
|upkeep
|turn|2
|c|ŌśåCrisVGC CL|when no haces mega
|c| el.luzi|amigo
|c| el.luzi|la mega
|
|t:|1782183405
|detailschange|p1b: Floette|Floette-Mega, L50, F
|-mega|p1b: Floette|Floette|Floettite
|-ability|p1b: Floette|Fairy Aura
|move|p2a: Kingambit|Sucker Punch|p1b: Floette
|-resisted|p1b: Floette|1
|-damage|p1b: Floette|14/100
|move|p1b: Floette|Draining Kiss|p2a: Kingambit
|-damage|p2a: Kingambit|44/100
|-heal|p1b: Floette|64/100|[from] drain|[of] p2a: Kingambit
|move|p2b: Charizard|Weather Ball|p1b: Floette
|-damage|p1b: Floette|18/100
|move|p1a: Incineroar|Flare Blitz|p2a: Kingambit
|-supereffective|p2a: Kingambit|1
|-enditem|p2a: Kingambit|Occa Berry|[eat]
|-enditem|p2a: Kingambit|Occa Berry|[weaken]
|-damage|p2a: Kingambit|0 fnt
|faint|p2a: Kingambit
|-damage|p1a: Incineroar|85/100|[from] Recoil
|
|-weather|SunnyDay|[upkeep]
|upkeep
|c|ŌśåCrisVGC CL|toy trolin sory
|c| yep trust|esta gaga
|
|t:|1782183415
|switch|p2a: Whimsicott|Whimsicott, L50, M|100/100
|turn|3
|
|t:|1782183430
|switch|p1a: Sinistcha|Sinistcha, L50|100/100
|-heal|p1b: Floette|43/100|[from] ability: Hospitality|[of] p1a: Sinistcha
|move|p2a: Whimsicott|Tailwind|p2a: Whimsicott
|-sidestart|p2: Astterio|move: Tailwind
|move|p2b: Charizard|Weather Ball|p1b: Floette
|-damage|p1b: Floette|0 fnt
|faint|p1b: Floette
|
|-weather|SunnyDay|[upkeep]
|upkeep
|c|ŌśåCrisVGC CL|what
|c| yep trust|ESTA GAGA
|j| konoz
|c| el.luzi|amigo
|c|ŌśåAstterio|Pero si eri como 2hp
|c|ŌśåCrisVGC CL|no si tengo bulk
|
|t:|1782183456
|switch|p1b: Incineroar|Incineroar, L50, M|85/100
|-ability|p1b: Incineroar|Intimidate|boost
|-unboost|p2a: Whimsicott|atk|1
|-unboost|p2b: Charizard|atk|1
|turn|4
|c|ŌśåAstterio|Puede haber sido roll pero nica desfavorable pa mi
|c| konoz|ESTA GAGA
|
|t:|1782183468
|move|p1b: Incineroar|Fake Out|p2b: Charizard
|-damage|p2b: Charizard|87/100
|move|p2a: Whimsicott|Moonblast|p1b: Incineroar
|-damage|p1b: Incineroar|54/100
|cant|p2b: Charizard|flinch
|move|p1a: Sinistcha|Trick Room|p1a: Sinistcha
|-fieldstart|move: Trick Room|[of] p1a: Sinistcha
|
|-weather|SunnyDay|[upkeep]
|upkeep
|turn|5
|c| konoz|GAGA A LOS 21
|
|t:|1782183477
|move|p1a: Sinistcha|Protect|p1a: Sinistcha
|-singleturn|p1a: Sinistcha|Protect
|move|p2a: Whimsicott|Encore|p1a: Sinistcha
|-activate|p1a: Sinistcha|move: Protect
|move|p1b: Incineroar|Throat Chop|p2b: Charizard
|-damage|p2b: Charizard|50/100g
|-start|p2b: Charizard|Throat Chop|[silent]
|move|p2b: Charizard|Weather Ball|p1b: Incineroar
|-resisted|p1b: Incineroar|1
|-damage|p1b: Incineroar|21/100
|-enditem|p1b: Incineroar|Sitrus Berry|[eat]
|-heal|p1b: Incineroar|46/100|[from] item: Sitrus Berry
|
|-weather|none
|upkeep
|turn|6
|c| yep trust|como eres medio afeminado te pondre lady gaga
|
|t:|1782183497
|move|p1a: Sinistcha|Matcha Gotcha|p2a: Whimsicott|[spread] p2a,p2b
|-resisted|p2a: Whimsicott|1
|-resisted|p2b: Charizard|2
|-damage|p2a: Whimsicott|80/100
|-damage|p2b: Charizard|46/100
|move|p1b: Incineroar|Flare Blitz|p2a: Whimsicott
|-supereffective|p2a: Whimsicott|1
|-damage|p2a: Whimsicott|0 fnt
|faint|p2a: Whimsicott
|-damage|p1b: Incineroar|28/100|[from] Recoil
|move|p2b: Charizard|Heat Wave|p1a: Sinistcha|[spread] p1a,p1b
|-supereffective|p1a: Sinistcha|1
|-resisted|p1b: Incineroar|1
|-damage|p1a: Sinistcha|11/100
|-damage|p1b: Incineroar|10/100
|
|-end|p2b: Charizard|Throat Chop|[silent]
|-sideend|p2: Astterio|move: Tailwind
|upkeep
|
|t:|1782183504
|switch|p2a: Basculegion|Basculegion, L50, M|100/100
|turn|7
|c| yep trust|me dicen el risky
|
|t:|1782183519
|switch|p1b: Sneasler|Sneasler, L50, F|100/100
|move|p1a: Sinistcha|Protect|p1a: Sinistcha
|-singleturn|p1a: Sinistcha|Protect
|move|p2a: Basculegion|Protect|p2a: Basculegion
|-singleturn|p2a: Basculegion|Protect
|move|p2b: Charizard|Heat Wave|p1a: Sinistcha|[spread] p1b
|-activate|p1a: Sinistcha|move: Protect
|-damage|p1b: Sneasler|44/100
|
|upkeep
|turn|8
|c| konoz|Yo riskeo para vos mama
|c| el.luzi|y esa play de la polla
|
|t:|1782183547
|move|p1b: Sneasler|Fake Out|p2b: Charizard
|-damage|p2b: Charizard|29/100
|move|p2a: Basculegion|Aqua Jet|p1b: Sneasler
|-damage|p1b: Sneasler|0 fnt
|faint|p1b: Sneasler
|-damage|p2a: Basculegion|90/100|[from] item: Life Orb
|move|p1a: Sinistcha|Matcha Gotcha|p2b: Charizard|[spread] p2a,p2b
|-supereffective|p2a: Basculegion|1
|-resisted|p2b: Charizard|2
|-damage|p2a: Basculegion|43/100
|-heal|p1a: Sinistcha|38/100|[from] drain|[of] p2a: Basculegion
|-damage|p2b: Charizard|25/100
|-heal|p1a: Sinistcha|41/100|[from] drain|[of] p2b: Charizard
|cant|p2b: Charizard|flinch
|
|-fieldend|move: Trick Room
|upkeep
|
|t:|1782183552
|switch|p1b: Incineroar|Incineroar, L50, M|10/100
|-ability|p1b: Incineroar|Intimidate|boost
|-unboost|p2a: Basculegion|atk|1
|-unboost|p2b: Charizard|atk|1
|turn|9
|
|t:|1782183561
|move|p1b: Incineroar|Fake Out|p2b: Charizard
|-damage|p2b: Charizard|13/100
|cant|p2b: Charizard|flinch
|move|p2a: Basculegion|Last Respects|p1a: Sinistcha
|-supereffective|p1a: Sinistcha|1
|-enditem|p1a: Sinistcha|Kasib Berry|[eat]
|-enditem|p1a: Sinistcha|Kasib Berry|[weaken]
|-damage|p1a: Sinistcha|0 fnt
|faint|p1a: Sinistcha
|-damage|p2a: Basculegion|33/100|[from] item: Life Orb
|
|upkeep
|turn|10
|c| yep trust|que es malo el asterio
|c| yep trust|le da chances
|c|ŌśåCrisVGC CL|puta todas las weas mueren
|c|ŌśåAstterio|Como que chances
|-message|CrisVGC CL forfeited.
|
|win|Astterio
|c|ŌśåCrisVGC CL|na igual jugu├® muy mal g2 y g3
|c|ŌśåCrisVGC CL|por inventar
|c|ŌśåAstterio|Si el game estaba ganado desde hace 4 turnos
|c|ŌśåCrisVGC CL|na pero jugando safe se hace
|c|ŌśåAstterio|Nose
|c|ŌśåCrisVGC CL|si jugabai muy recto
|c|ŌśåCrisVGC CL|nunca me fuiste a leer
