|j|☆fanny macaloon
|j|☆blum10
|html|fanny macaloonblum10    
|uhtml|bestof|Game 1 of a best-of-3
|t:|1783994211
|gametype|doubles
|player|p1|fanny macaloon|jogger|1123
|player|p2|blum10|265|1123
|gen|9
|tier|[Gen 9 Champions] VGC 2026 Reg M-B (Bo3)
|rated|
|rule|Species Clause: Limit one of each Pokémon
|rule|Item Clause: Limit 1 of each item
|clearpoke
|poke|p1|Charizard, L50, M|
|poke|p1|Whimsicott, L50, M|
|poke|p1|Swampert, L50, M|
|poke|p1|Sneasler, L50, M|
|poke|p1|Sinistcha-Masterpiece, L50|
|poke|p1|Rotom-Wash, L50|
|poke|p2|Aerodactyl, L50, M|
|poke|p2|Kingambit, L50, M|
|poke|p2|Sylveon, L50, M|
|poke|p2|Garchomp, L50, M|
|poke|p2|Charizard, L50, M|
|poke|p2|Incineroar, L50, M|
|teampreview|4
|showteam|p1|Charizard||SitrusBerry|Blaze|BellyDrum,DragonClaw,FirePunch,Protect|Jolly||M|||50|]Whimsicott||FocusSash|Prankster|Tailwind,Encore,Moonblast,EnergyBall|Timid||M|||50|]Swampert||Swampertite|Torrent|WaveCrash,IcePunch,Earthquake,Protect|Adamant||M|||50|]Sneasler||WhiteHerb|Unburden|DireClaw,CloseCombat,Protect,UpperHand|Adamant||M|||50|]Sinistcha-Masterpiece||Leftovers|Hospitality|MatchaGotcha,RagePowder,Protect,ShadowBall|Bold|||||50|]Rotom-Wash||ChoiceScarf|Levitate|Trick,Electroweb,HydroPump,VoltSwitch|Serious|||||50|
|showteam|p2|Aerodactyl||Aerodactylite|Unnerve|RockSlide,IceFang,Tailwind,WideGuard|Jolly||M|||50|]Kingambit||FocusSash|Defiant|KowtowCleave,SuckerPunch,IronHead,Protect|Adamant||M|||50|]Sylveon||FairyFeather|Pixilate|Detect,HyperVoice,HyperBeam,QuickAttack|Modest||M|||50|]Garchomp||LifeOrb|RoughSkin|Earthquake,DragonClaw,StompingTantrum,Protect|Jolly||M|||50|]Charizard||CharizarditeY|Blaze|Protect,HeatWave,SolarBeam,WeatherBall|Modest||M|||50|]Incineroar||SitrusBerry|Intimidate|DarkestLariat,FlareBlitz,FakeOut,PartingShot|Impish||M|||50|
|inactive|Battle timer is ON: inactive players will automatically lose when time's up. (requested by fanny macaloon)
|inactive|blum10 has 60 seconds left.
|inactive|blum10 has 30 seconds left.
|inactive|blum10 has 20 seconds left.
|inactive|blum10 has 15 seconds left.
|inactive|blum10 has 10 seconds left.
|inactive|blum10 has 5 seconds left.
|
|t:|1783994324
|teamsize|p1|4
|teamsize|p2|4
|start
|switch|p1a: Charizard|Charizard, L50, M|100/100
|switch|p1b: Rotom|Rotom-Wash, L50|100/100
|switch|p2a: Aerodactyl|Aerodactyl, L50, M|100/100
|switch|p2b: Kingambit|Kingambit, L50, M|100/100
|-ability|p2a: Aerodactyl|Unnerve
|turn|1
|inactive|blum10 has 30 seconds left.
|inactive|blum10 has 20 seconds left.
|inactive|blum10 has 15 seconds left.
|inactive|blum10 has 10 seconds left.
|
|t:|1783994371
|detailschange|p2a: Aerodactyl|Aerodactyl-Mega, L50, M
|-mega|p2a: Aerodactyl|Aerodactyl|Aerodactylite
|move|p2b: Kingambit|Sucker Punch||[still]
|-fail|p2b: Kingambit
|move|p2a: Aerodactyl|Rock Slide|p1a: Charizard|[spread] p1a,p1b
|-supereffective|p1a: Charizard|2
|-damage|p1a: Charizard|0 fnt
|-damage|p1b: Rotom|70/100
|faint|p1a: Charizard
|cant|p1b: Rotom|flinch
|
|upkeep
|-message|fanny macaloon forfeited.
|
|win|blum10
