|j|☆ER Alpha
|j|☆kattathy
|html|ER Alphakattathy    
|uhtml|bestof|Game 1 of a best-of-3
|t:|1757707697
|gametype|doubles
|player|p1|ER Alpha|nate|
|player|p2|kattathy|elesa|
|gen|9
|tier|[Gen 9] VGC 2025 Reg H (Bo3)
|rule|Species Clause: Limit one of each Pokémon
|rule|Item Clause: Limit 1 of each item
|clearpoke
|poke|p1|Annihilape, L50, M|
|poke|p1|Ninetales-Alola, L50, F|
|poke|p1|Talonflame, L50, M|
|poke|p1|Garchomp, L50, M|
|poke|p1|Vivillon-Ocean, L50, F|
|poke|p1|Gholdengo, L50|
|poke|p2|Sneasler, L50, M|
|poke|p2|Indeedee, L50, M|
|poke|p2|Volcarona, L50, M|
|poke|p2|Ursaluna-Bloodmoon, L50, M|
|poke|p2|Annihilape, L50, F|
|poke|p2|Tyranitar, L50, M|
|teampreview|4
|showteam|p1|Annihilape||SafetyGoggles|Defiant|RageFist,DrainPunch,BulkUp,Protect|||M|||50|,,,,,Water]Ninetales-Alola||CovertCloak|SnowWarning|Blizzard,FreezeDry,AuroraVeil,Protect|||F|||50|,,,,,Ice]Talonflame||SharpBeak|GaleWings|DualWingbeat,Tailwind,WillOWisp,Protect|||M|||50|,,,,,Ghost]Garchomp||LifeOrb|RoughSkin|Earthquake,StompingTantrum,DragonClaw,Protect|||M|||50|,,,,,Steel]Vivillon-Ocean||FocusSash|CompoundEyes|SleepPowder,Hurricane,RagePowder,Protect|||F|||50|,,,,,Ghost]Gholdengo||IronPlate|GoodasGold|MakeItRain,ShadowBall,NastyPlot,Protect||||||50|,,,,,Steel
|showteam|p2|Sneasler||PsychicSeed|Unburden|ThroatChop,DireClaw,CloseCombat,Protect|||M|||50|,,,,,Dark]Indeedee||ChoiceScarf|PsychicSurge|ExpandingForce,TeraBlast,Trick,Protect|||M|||50|,,,,,Psychic]Volcarona||SitrusBerry|FlameBody|Overheat,StruggleBug,RagePowder,Tailwind|||M|||50|,,,,,Grass]Ursaluna-Bloodmoon||LifeOrb|MindsEye|BloodMoon,HyperVoice,EarthPower,Protect|||M|||50|,,,,,Normal]Annihilape||SafetyGoggles|Defiant|CloseCombat,RageFist,Taunt,FinalGambit|||F|||50|,,,,,Fairy]Tyranitar||AssaultVest|SandStream|RockSlide,KnockOff,TeraBlast,LowKick|||M|||50|,,,,,Flying
|
|t:|1757707716
|teamsize|p1|4
|teamsize|p2|4
|start
|switch|p1a: Ninetales|Ninetales-Alola, L50, F, shiny|100/100
|switch|p1b: Gholdengo|Gholdengo, L50|100/100
|switch|p2a: Tyranitar|Tyranitar, L50, M|100/100
|switch|p2b: Sneasler|Sneasler, L50, M|100/100
|-weather|Snowscape|[from] ability: Snow Warning|[of] p1a: Ninetales
|-weather|Sandstorm|[from] ability: Sand Stream|[of] p2a: Tyranitar
|turn|1
|
|t:|1757707743
|switch|p1a: Garchomp|Garchomp, L50, M|100/100
|move|p1b: Gholdengo|Protect|p1b: Gholdengo
|-singleturn|p1b: Gholdengo|Protect
|move|p2b: Sneasler|Dire Claw|p1a: Garchomp
|-resisted|p1a: Garchomp
|-damage|p1a: Garchomp|75/100
|-damage|p2b: Sneasler|88/100|[from] ability: Rough Skin|[of] p1a: Garchomp
|move|p2a: Tyranitar|Knock Off|p1b: Gholdengo
|-activate|p1b: Gholdengo|move: Protect
|
|-weather|Sandstorm|[upkeep]
|-damage|p2b: Sneasler|82/100|[from] Sandstorm
|upkeep
|turn|2
|
|t:|1757707761
|move|p2b: Sneasler|Close Combat|p1b: Gholdengo
|-immune|p1b: Gholdengo
|move|p1a: Garchomp|Earthquake|p2b: Sneasler|[spread] p1b,p2a,p2b
|-supereffective|p1b: Gholdengo
|-supereffective|p2a: Tyranitar
|-supereffective|p2b: Sneasler
|-damage|p1b: Gholdengo|0 fnt
|-damage|p2a: Tyranitar|9/100
|-damage|p2b: Sneasler|0 fnt
|faint|p1b: Gholdengo
|faint|p2b: Sneasler
|-damage|p1a: Garchomp|66/100|[from] item: Life Orb
|move|p2a: Tyranitar|Knock Off|p1a: Garchomp
|-damage|p1a: Garchomp|8/100
|-damage|p2a: Tyranitar|0 fnt|[from] ability: Rough Skin|[of] p1a: Garchomp
|faint|p2a: Tyranitar
|
|-weather|Sandstorm|[upkeep]
|upkeep
|
|t:|1757707773
|switch|p2b: Ursaluna|Ursaluna-Bloodmoon, L50, M|100/100
|switch|p1b: Ninetales|Ninetales-Alola, L50, F, shiny|100/100
|switch|p2a: Indeedee|Indeedee, L50, M|100/100
|-fieldstart|move: Psychic Terrain|[from] ability: Psychic Surge|[of] p2a: Indeedee
|-weather|Snowscape|[from] ability: Snow Warning|[of] p1b: Ninetales
|turn|3
|
|t:|1757707787
|-terastallize|p1b: Ninetales|Ice
|-terastallize|p2b: Ursaluna|Normal
|move|p2a: Indeedee|Expanding Force|p1a: Garchomp|[spread] p1a,p1b
|-crit|p1b: Ninetales
|-damage|p1a: Garchomp|0 fnt
|-damage|p1b: Ninetales|0 fnt
|faint|p1a: Garchomp
|faint|p1b: Ninetales
|move|p2b: Ursaluna|Hyper Voice|p1: Garchomp|[notarget]
|-fail|p2b: Ursaluna
|
|-weather|Snowscape|[upkeep]
|upkeep
|-message|ER Alpha forfeited.
|
|win|kattathy
||ER Alpha is ready for game 2.
||kattathy is ready for game 2.
|uhtml|next|Next: Game 2 of 3
|l|☆ER Alpha
|player|p1|
|l|☆kattathy
|player|p2|
