|j|☆Arkhept
|j|☆CillianVGC
|html|ArkheptCillianVGC    
|uhtml|bestof|Game 1 of a best-of-3
|t:|1757852112
|gametype|doubles
|player|p1|Arkhept|misty|1267
|player|p2|CillianVGC|nate|1219
|gen|9
|tier|[Gen 9] VGC 2025 Reg H (Bo3)
|rated|
|rule|Species Clause: Limit one of each Pokémon
|rule|Item Clause: Limit 1 of each item
|clearpoke
|poke|p1|Frosmoth, L50, M|
|poke|p1|Ninetales-Alola, L50, F|
|poke|p1|Rillaboom, L50, F|
|poke|p1|Incineroar, L50, F|
|poke|p1|Primarina, L50, M|
|poke|p1|Amoonguss, L50, F|
|poke|p2|Kommo-o, L50, M|
|poke|p2|Incineroar, L50, M|
|poke|p2|Ursaluna, L50, M|
|poke|p2|Amoonguss, L50, M|
|poke|p2|Braviary-Hisui, L50, M|
|poke|p2|Indeedee-F, L50, F|
|teampreview|4
|showteam|p1|Frosmoth||Leftovers|IceScales|QuiverDance,Blizzard,TeraBlast,Protect|||M|||50|,,,,,Water]Ninetales-Alola||LightClay|SnowWarning|Moonblast,AuroraVeil,Disable,Encore|||F|||50|,,,,,Ghost]Rillaboom||AssaultVest|GrassySurge|WoodHammer,GrassyGlide,Uturn,FakeOut|||F|||50|,,,,,Fire]Incineroar||SafetyGoggles|Intimidate|FlareBlitz,KnockOff,FakeOut,PartingShot|||F|||50|,,,,,Ghost]Primarina||SitrusBerry|LiquidVoice|CalmMind,Protect,HyperVoice,Moonblast|||M|||50|,,,,,Water]Amoonguss||RockyHelmet|Regenerator|SludgeBomb,Spore,RagePowder,Protect|||F|||50|,,,,,Psychic
|showteam|p2|Kommo-o||ThroatSpray|Overcoat|ClangorousSoul,ClangingScales,Protect,Flamethrower|||M|||50|,,,,,Fire]Incineroar||SafetyGoggles|Intimidate|FakeOut,Snarl,PartingShot,FlareBlitz|||M|||50|,,,,,Water]Ursaluna||FlameOrb|Guts|Facade,Earthquake,Protect,HeadlongRush|||M|||50|,,,,,Normal]Amoonguss||SitrusBerry|Regenerator|Spore,PollenPuff,RagePowder,Protect|||M|||50|,,,,,Water]Braviary-Hisui||LifeOrb|TintedLens|ExpandingForce,Protect,Hurricane,EsperWing|||M|||50|,,,,,Psychic]Indeedee-F||MentalHerb|PsychicSurge|DazzlingGleam,FollowMe,TrickRoom,HelpingHand|||F|||50|,,,,,Fairy
|
|t:|1757852154
|teamsize|p1|4
|teamsize|p2|4
|start
|switch|p1a: Frosmoth|Frosmoth, L50, M|100/100
|switch|p1b: Ninetales|Ninetales-Alola, L50, F|100/100
|switch|p2a: Incineroar|Incineroar, L50, M|100/100
|switch|p2b: Indeedee|Indeedee-F, L50, F|100/100
|-weather|Snowscape|[from] ability: Snow Warning|[of] p1b: Ninetales
|-fieldstart|move: Psychic Terrain|[from] ability: Psychic Surge|[of] p2b: Indeedee
|-ability|p2a: Incineroar|Intimidate|boost
|-unboost|p1a: Frosmoth|atk|1
|-unboost|p1b: Ninetales|atk|1
|turn|1
|
|t:|1757852174
|-terastallize|p1a: Frosmoth|Water
|move|p1b: Ninetales|Aurora Veil|p1b: Ninetales
|-sidestart|p1: Arkhept|move: Aurora Veil
|move|p1a: Frosmoth|Quiver Dance|p1a: Frosmoth
|-boost|p1a: Frosmoth|spa|1
|-boost|p1a: Frosmoth|spd|1
|-boost|p1a: Frosmoth|spe|1
|move|p2a: Incineroar|Parting Shot|p1a: Frosmoth
|-unboost|p1a: Frosmoth|atk|1
|-unboost|p1a: Frosmoth|spa|1
|
|t:|1757852182
|switch|p2a: Ursaluna|Ursaluna, L50, M|100/100|[from] Parting Shot
|move|p2b: Indeedee|Trick Room|p2b: Indeedee
|-fieldstart|move: Trick Room|[of] p2b: Indeedee
|
|-weather|Snowscape|[upkeep]
|-status|p2a: Ursaluna|brn|[from] item: Flame Orb
|upkeep
|turn|2
|
|t:|1757852215
|switch|p1b: Incineroar|Incineroar, L50, F|100/100
|-ability|p1b: Incineroar|Intimidate|boost
|-unboost|p2a: Ursaluna|atk|1
|-unboost|p2b: Indeedee|atk|1
|-terastallize|p2a: Ursaluna|Normal
|move|p2b: Indeedee|Follow Me|p2b: Indeedee
|-singleturn|p2b: Indeedee|move: Follow Me
|move|p2a: Ursaluna|Facade|p1a: Frosmoth
|-damage|p1a: Frosmoth|11/100
|move|p1a: Frosmoth|Quiver Dance|p1a: Frosmoth
|-boost|p1a: Frosmoth|spa|1
|-boost|p1a: Frosmoth|spd|1
|-boost|p1a: Frosmoth|spe|1
|
|-weather|Snowscape|[upkeep]
|-heal|p1a: Frosmoth|17/100|[from] item: Leftovers
|-damage|p2a: Ursaluna|95/100 brn|[from] brn
|upkeep
|turn|3
|
|t:|1757852242
|switch|p2b: Incineroar|Incineroar, L50, M|100/100
|-ability|p2b: Incineroar|Intimidate|boost
|-unboost|p1a: Frosmoth|atk|1
|-unboost|p1b: Incineroar|atk|1
|move|p1a: Frosmoth|Protect|p1a: Frosmoth
|-singleturn|p1a: Frosmoth|Protect
|move|p2a: Ursaluna|Facade|p1a: Frosmoth
|-activate|p1a: Frosmoth|move: Protect
|move|p1b: Incineroar|Parting Shot|p2a: Ursaluna
|-unboost|p2a: Ursaluna|atk|1
|-unboost|p2a: Ursaluna|spa|1
|
|t:|1757852256
|switch|p1b: Rillaboom|Rillaboom, L50, F|100/100|[from] Parting Shot
|-fieldstart|move: Grassy Terrain|[from] ability: Grassy Surge|[of] p1b: Rillaboom
|
|-weather|Snowscape|[upkeep]
|-heal|p2a: Ursaluna|100/100 brn|[from] Grassy Terrain
|-heal|p1a: Frosmoth|23/100|[from] Grassy Terrain
|-heal|p1a: Frosmoth|29/100|[from] item: Leftovers
|-damage|p2a: Ursaluna|95/100 brn|[from] brn
|upkeep
|turn|4
|
|t:|1757852271
|move|p2b: Incineroar|Fake Out|p1b: Rillaboom
|-damage|p1b: Rillaboom|93/100
|move|p2a: Ursaluna|Facade|p1a: Frosmoth
|-damage|p1a: Frosmoth|0 fnt
|faint|p1a: Frosmoth
|cant|p1b: Rillaboom|flinch
|
|-weather|Snowscape|[upkeep]
|-heal|p2a: Ursaluna|100/100 brn|[from] Grassy Terrain
|-heal|p1b: Rillaboom|99/100|[from] Grassy Terrain
|-damage|p2a: Ursaluna|95/100 brn|[from] brn
|upkeep
|-message|Arkhept forfeited.
|
|win|CillianVGC
|l|☆Arkhept
|player|p1|
||Arkhept is ready for game 2.
||CillianVGC is ready for game 2.
|uhtml|next|Next: Game 2 of 3
