|j|☆chefo
|j|☆hh g fjk
|html|chefohh g fjk    
|uhtml|bestof|Game 2 of a best-of-3
|t:|1784840992
|gametype|doubles
|player|p1|chefo|roxie|1073
|player|p2|hh g fjk|266|1086
|gen|9
|tier|[Gen 9 Champions] VGC 2026 Reg M-B (Bo3)
|rated|
|rule|Species Clause: Limit one of each Pokémon
|rule|Item Clause: Limit 1 of each item
|clearpoke
|poke|p1|Kingambit, L50, F|
|poke|p1|Basculegion, L50, M|
|poke|p1|Garchomp, L50, M|
|poke|p1|Charizard, L50, F|
|poke|p1|Whimsicott, L50, F|
|poke|p1|Floette-Eternal, L50, F|
|poke|p2|Sceptile, L50, F|
|poke|p2|Rotom-Heat, L50|
|poke|p2|Clefable, L50, M|
|poke|p2|Aerodactyl, L50, M|
|poke|p2|Kingambit, L50, F|
|poke|p2|Basculegion, L50, M|
|teampreview|4
|showteam|p1|Kingambit||BlackGlasses|Defiant|SuckerPunch,KowtowCleave,Protect,IronHead|Adamant||F|||50|]Basculegion||MysticWater|Adaptability|LastRespects,AquaJet,WaveCrash,Protect|Adamant||M|||50|]Garchomp||LifeOrb|RoughSkin|DragonClaw,Earthquake,Protect,RockSlide|Jolly||M|||50|]Charizard||CharizarditeY|Blaze|Protect,HeatWave,WeatherBall,SolarBeam|Modest||F|||50|]Whimsicott||FocusSash|Prankster|Tailwind,Moonblast,Protect,Encore|Timid||F|||50|]Floette-Eternal||Floettite|FlowerVeil|DazzlingGleam,Moonblast,Protect,CalmMind|Timid||F|||50|
|showteam|p2|Sceptile||Sceptilite|Overgrow|EnergyBall,EarthPower,DragonPulse,Protect|Timid||F|||50|]Rotom-Heat||ChoiceScarf|Levitate|Overheat,Discharge,Trick,VoltSwitch|Timid|||||50|]Clefable||SitrusBerry|Unaware|Moonblast,HelpingHand,FollowMe,Protect|Bold||M|||50|]Aerodactyl||FocusSash|Unnerve|RockSlide,DualWingbeat,Tailwind,Protect|Jolly||M|||50|]Kingambit||ChopleBerry|Defiant|KowtowCleave,SuckerPunch,IronHead,LowKick|Adamant||F|||50|]Basculegion||LifeOrb|Adaptability|WaveCrash,LastRespects,AquaJet,Protect|Adamant||M|||50|
|inactive|Battle timer is ON: inactive players will automatically lose when time's up. (requested by chefo)
|inactive|hh g fjk has 60 seconds left.
|
|t:|1784841195
|teamsize|p1|4
|teamsize|p2|4
|start
|switch|p1a: Basculegion|Basculegion, L50, M|100/100
|switch|p1b: Whimsicott|Whimsicott, L50, F|100/100
|switch|p2a: Basculegion|Basculegion, L50, M|100/100
|switch|p2b: Rotom|Rotom-Heat, L50|100/100
|turn|1
|inactive|chefo has 30 seconds left.
|inactive|hh g fjk has 30 seconds left.
|inactive|hh g fjk has 20 seconds left.
|inactive|hh g fjk has 15 seconds left.
|inactive|hh g fjk has 10 seconds left.
|inactive|hh g fjk has 5 seconds left.
|
|t:|1784841250
|move|p1a: Basculegion|Protect|p1a: Basculegion
|-singleturn|p1a: Basculegion|Protect
|move|p1b: Whimsicott|Tailwind|p1b: Whimsicott
|-sidestart|p1: chefo|move: Tailwind
|move|p2b: Rotom|Overheat|p1a: Basculegion
|-activate|p1a: Basculegion|move: Protect
|move|p2a: Basculegion|Wave Crash|p1a: Basculegion
|-activate|p1a: Basculegion|move: Protect
|
|upkeep
|turn|2
|inactive|chefo has 30 seconds left.
|inactive|hh g fjk has 30 seconds left.
|inactive|chefo has 20 seconds left.
|inactive|hh g fjk has 20 seconds left.
|inactive|chefo has 15 seconds left.
|inactive|hh g fjk has 15 seconds left.
|inactive|chefo has 10 seconds left.
|inactive|hh g fjk has 10 seconds left.
|inactive|hh g fjk has 5 seconds left.
|
|t:|1784841305
|move|p1b: Whimsicott|Moonblast|p2a: Basculegion
|-damage|p2a: Basculegion|55/100
|move|p1a: Basculegion|Wave Crash|p2b: Rotom
|-supereffective|p2b: Rotom|1
|-damage|p2b: Rotom|0 fnt
|faint|p2b: Rotom
|-damage|p1a: Basculegion|79/100|[from] Recoil
|move|p2a: Basculegion|Wave Crash|p1b: Whimsicott
|-resisted|p1b: Whimsicott|1
|-damage|p1b: Whimsicott|36/100
|-damage|p2a: Basculegion|40/100|[from] Recoil
|-damage|p2a: Basculegion|30/100|[from] item: Life Orb
|
|upkeep
|inactive|hh g fjk has 30 seconds left.
|inactive|hh g fjk has 20 seconds left.
|inactive|hh g fjk has 15 seconds left.
|inactive|hh g fjk has 10 seconds left.
|inactive|hh g fjk has 5 seconds left.
|
|t:|1784841360
|switch|p2b: Sceptile|Sceptile, L50, F|100/100
|turn|3
|inactive|chefo has 30 seconds left.
|inactive|hh g fjk has 30 seconds left.
|inactive|chefo has 20 seconds left.
|inactive|hh g fjk has 20 seconds left.
|inactive|hh g fjk has 15 seconds left.
|inactive|hh g fjk has 10 seconds left.
|inactive|hh g fjk has 5 seconds left.
|inactive|chefo has 15 seconds left.
|
|t:|1784841440
|move|p1b: Whimsicott|Moonblast|p2b: Sceptile
|-damage|p2b: Sceptile|45/100
|move|p1a: Basculegion|Last Respects|p2a: Basculegion
|-supereffective|p2a: Basculegion|1
|-damage|p2a: Basculegion|0 fnt
|faint|p2a: Basculegion
|move|p2b: Sceptile|Energy Ball|p1a: Basculegion
|-supereffective|p1a: Basculegion|1
|-damage|p1a: Basculegion|0 fnt
|faint|p1a: Basculegion
|
|upkeep
|inactive|hh g fjk has 30 seconds left.
|inactive|hh g fjk has 20 seconds left.
|inactive|hh g fjk has 15 seconds left.
|inactive|hh g fjk has 10 seconds left.
|inactive|hh g fjk has 5 seconds left.
|
|t:|1784841495
|switch|p1a: Charizard|Charizard, L50, F|100/100
|switch|p2a: Clefable|Clefable, L50, M|100/100
|turn|4
|inactive|hh g fjk has 30 seconds left.
|inactive|hh g fjk has 20 seconds left.
|inactive|hh g fjk has 15 seconds left.
|inactive|hh g fjk has 10 seconds left.
|inactive|hh g fjk has 5 seconds left.
|
|t:|1784841550
|detailschange|p1a: Charizard|Charizard-Mega-Y, L50, F
|-mega|p1a: Charizard|Charizard|Charizardite Y
|-weather|SunnyDay|[from] ability: Drought|[of] p1a: Charizard
|move|p1b: Whimsicott|Protect|p1b: Whimsicott
|-singleturn|p1b: Whimsicott|Protect
|move|p1a: Charizard|Heat Wave|p2b: Sceptile|[spread] p2a
|-miss|p1a: Charizard|p2b: Sceptile
|-damage|p2a: Clefable|32/100
|-enditem|p2a: Clefable|Sitrus Berry|[eat]
|-heal|p2a: Clefable|57/100|[from] item: Sitrus Berry
|move|p2b: Sceptile|Energy Ball|p1a: Charizard
|-resisted|p1a: Charizard|2
|-damage|p1a: Charizard|92/100
|move|p2a: Clefable|Moonblast|p1a: Charizard
|-resisted|p1a: Charizard|1
|-damage|p1a: Charizard|78/100
|
|-weather|SunnyDay|[upkeep]
|-sideend|p1: chefo|move: Tailwind
|upkeep
|turn|5
|inactive|hh g fjk has 30 seconds left.
|inactive|hh g fjk has 20 seconds left.
|inactive|hh g fjk has 15 seconds left.
|inactive|hh g fjk has 10 seconds left.
|inactive|hh g fjk has 5 seconds left.
|
|t:|1784841605
|move|p1b: Whimsicott|Tailwind|p1b: Whimsicott
|-sidestart|p1: chefo|move: Tailwind
|move|p1a: Charizard|Heat Wave|p2a: Clefable|[spread] p2a,p2b
|-supereffective|p2b: Sceptile|1
|-damage|p2a: Clefable|0 fnt
|-damage|p2b: Sceptile|0 fnt
|faint|p2a: Clefable
|faint|p2b: Sceptile
|
|win|chefo
|raw|chefo's rating: 1073 → 1101(+28 for winning)
|raw|hh g fjk's rating: 1058 → 1040(-18 for losing)
