|j|☆twittle twister
|j|☆JonnyNerd
|html|twittle twisterJonnyNerd    
|uhtml|bestof|Game 1 of a best-of-3
|t:|1756767876
|gametype|doubles
|player|p1|twittle twister|2|
|player|p2|JonnyNerd|falkner|
|gen|9
|tier|[Gen 9] VGC 2025 Reg H (Bo3)
|rule|Species Clause: Limit one of each Pokémon
|rule|Item Clause: Limit 1 of each item
|clearpoke
|poke|p1|Electabuzz, L50, M|
|poke|p1|Ursaluna-Bloodmoon, L50, M|
|poke|p1|Arcanine-Hisui, L50, F|
|poke|p1|Tyranitar, L50, M|
|poke|p1|Sneasler, L50, M|
|poke|p1|Indeedee, L50, M|
|poke|p2|Torkoal, L50, M|
|poke|p2|Mimikyu, L50, F|
|poke|p2|Ursaluna, L50, F|
|poke|p2|Gallade, L50, M|
|poke|p2|Lilligant-Hisui, L50, F|
|poke|p2|Incineroar, L50, F|
|teampreview|4
|showteam|p1|Electabuzz||Eviolite|VitalSpirit|Electroweb,FollowMe,Taunt,Thunderbolt|||M|||50|,,,,,Electric]Ursaluna-Bloodmoon||ThroatSpray|MindsEye|HyperVoice,BloodMoon,Protect,EarthPower|||M|||50|,,,,,Ghost]Arcanine-Hisui||ClearAmulet|Intimidate|RockSlide,WildCharge,FlareBlitz,Protect|||F|||50|,,,,,Water]Tyranitar||AssaultVest|SandStream|RockSlide,TeraBlast,KnockOff,HighHorsepower|||M|||50|,,,,,Flying]Sneasler||PsychicSeed|Unburden|DireClaw,CloseCombat,Protect,Acrobatics|||M|||50|,,,,,Flying]Indeedee||FocusSash|PsychicSurge|DazzlingGleam,ExpandingForce,Psychic,TrickRoom|||M|||50|,,,,,Dark
|showteam|p2|Torkoal||ChoiceSpecs|Drought|Flamethrower,Eruption,EarthPower,WeatherBall|||M|||50|,,,,,Fire]Mimikyu||MentalHerb|Disguise|Protect,TrickRoom,ShadowSneak,Curse|||F|||50|,,,,,Grass]Ursaluna||FlameOrb|Guts|Facade,HeadlongRush,Protect,Substitute|||F|||50|,,,,,Ghost]Gallade||ClearAmulet|Sharpness|TrickRoom,Protect,SacredSword,PsychoCut|||M|||50|,,,,,Grass]Lilligant-Hisui||FocusSash|Chlorophyll|Protect,SleepPowder,AfterYou,CloseCombat|||F|||50|,,,,,Ghost]Incineroar||RockyHelmet|Intimidate|FakeOut,FlareBlitz,KnockOff,Uturn|||F|||50|,,,,,Water
|c|☆twittle twister|yo yo
|
|t:|1756767932
|teamsize|p1|4
|teamsize|p2|4
|start
|switch|p1a: Arcanine|Arcanine-Hisui, L50, F|100/100
|switch|p1b: Electabuzz|Electabuzz, L50, M|100/100
|switch|p2a: Gallade|Gallade, L50, M|100/100
|switch|p2b: Pikaboo|Mimikyu, L50, F, shiny|100/100
|-ability|p1a: Arcanine|Intimidate|boost
|-fail|p2a: Gallade|unboost|[from] item: Clear Amulet|[of] p2a: Gallade
|-unboost|p2b: Pikaboo|atk|1
|turn|1
|c|☆JonnyNerd|glhf
|c|☆twittle twister|you too man
|
|t:|1756767961
|move|p1a: Arcanine|Protect|p1a: Arcanine
|-singleturn|p1a: Arcanine|Protect
|move|p2b: Pikaboo|Protect|p2b: Pikaboo
|-singleturn|p2b: Pikaboo|Protect
|move|p1b: Electabuzz|Taunt|p2b: Pikaboo
|-activate|p2b: Pikaboo|move: Protect
|move|p2a: Gallade|Sacred Sword|p1a: Arcanine
|-activate|p1a: Arcanine|move: Protect
|
|upkeep
|turn|2
|
|t:|1756767985
|-terastallize|p1a: Arcanine|Water
|move|p1b: Electabuzz|Follow Me|p1b: Electabuzz
|-singleturn|p1b: Electabuzz|move: Follow Me
|move|p1a: Arcanine|Rock Slide|p2a: Gallade|[spread] p2b
|-miss|p1a: Arcanine|p2a: Gallade
|-activate|p2b: Pikaboo|ability: Disguise
|-damage|p2b: Pikaboo|100/100
|detailschange|p2b: Pikaboo|Mimikyu-Busted, L50, F, shiny
|-damage|p2b: Pikaboo|89/100|[from] pokemon: Mimikyu-Busted
|move|p2a: Gallade|Sacred Sword|p1b: Electabuzz
|-damage|p1b: Electabuzz|36/100
|move|p2b: Pikaboo|Trick Room|p2b: Pikaboo
|-fieldstart|move: Trick Room|[of] p2b: Pikaboo
|
|upkeep
|turn|3
|
|t:|1756768017
|switch|p2b: Ursaluna|Ursaluna, L50, F|100/100
|switch|p1a: Ursaluna|Ursaluna-Bloodmoon, L50, M|100/100
|move|p2a: Gallade|Sacred Sword|p1b: Electabuzz
|-damage|p1b: Electabuzz|0 fnt
|faint|p1b: Electabuzz
|
|-status|p2b: Ursaluna|brn|[from] item: Flame Orb
|upkeep
|
|t:|1756768027
|switch|p1b: Arcanine|Arcanine-Hisui, L50, F, tera:Water|100/100
|-ability|p1b: Arcanine|Intimidate|boost
|-fail|p2a: Gallade|unboost|[from] item: Clear Amulet|[of] p2a: Gallade
|-unboost|p2b: Ursaluna|atk|1
|turn|4
|
|t:|1756768056
|move|p1b: Arcanine|Protect|p1b: Arcanine
|-singleturn|p1b: Arcanine|Protect
|move|p2b: Ursaluna|Headlong Rush|p1a: Ursaluna
|-damage|p1a: Ursaluna|51/100
|-unboost|p2b: Ursaluna|def|1
|-unboost|p2b: Ursaluna|spd|1
|move|p1a: Ursaluna|Hyper Voice|p2b: Ursaluna|[spread] p2a,p2b
|-damage|p2a: Gallade|63/100
|-damage|p2b: Ursaluna|52/100 brn
|-enditem|p1a: Ursaluna|Throat Spray
|-boost|p1a: Ursaluna|spa|1|[from] item: Throat Spray
|move|p2a: Gallade|Psycho Cut|p1a: Ursaluna
|-damage|p1a: Ursaluna|12/100
|
|-damage|p2b: Ursaluna|46/100 brn|[from] brn
|upkeep
|turn|5
|
|t:|1756768084
|move|p1a: Ursaluna|Protect|p1a: Ursaluna
|-singleturn|p1a: Ursaluna|Protect
|move|p2b: Ursaluna|Headlong Rush|p1a: Ursaluna
|-activate|p1a: Ursaluna|move: Protect
|move|p2a: Gallade|Sacred Sword|p1b: Arcanine
|-damage|p1b: Arcanine|14/100
|move|p1b: Arcanine|Flare Blitz|p2b: Ursaluna
|-damage|p2b: Ursaluna|0 fnt
|faint|p2b: Ursaluna
|-damage|p1b: Arcanine|0 fnt|[from] Recoil
|faint|p1b: Arcanine
|
|upkeep
|
|t:|1756768096
|switch|p2b: Torkoal|Torkoal, L50, M|100/100
|switch|p1b: Tyranitar|Tyranitar, L50, M|100/100
|-weather|SunnyDay|[from] ability: Drought|[of] p2b: Torkoal
|-weather|Sandstorm|[from] ability: Sand Stream|[of] p1b: Tyranitar
|turn|6
|c|☆twittle twister|burnt up my tera way too early
|
|t:|1756768135
|move|p2a: Gallade|Protect|p2a: Gallade
|-singleturn|p2a: Gallade|Protect
|move|p2b: Torkoal|Eruption|p1b: Tyranitar|[spread] p1a,p1b
|-crit|p1a: Ursaluna
|-resisted|p1b: Tyranitar
|-damage|p1a: Ursaluna|0 fnt
|-damage|p1b: Tyranitar|89/100
|faint|p1a: Ursaluna
|move|p1b: Tyranitar|Rock Slide|p2a: Gallade|[spread] p2b
|-activate|p2a: Gallade|move: Protect
|-supereffective|p2b: Torkoal
|-damage|p2b: Torkoal|55/100
|
|-weather|Sandstorm|[upkeep]
|-damage|p2b: Torkoal|49/100|[from] Sandstorm
|-damage|p2a: Gallade|58/100|[from] Sandstorm
|-fieldend|move: Trick Room
|upkeep
|turn|7
|
|t:|1756768156
|switch|p2b: Pikaboo|Mimikyu-Busted, L50, F, shiny|89/100
|move|p2a: Gallade|Sacred Sword|p1b: Tyranitar
|-supereffective|p1b: Tyranitar
|-crit|p1b: Tyranitar
|-damage|p1b: Tyranitar|0 fnt
|faint|p1b: Tyranitar
|
|win|JonnyNerd
||twittle twister is ready for game 2.
||JonnyNerd is ready for game 2.
|uhtml|next|Next: Game 2 of 3
|l|☆JonnyNerd
|player|p2|
