|j|☆beeetch
|j|☆dcerza127
|html|beeetchdcerza127    
|uhtml|bestof|Game 3 of a best-of-3
|t:|1755092305
|gametype|doubles
|player|p1|beeetch|beauty-gen4dp|1325
|player|p2|dcerza127|101|1276
|gen|9
|tier|[Gen 9] VGC 2025 Reg H (Bo3)
|rated|
|rule|Species Clause: Limit one of each Pokémon
|rule|Item Clause: Limit 1 of each item
|clearpoke
|poke|p1|Toedscruel, L50, M|
|poke|p1|Weezing-Galar, L50, F|
|poke|p1|Corviknight, L50, F|
|poke|p1|Pawmot, L50, F|
|poke|p1|Garchomp, L50, F|
|poke|p1|Typhlosion-Hisui, L50, F|
|poke|p2|Sableye, L50, F|
|poke|p2|Malamar, L50, M|
|poke|p2|Comfey, L50, F|
|poke|p2|Rillaboom, L50, M|
|poke|p2|Maushold-Four, L50|
|poke|p2|Volcarona, L50, M|
|teampreview|4
|showteam|p1|Toedscruel||CovertCloak|MyceliumMight|Spore,EarthPower,AcidSpray,RagePowder|||M|||50|,,,,,Water]Weezing-Galar||ChoiceSpecs|NeutralizingGas|DazzlingGleam,SludgeBomb,StrangeSteam,Flamethrower|||F|||50|,,,,,Fire]Corviknight||SitrusBerry|MirrorArmor|Protect,Tailwind,Roost,BraveBird|||F|||50|,,,,,Dragon]Pawmot||FocusSash|NaturalCure|Protect,CloseCombat,DoubleShock,FakeOut|||F|||50|,,,,,Electric]Garchomp||LifeOrb|RoughSkin|Protect,Earthquake,DragonClaw,StompingTantrum|||F|||50|,,,,,Ground]Typhlosion-Hisui||ChoiceScarf|Blaze|Eruption,SleepTalk,HeatWave,ShadowBall|||F|||50|,,,,,Fire
|showteam|p2|Sableye||LightClay|Prankster|LightScreen,Reflect,WillOWisp,Taunt|||F|||50|,,,,,Poison]Malamar||Leftovers|Contrary|Superpower,KnockOff,PsychoCut,Protect|||M|||50|,,,,,Fire]Comfey||GrassySeed|Triage|CalmMind,DrainingKiss,FloralHealing,Protect|||F|||50|,,,,,Water]Rillaboom||AssaultVest|GrassySurge|FakeOut,WoodHammer,GrassyGlide,Uturn|||M|||50|,,,,,Fire]Maushold-Four||SafetyGoggles|FriendGuard|SuperFang,FollowMe,Taunt,Protect||||||50|,,,,,Ghost]Volcarona||CovertCloak|FlameBody|QuiverDance,HeatWave,GigaDrain,Protect|||M|||50|,,,,,Grass
|inactive|Battle timer is ON: inactive players will automatically lose when time's up. (requested by dcerza127)
|inactive|dcerza127 has 60 seconds left.
|
|t:|1755092338
|teamsize|p1|4
|teamsize|p2|4
|start
|switch|p1a: Typhlosion|Typhlosion-Hisui, L50, F|100/100
|switch|p1b: Pawmot|Pawmot, L50, F|100/100
|switch|p2a: Maushold|Maushold-Four, L50|100/100
|switch|p2b: Volcarona|Volcarona, L50, M|100/100
|turn|1
|inactive|beeetch has 30 seconds left.
|inactive|beeetch has 20 seconds left.
|inactive|beeetch has 15 seconds left.
|inactive|beeetch has 10 seconds left.
|
|t:|1755092388
|-terastallize|p1a: Typhlosion|Fire
|move|p2a: Maushold|Follow Me|p2a: Maushold
|-singleturn|p2a: Maushold|move: Follow Me
|move|p1a: Typhlosion|Eruption|p2a: Maushold|[spread] p2a,p2b
|-damage|p2a: Maushold|0 fnt
|-damage|p2b: Volcarona|49/100
|faint|p2a: Maushold
|move|p1b: Pawmot|Double Shock|p2b: Volcarona
|-damage|p2b: Volcarona|0 fnt
|-start|p1b: Pawmot|typechange|???/Fighting|[from] move: Double Shock
|faint|p2b: Volcarona
|
|upkeep
|
|t:|1755092400
|switch|p2a: Comfey|Comfey, L50, F|100/100
|switch|p2b: Malamar|Malamar, L50, M|100/100
|turn|2
|-message|dcerza127 forfeited.
|
|win|beeetch
|raw|beeetch's rating: 1325 → 1342(+17 for winning)
|raw|dcerza127's rating: 1276 → 1255(-21 for losing)
|l|☆dcerza127
|player|p2|
|l|☆beeetch
|player|p1|
|j|☆beeetch
|player|p1|beeetch|beauty-gen4dp|
