|j|☆roidv
|j|☆ElPatood
|html|roidvElPatood    
|uhtml|bestof|Game 1 of a best-of-3
|t:|1783789291
|gametype|doubles
|player|p1|roidv|265|1000
|player|p2|ElPatood|102|1011
|gen|9
|tier|[Gen 9 Champions] VGC 2026 Reg M-B (Bo3)
|rated|
|rule|Species Clause: Limit one of each Pokémon
|rule|Item Clause: Limit 1 of each item
|clearpoke
|poke|p1|Arcanine-Hisui, L50, M|
|poke|p1|Torkoal, L50, M|
|poke|p1|Lucario, L50, M|
|poke|p1|Milotic, L50, F|
|poke|p1|Corviknight, L50, M, shiny|
|poke|p1|Umbreon, L50, M, shiny|
|poke|p2|Swampert, L50, M|
|poke|p2|Venusaur, L50, M|
|poke|p2|Archaludon, L50, M|
|poke|p2|Pelipper, L50, F|
|poke|p2|Grimmsnarl, L50, M|
|poke|p2|Farigiraf, L50, M|
|teampreview|4
|showteam|p1|Arcanine-Hisui||FocusSash|RockHead|FlareBlitz,RockSlide,HeadSmash,ExtremeSpeed|Jolly||M|||50|]Torkoal||Charcoal|Drought|Eruption,HeatWave,SolarBeam,Protect|Quiet||M|||50|]Lucario||Lucarionite|InnerFocus|SwordsDance,CloseCombat,BulletPunch,MeteorMash|Jolly||M|||50|]Milotic||MysticWater|Competitive|MuddyWater,Scald,IceBeam,LightScreen|Timid||F|||50|]Corviknight||SitrusBerry|MirrorArmor|Curse,BodyPress,IronHead,Roost|Sassy||M|||50|]Umbreon||Leftovers|Synchronize|Toxic,Reflect,Snarl,Moonlight|Relaxed||M|||50|
|showteam|p2|Swampert||Swampertite|Torrent|Earthquake,IcePunch,WaveCrash,Protect|Adamant||M|||50|]Venusaur||Venusaurite|Chlorophyll|SludgeBomb,GigaDrain,EarthPower,EnergyBall|Modest||M|||50|]Archaludon||Leftovers|Stamina|ElectroShot,DragonPulse,FlashCannon,Protect|Timid||M|||50|]Pelipper||FocusSash|Drizzle|Hurricane,WeatherBall,Tailwind,WideGuard|Modest||F|||50|]Grimmsnarl||LightClay|Prankster|Reflect,LightScreen,PartingShot,FoulPlay|Calm||M|||50|]Farigiraf||SitrusBerry|ArmorTail|TrickRoom,RainDance,HelpingHand,TwinBeam|Calm||M|||50|
|
|t:|1783789361
|teamsize|p1|4
|teamsize|p2|4
|start
|switch|p1a: Umbreon|Umbreon, L50, M, shiny|100/100
|switch|p1b: Corviknight|Corviknight, L50, M, shiny|100/100
|switch|p2a: Archaludon|Archaludon, L50, M|100/100
|switch|p2b: Swampert|Swampert, L50, M|100/100
|turn|1
|inactive|Battle timer is ON: inactive players will automatically lose when time's up. (requested by roidv)
|
|t:|1783789376
|switch|p2b: Pelipper|Pelipper, L50, F|100/100
|-weather|RainDance|[from] ability: Drizzle|[of] p2b: Pelipper
|move|p2a: Archaludon|Electro Shot||[still]
|-prepare|p2a: Archaludon|Electro Shot
|-boost|p2a: Archaludon|spa|1
|-anim|p2a: Archaludon|Electro Shot|p1b: Corviknight
|-supereffective|p1b: Corviknight|1
|-damage|p1b: Corviknight|0 fnt
|faint|p1b: Corviknight
|move|p1a: Umbreon|Reflect|p1a: Umbreon
|-sidestart|p1: roidv|Reflect
|
|-weather|RainDance|[upkeep]
|upkeep
|
|t:|1783789388
|switch|p1b: Torkoal|Torkoal, L50, M|100/100
|-weather|SunnyDay|[from] ability: Drought|[of] p1b: Torkoal
|turn|2
|
|t:|1783789397
|switch|p2b: Grimmsnarl|Grimmsnarl, L50, M|100/100
|move|p2a: Archaludon|Protect|p2a: Archaludon
|-singleturn|p2a: Archaludon|Protect
|move|p1b: Torkoal|Protect|p1b: Torkoal
|-singleturn|p1b: Torkoal|Protect
|move|p1a: Umbreon|Snarl|p2b: Grimmsnarl|[spread] p2b
|-activate|p2a: Archaludon|move: Protect
|-resisted|p2b: Grimmsnarl|2
|-damage|p2b: Grimmsnarl|98/100
|-unboost|p2b: Grimmsnarl|spa|1
|
|-weather|SunnyDay|[upkeep]
|upkeep
|turn|3
|
|t:|1783789420
|switch|p1b: Lucario|Lucario, L50, M|100/100
|move|p2b: Grimmsnarl|Parting Shot|p1b: Lucario
|-unboost|p1b: Lucario|atk|1
|-unboost|p1b: Lucario|spa|1
|
|t:|1783789429
|switch|p2b: Pelipper|Pelipper, L50, F|100/100|[from] Parting Shot
|-weather|RainDance|[from] ability: Drizzle|[of] p2b: Pelipper
|move|p2a: Archaludon|Electro Shot||[still]
|-prepare|p2a: Archaludon|Electro Shot
|-boost|p2a: Archaludon|spa|1
|-anim|p2a: Archaludon|Electro Shot|p1b: Lucario
|-damage|p1b: Lucario|0 fnt
|faint|p1b: Lucario
|move|p1a: Umbreon|Snarl|p2a: Archaludon|[spread] p2a,p2b
|-damage|p2a: Archaludon|85/100
|-damage|p2b: Pelipper|86/100
|-unboost|p2a: Archaludon|spa|1
|-unboost|p2b: Pelipper|spa|1
|-ability|p2a: Archaludon|Stamina|boost
|-boost|p2a: Archaludon|def|1
|
|-weather|RainDance|[upkeep]
|-heal|p2a: Archaludon|91/100|[from] item: Leftovers
|upkeep
|-message|roidv forfeited.
|
|win|ElPatood
|l|☆roidv
|player|p1|
|raw|roidv's rating: 1000 → 1000(+0 for losing)
|raw|ElPatood's rating: 1011 → 1048(+37 for winning)
