|j|Ōśållufamistica
|j|ŌśåDCartaxo
|html|llufamisticaDCartaxo    
|uhtml|bestof|Game 2 of a best-of-3
|t:|1756280856
|gametype|doubles
|player|p1|llufamistica|dragontamer|1065
|player|p2|DCartaxo|wattson|1164
|gen|9
|tier|[Gen 9] VGC 2025 Reg H (Bo3)
|rated|
|rule|Species Clause: Limit one of each Pok├®mon
|rule|Item Clause: Limit 1 of each item
|clearpoke
|poke|p1|Murkrow, L50, M|
|poke|p1|Garchomp, L50, M|
|poke|p1|Toxtricity, L50, M|
|poke|p1|Zoroark-Hisui, L50, F|
|poke|p1|Indeedee-F, L50, F|
|poke|p1|Annihilape, L50, F|
|poke|p2|Dragapult, L50, F|
|poke|p2|Gallade, L50, M|
|poke|p2|Indeedee, L50, M|
|poke|p2|Murkrow, L50, M|
|poke|p2|Sneasler, L50, M|
|poke|p2|Gothitelle, L50, F|
|teampreview|4
|showteam|p1|Murkrow||Eviolite|Prankster|Tailwind,BraveBird,Quash,Haze|||M|||50|,,,,,Ghost]Garchomp||LifeOrb|RoughSkin|Earthquake,IronHead,RockSlide,Protect|||M|||50|,,,,,Steel]Toxtricity||ChoiceSpecs|PunkRock|Boomburst,Overdrive,VoltSwitch,SludgeBomb|||M|||50|,,,,,Normal]Zoroark-Hisui||FocusSash|Illusion|ShadowBall,Protect,HyperVoice,NastyPlot|||F|||50|,,,,,Stellar]Indeedee-F||SafetyGoggles|Synchronize|FollowMe,HelpingHand,FakeOut,ShadowBall|||F|||50|,,,,,Ghost]Annihilape||ChoiceScarf|Defiant|FinalGambit,HelpingHand,ShadowClaw,CloseCombat|||F|||50|,,,,,Grass
|showteam|p2|Dragapult||ChoiceBand|ClearBody|DragonDarts,Outrage,PhantomForce,TeraBlast|||F|||50|,,,,,Dragon]Gallade||ClearAmulet|Sharpness|PsychoCut,SacredSword,Protect,AquaCutter|||M|||50|,,,,,Water]Indeedee||ChoiceScarf|PsychicSurge|ExpandingForce,Trick,ShadowBall,Psychic|||M|||50|,,,,,Psychic]Murkrow||CovertCloak|Prankster|Tailwind,Taunt,Haze,FoulPlay|||M|||50|,,,,,Ghost]Sneasler||PsychicSeed|Unburden|CloseCombat,DireClaw,Protect,ThroatChop|||M|||50|,,,,,Dark]Gothitelle||SitrusBerry|ShadowTag|HelpingHand,Psychic,Taunt,TrickRoom|||F|||50|,,,,,Dark
|inactive|Battle timer is ON: inactive players will automatically lose when time's up. (requested by llufamistica)
|inactive|llufamistica has 60 seconds left.
|inactive|llufamistica has 30 seconds left.
|c|ŌśåDCartaxo|the last game was pure luck, nothing else
|inactive|llufamistica has 20 seconds left.
|c|ŌśåDCartaxo|two crits in a row is something ridiculous
|inactive|llufamistica has 15 seconds left.
|inactive|llufamistica has 10 seconds left.
|
|t:|1756280938
|teamsize|p1|4
|teamsize|p2|4
|start
|switch|p1a: Murkrow|Murkrow, L50, M, shiny|100/100
|switch|p1b: Annihilape|Annihilape, L50, F, shiny|100/100
|switch|p2a: Murkrow|Murkrow, L50, M|100/100
|switch|p2b: Dragapult|Dragapult, L50, F|100/100
|turn|1
|inactive|llufamistica has 30 seconds left.
|
|t:|1756280966
|-terastallize|p2b: Dragapult|Dragon
|move|p2a: Murkrow|Tailwind|p2a: Murkrow
|-sidestart|p2: DCartaxo|move: Tailwind
|move|p1a: Murkrow|Tailwind|p1a: Murkrow
|-sidestart|p1: llufamistica|move: Tailwind
|move|p1b: Annihilape|Final Gambit|p2b: Dragapult
|-damage|p2b: Dragapult|0 fnt
|faint|p1b: Annihilape
|faint|p2b: Dragapult
|
|upkeep
|
|t:|1756280979
|switch|p2b: Sneasler|Sneasler, L50, M, shiny|100/100
|switch|p1b: Garchomp|Garchomp, L50, M, shiny|100/100
|turn|2
|c|ŌśåDCartaxo|u are the biggest piece of luck I have ever seen
|inactive|llufamistica has 30 seconds left.
|
|t:|1756281012
|move|p2b: Sneasler|Dire Claw|p1b: Garchomp
|-resisted|p1b: Garchomp
|-damage|p1b: Garchomp|54/100
|replace|p1b: Zoroark|Zoroark-Hisui, L50, F, shiny
|-end|p1b: Zoroark|Illusion
|move|p1b: Zoroark|Hyper Voice|p2b: Sneasler|[spread] p2a,p2b
|-damage|p2a: Murkrow|36/100
|-damage|p2b: Sneasler|49/100
|move|p2a: Murkrow|Foul Play|p1b: Zoroark
|-supereffective|p1b: Zoroark
|-damage|p1b: Zoroark|0 fnt
|faint|p1b: Zoroark
|move|p1a: Murkrow|Brave Bird|p2b: Sneasler
|-supereffective|p2b: Sneasler
|-damage|p2b: Sneasler|0 fnt
|faint|p2b: Sneasler
|-damage|p1a: Murkrow|86/100|[from] Recoil
|
|upkeep
|
|t:|1756281028
|switch|p2b: Indeedee|Indeedee, L50, M|100/100
|switch|p1b: Garchomp|Garchomp, L50, M, shiny|100/100
|-fieldstart|move: Psychic Terrain|[from] ability: Psychic Surge|[of] p2b: Indeedee
|turn|3
|inactive|llufamistica has 30 seconds left.
|
|t:|1756281057
|move|p1b: Garchomp|Protect|p1b: Garchomp
|-singleturn|p1b: Garchomp|Protect
|move|p2b: Indeedee|Expanding Force|p1a: Murkrow|[spread] 
|-activate|p1b: Garchomp|move: Protect
|-immune|p1a: Murkrow
|move|p2a: Murkrow|Foul Play|p1a: Murkrow
|-resisted|p1a: Murkrow
|-damage|p1a: Murkrow|73/100
|move|p1a: Murkrow|Brave Bird|p2a: Murkrow
|-damage|p2a: Murkrow|0 fnt
|faint|p2a: Murkrow
|-damage|p1a: Murkrow|63/100|[from] Recoil
|
|upkeep
|turn|4
|-message|DCartaxo forfeited.
|
|win|llufamistica
|raw|llufamistica's rating: 1065 → 1104(+39 for winning)
|raw|DCartaxo's rating: 1164 → 1132(-32 for losing)
|l|ŌśåDCartaxo
|player|p2|
