|j|☆patata navidenya
|j|☆ur1ryanpowney
|html|patata navidenyaur1ryanpowney    
|uhtml|bestof|Game 2 of a best-of-3
|t:|1757243227
|gametype|doubles
|player|p1|patata navidenya|cilan|1312
|player|p2|ur1ryanpowney|nate|1273
|gen|9
|tier|[Gen 9] VGC 2025 Reg H (Bo3)
|rated|
|rule|Species Clause: Limit one of each Pokémon
|rule|Item Clause: Limit 1 of each item
|clearpoke
|poke|p1|Grimmsnarl, L50, M|
|poke|p1|Ursaluna-Bloodmoon, L50, M|
|poke|p1|Volcarona, L50, M|
|poke|p1|Dragonite, L50, M|
|poke|p1|Annihilape, L50, F|
|poke|p1|Sinistcha, L50|
|poke|p2|Incineroar, L50, F|
|poke|p2|Amoonguss, L50, F|
|poke|p2|Porygon2, L50|
|poke|p2|Indeedee, L50, M|
|poke|p2|Kommo-o, L50, M|
|poke|p2|Ursaluna, L50, M|
|teampreview|4
|showteam|p1|Grimmsnarl||LightClay|Prankster|SpiritBreak,Reflect,LightScreen,MistyTerrain|||M|||50|,,,,,Ghost]Ursaluna-Bloodmoon||AssaultVest|MindsEye|HyperVoice,BloodMoon,EarthPower,VacuumWave|||M|||50|,,,,,Ghost]Volcarona||CovertCloak|FlameBody|Protect,QuiverDance,HeatWave,TeraBlast|||M|||50|,,,,,Fairy]Dragonite||LoadedDice|Multiscale|Tailwind,ScaleShot,Haze,Protect|||M|||50|,,,,,Fairy]Annihilape||SafetyGoggles|Defiant|Protect,RageFist,DrainPunch,BulkUp|||F|||50|,,,,,Water]Sinistcha||SitrusBerry|Hospitality|MatchaGotcha,ShadowBall,RagePowder,LifeDew||||||50|,,,,,Electric
|showteam|p2|Incineroar||SafetyGoggles|Intimidate|FakeOut,Snarl,PartingShot,FlareBlitz|||F|||50|,,,,,Water]Amoonguss||SitrusBerry|Regenerator|Spore,PollenPuff,RagePowder,ClearSmog|||F|||50|,,,,,Water]Porygon2||Eviolite|Download|TeraBlast,IceBeam,TrickRoom,Recover||||||50|,,,,,Fighting]Indeedee||ChoiceScarf|PsychicSurge|ExpandingForce,Trick,HelpingHand,DazzlingGleam|||M|||50|,,,,,Psychic]Kommo-o||ThroatSpray|Overcoat|ClangorousSoul,ClangingScales,Protect,Flamethrower|||M|||50|,,,,,Fire]Ursaluna||FlameOrb|Guts|Facade,Earthquake,Protect,HeadlongRush|||M|||50|,,,,,Normal
|inactive|Battle timer is ON: inactive players will automatically lose when time's up. (requested by patata navidenya)
|inactive|ur1ryanpowney has 60 seconds left.
|inactive|patata navidenya has 60 seconds left.
|
|t:|1757243269
|teamsize|p1|4
|teamsize|p2|4
|start
|switch|p1a: Dragonite|Dragonite, L50, M|100/100
|switch|p1b: Annihilape|Annihilape, L50, F|100/100
|switch|p2a: Incineroar|Incineroar, L50, F|100/100
|switch|p2b: Kommo-o|Kommo-o, L50, M|100/100
|-ability|p2a: Incineroar|Intimidate|boost
|-unboost|p1a: Dragonite|atk|1
|-unboost|p1b: Annihilape|atk|1
|-ability|p1b: Annihilape|Defiant|boost
|-boost|p1b: Annihilape|atk|2
|turn|1
|inactive|ur1ryanpowney has 30 seconds left.
|
|t:|1757243301
|switch|p2a: Amoonguss|Amoonguss, L50, F, shiny|100/100
|-terastallize|p1a: Dragonite|Fairy
|move|p1a: Dragonite|Tailwind|p1a: Dragonite
|-sidestart|p1: patata navidenya|move: Tailwind
|move|p1b: Annihilape|Drain Punch|p2a: Amoonguss
|-resisted|p2a: Amoonguss
|-damage|p2a: Amoonguss|76/100
|move|p2b: Kommo-o|Clangorous Soul|p2b: Kommo-o
|-boost|p2b: Kommo-o|atk|1
|-boost|p2b: Kommo-o|def|1
|-boost|p2b: Kommo-o|spa|1
|-boost|p2b: Kommo-o|spd|1
|-boost|p2b: Kommo-o|spe|1
|-damage|p2b: Kommo-o|68/100
|-enditem|p2b: Kommo-o|Throat Spray
|-boost|p2b: Kommo-o|spa|1|[from] item: Throat Spray
|
|upkeep
|turn|2
|inactive|patata navidenya has 30 seconds left.
|inactive|patata navidenya has 20 seconds left.
|inactive|patata navidenya has 15 seconds left.
|inactive|patata navidenya has 10 seconds left.
|
|t:|1757243349
|switch|p1b: Ursaluna|Ursaluna-Bloodmoon, L50, M|100/100
|move|p1a: Dragonite|Haze|p1a: Dragonite
|-clearallboost
|move|p2b: Kommo-o|Clanging Scales|p1b: Ursaluna|[spread] p1b
|-immune|p1a: Dragonite
|-damage|p1b: Ursaluna|74/100
|-unboost|p2b: Kommo-o|def|1
|move|p2a: Amoonguss|Spore|p1b: Ursaluna
|-status|p1b: Ursaluna|slp|[from] move: Spore
|
|upkeep
|turn|3
|
|t:|1757243369
|switch|p2b: Incineroar|Incineroar, L50, F|100/100
|-ability|p2b: Incineroar|Intimidate|boost
|-unboost|p1a: Dragonite|atk|1
|-unboost|p1b: Ursaluna|atk|1
|move|p1a: Dragonite|Scale Shot|p2b: Incineroar
|-damage|p2b: Incineroar|91/100
|-damage|p2b: Incineroar|82/100
|-damage|p2b: Incineroar|73/100
|-damage|p2b: Incineroar|64/100
|-damage|p2b: Incineroar|55/100
|-hitcount|p2b: Incineroar|5
|-unboost|p1a: Dragonite|def|1
|-boost|p1a: Dragonite|spe|1
|cant|p1b: Ursaluna|slp
|move|p2a: Amoonguss|Spore|p1a: Dragonite
|-status|p1a: Dragonite|slp|[from] move: Spore
|
|upkeep
|turn|4
|inactive|ur1ryanpowney has 30 seconds left.
|
|t:|1757243397
|switch|p1a: Annihilape|Annihilape, L50, F|100/100
|cant|p1b: Ursaluna|slp
|move|p2b: Incineroar|Parting Shot|p1b: Ursaluna
|-unboost|p1b: Ursaluna|atk|1
|-unboost|p1b: Ursaluna|spa|1
|
|t:|1757243404
|switch|p2b: Indeedee|Indeedee, L50, M|100/100|[from] Parting Shot
|-fieldstart|move: Psychic Terrain|[from] ability: Psychic Surge|[of] p2b: Indeedee
|move|p2a: Amoonguss|Clear Smog|p1a: Annihilape
|-resisted|p1a: Annihilape
|-damage|p1a: Annihilape|94/100
|-clearboost|p1a: Annihilape
|
|-sideend|p1: patata navidenya|move: Tailwind
|upkeep
|turn|5
|-message|patata navidenya forfeited.
|
|win|ur1ryanpowney
||ur1ryanpowney is ready for game 3.
||patata navidenya is ready for game 3.
|uhtml|next|Next: Game 3 of 3
|l|☆patata navidenya
|player|p1|
