|j|☆Needels
|j|☆KarmaPoliceVGC
|html|NeedelsKarmaPoliceVGC    
|uhtml|bestof|Game 2 of a best-of-3
|t:|1756951953
|gametype|doubles
|player|p1|Needels|eusine|1138
|player|p2|KarmaPoliceVGC|scientist-gen4|1184
|gen|9
|tier|[Gen 9] VGC 2025 Reg H (Bo3)
|rated|
|rule|Species Clause: Limit one of each Pokémon
|rule|Item Clause: Limit 1 of each item
|clearpoke
|poke|p1|Ursaluna, L50, F|
|poke|p1|Jumpluff, L50, M|
|poke|p1|Charizard, L50, F|
|poke|p1|Torkoal, L50, F|
|poke|p1|Incineroar, L50, F|
|poke|p1|Porygon2, L50|
|poke|p2|Milotic, L50, F|
|poke|p2|Garchomp, L50, F|
|poke|p2|Sinistcha, L50|
|poke|p2|Murkrow, L50, F|
|poke|p2|Pawmot, L50, F|
|poke|p2|Ninetales-Alola, L50, M|
|teampreview|4
|showteam|p1|Ursaluna||FlameOrb|Guts|HeadlongRush,Facade,Earthquake,Protect|||F|||50|,,,,,Ghost]Jumpluff||CovertCloak|Chlorophyll|SleepPowder,SunnyDay,Tailwind,RagePowder|||M|||50|,,,,,Fire]Charizard||ChoiceSpecs|SolarPower|DragonPulse,HeatWave,Overheat,WeatherBall|||F|||50|,,,,,Ghost]Torkoal||EjectPack|Drought|HelpingHand,Eruption,Overheat,Protect|||F|||50|,,,,,Fire]Incineroar||SitrusBerry|Intimidate|FakeOut,FlareBlitz,KnockOff,PartingShot|||F|||50|,,,,,Ghost]Porygon2||Eviolite|Download|TeraBlast,IceBeam,Recover,TrickRoom||||||50|,,,,,Fighting
|showteam|p2|Milotic||AssaultVest|Competitive|FlipTurn,MuddyWater,Scald,IceBeam|||F|||50|,,,,,Grass]Garchomp||LifeOrb|RoughSkin|Protect,StompingTantrum,DragonClaw,Earthquake|||F|||50|,,,,,Ground]Sinistcha||SitrusBerry|Hospitality|Protect,RagePowder,LifeDew,MatchaGotcha||||||50|,,,,,Water]Murkrow||Eviolite|Prankster|Protect,Tailwind,Quash,FoulPlay|||F|||50|,,,,,Ghost]Pawmot||FocusSash|VoltAbsorb|Protect,FakeOut,CloseCombat,DoubleShock|||F|||50|,,,,,Electric]Ninetales-Alola||ChoiceSpecs|SnowWarning|IcyWind,Blizzard,FreezeDry,Moonblast|||M|||50|,,,,,Ice
|j| teamthief420
|l| teamthief420
|
|t:|1756952001
|teamsize|p1|4
|teamsize|p2|4
|start
|switch|p1a: Porygon2|Porygon2, L50, shiny|100/100
|switch|p1b: Ursaluna|Ursaluna, L50, F|100/100
|switch|p2a: Milotic|Milotic, L50, F|100/100
|switch|p2b: Pawmot|Pawmot, L50, F|100/100
|-ability|p1a: Porygon2|Download|boost
|-boost|p1a: Porygon2|atk|1
|turn|1
|
|t:|1756952057
|-terastallize|p1b: Ursaluna|Ghost
|move|p2b: Pawmot|Fake Out|p1a: Porygon2
|-damage|p1a: Porygon2|91/100
|move|p2a: Milotic|Muddy Water|p1a: Porygon2|[spread] p1a,p1b
|-damage|p1a: Porygon2|72/100
|-damage|p1b: Ursaluna|74/100
|move|p1b: Ursaluna|Earthquake|p2b: Pawmot|[spread] p1a,p2a,p2b
|-supereffective|p2b: Pawmot
|-damage|p1a: Porygon2|45/100
|-damage|p2a: Milotic|60/100
|-enditem|p2b: Pawmot|Focus Sash
|-damage|p2b: Pawmot|1/100
|cant|p1a: Porygon2|flinch
|
|-status|p1b: Ursaluna|brn|[from] item: Flame Orb
|upkeep
|turn|2
|
|t:|1756952087
|switch|p1a: Charizard|Charizard, L50, F, shiny|100/100
|move|p2b: Pawmot|Close Combat|p1a: Charizard
|-resisted|p1a: Charizard
|-damage|p1a: Charizard|61/100
|-unboost|p2b: Pawmot|def|1
|-unboost|p2b: Pawmot|spd|1
|move|p2a: Milotic|Muddy Water|p1a: Charizard|[spread] p1a,p1b
|-supereffective|p1a: Charizard
|-damage|p1a: Charizard|0 fnt
|-damage|p1b: Ursaluna|48/100 brn
|faint|p1a: Charizard
|move|p1b: Ursaluna|Earthquake|p2a: Milotic|[spread] p2a,p2b
|-supereffective|p2b: Pawmot
|-damage|p2a: Milotic|0 fnt
|-damage|p2b: Pawmot|0 fnt
|faint|p2a: Milotic
|faint|p2b: Pawmot
|
|-damage|p1b: Ursaluna|42/100 brn|[from] brn
|upkeep
|
|t:|1756952103
|switch|p2b: Garchomp|Garchomp, L50, F|100/100
|switch|p1a: Porygon2|Porygon2, L50, shiny|45/100
|switch|p2a: Ninetales|Ninetales-Alola, L50, M|100/100
|-weather|Snowscape|[from] ability: Snow Warning|[of] p2a: Ninetales
|-ability|p1a: Porygon2|Download|boost
|-boost|p1a: Porygon2|atk|1
|turn|3
|
|t:|1756952141
|switch|p1a: Torkoal|Torkoal, L50, F|100/100
|-weather|SunnyDay|[from] ability: Drought|[of] p1a: Torkoal
|-terastallize|p2a: Ninetales|Ice
|move|p2a: Ninetales|Blizzard|p1a: Torkoal|[spread] p1a,p1b
|-resisted|p1a: Torkoal
|-crit|p1a: Torkoal
|-damage|p1a: Torkoal|35/100
|-damage|p1b: Ursaluna|0 fnt
|faint|p1b: Ursaluna
|move|p2b: Garchomp|Earthquake|p1a: Torkoal|[spread] p2a,p1a
|-supereffective|p1a: Torkoal
|-damage|p2a: Ninetales|19/100
|-damage|p1a: Torkoal|0 fnt
|faint|p1a: Torkoal
|-damage|p2b: Garchomp|91/100|[from] item: Life Orb
|
|-weather|SunnyDay|[upkeep]
|upkeep
|
|t:|1756952151
|switch|p1b: Porygon2|Porygon2, L50, shiny|45/100
|-ability|p1b: Porygon2|Download|boost
|-boost|p1b: Porygon2|atk|1
|turn|4
|-message|Needels forfeited.
|
|win|KarmaPoliceVGC
|raw|Needels's rating: 1138 → 1116(-22 for losing)
|raw|KarmaPoliceVGC's rating: 1184 → 1206(+22 for winning)
