|j|☆mikelpoyarzabal
|j|☆EBnilla
|html|mikelpoyarzabalEBnilla    
|uhtml|bestof|Game 2 of a best-of-3
|t:|1784750411
|gametype|doubles
|player|p1|mikelpoyarzabal|arven-s|1314
|player|p2|EBnilla|backpacker|1230
|gen|9
|tier|[Gen 9 Champions] VGC 2026 Reg M-B (Bo3)
|rated|
|rule|Species Clause: Limit one of each Pokémon
|rule|Item Clause: Limit 1 of each item
|clearpoke
|poke|p1|Mawile, L50, F|
|poke|p1|Charizard, L50, M|
|poke|p1|Farigiraf, L50, M|
|poke|p1|Garchomp, L50, M|
|poke|p1|Venusaur, L50, M|
|poke|p1|Incineroar, L50, M|
|poke|p2|Grimmsnarl, L50, M|
|poke|p2|Archaludon, L50, M|
|poke|p2|Politoed, L50, M|
|poke|p2|Sinistcha, L50|
|poke|p2|Raichu, L50, M|
|poke|p2|Staraptor, L50, M|
|teampreview|4
|showteam|p1|Mawile||Mawilite|HyperCutter|PlayRough,SuckerPunch,RockSlide,Protect|Brave||F|||50|]Charizard||CharizarditeY|Blaze|HeatWave,WeatherBall,SolarBeam,Protect|Modest||M|||50|]Farigiraf||ColburBerry|ArmorTail|Psychic,Thunderbolt,HelpingHand,TrickRoom|Modest||M|||50|]Garchomp||LifeOrb|RoughSkin|DragonClaw,Earthquake,RockSlide,Protect|Jolly||M|||50|]Venusaur||FocusSash|Chlorophyll|LeafStorm,SludgeBomb,SleepPowder,Protect|Modest||M|||50|]Incineroar||SitrusBerry|Intimidate|FlareBlitz,DarkestLariat,PartingShot,FakeOut|Careful||M|||50|
|showteam|p2|Grimmsnarl||LightClay|Prankster|SpiritBreak,Reflect,LightScreen,PartingShot|Relaxed||M|||50|]Archaludon||Leftovers|Stamina|FlashCannon,ElectroShot,Snarl,Protect|Calm||M|||50|]Politoed||MentalHerb|Drizzle|WeatherBall,MuddyWater,PerishSong,Protect|Bold||M|||50|]Sinistcha||SitrusBerry|Hospitality|MatchaGotcha,RagePowder,LifeDew,Protect|Calm|||||50|]Raichu||RaichuniteY|LightningRod|ZapCannon,FocusBlast,FakeOut,Protect|Timid||M|||50|]Staraptor||Staraptite|Intimidate|CloseCombat,BraveBird,Roost,Protect|Jolly||M|||50|
|inactive|Battle timer is ON: inactive players will automatically lose when time's up. (requested by mikelpoyarzabal)
|
|t:|1784750434
|teamsize|p1|4
|teamsize|p2|4
|start
|switch|p1a: Charizard|Charizard, L50, M|100/100
|switch|p1b: Farigiraf|Farigiraf, L50, M|100/100
|switch|p2a: Grimmsnarl|Grimmsnarl, L50, M|100/100
|switch|p2b: Raichu|Raichu, L50, M|100/100
|turn|1
|inactive|mikelpoyarzabal has 30 seconds left.
|
|t:|1784750459
|detailschange|p2b: Raichu|Raichu-Mega-Y, L50, M
|-mega|p2b: Raichu|Raichu|Raichunite Y
|move|p1a: Charizard|Protect|p1a: Charizard
|-singleturn|p1a: Charizard|Protect
|move|p2a: Grimmsnarl|Light Screen|p2a: Grimmsnarl
|-sidestart|p2: EBnilla|move: Light Screen
|move|p2b: Raichu|Zap Cannon|p1b: Farigiraf
|-damage|p1b: Farigiraf|39/100
|-status|p1b: Farigiraf|par
|move|p1b: Farigiraf|Trick Room|p1b: Farigiraf
|-fieldstart|move: Trick Room|[of] p1b: Farigiraf
|
|upkeep
|turn|2
|inactive|EBnilla has 30 seconds left.
|inactive|EBnilla has 20 seconds left.
|
|t:|1784750497
|switch|p1a: Venusaur|Venusaur, L50, M|100/100
|switch|p2b: Archaludon|Archaludon, L50, M|100/100
|move|p1b: Farigiraf|Psychic|p2b: Archaludon
|-resisted|p2b: Archaludon|1
|-damage|p2b: Archaludon|87/100
|-ability|p2b: Archaludon|Stamina|boost
|-boost|p2b: Archaludon|def|1
|move|p2a: Grimmsnarl|Spirit Break|p1a: Venusaur
|-resisted|p1a: Venusaur|1
|-damage|p1a: Venusaur|81/100
|-unboost|p1a: Venusaur|spa|1
|
|-heal|p2b: Archaludon|93/100|[from] item: Leftovers
|upkeep
|turn|3
|
|t:|1784750516
|switch|p1b: Garchomp|Garchomp, L50, M|100/100
|move|p2a: Grimmsnarl|Spirit Break|p1a: Venusaur
|-resisted|p1a: Venusaur|1
|-damage|p1a: Venusaur|60/100
|-unboost|p1a: Venusaur|spa|1
|move|p2b: Archaludon|Snarl|p1b: Garchomp|[spread] p1a
|-miss|p2b: Archaludon|p1b: Garchomp
|-damage|p1a: Venusaur|47/100
|-unboost|p1a: Venusaur|spa|1
|move|p1a: Venusaur|Sludge Bomb|p2a: Grimmsnarl
|-supereffective|p2a: Grimmsnarl|1
|-damage|p2a: Grimmsnarl|76/100
|
|-heal|p2b: Archaludon|100/100|[from] item: Leftovers
|upkeep
|turn|4
|-message|mikelpoyarzabal forfeited.
|
|win|EBnilla
|raw|mikelpoyarzabal's rating: 1314 → 1289(-25 for losing)
|raw|EBnilla's rating: 1230 → 1261(+31 for winning)
