|j|☆GymGlofer
|j|☆sbhaga34
|html|GymGlofersbhaga34    
|uhtml|bestof|Game 2 of a best-of-3
|t:|1784175599
|gametype|doubles
|player|p1|GymGlofer|blackbelt|1136
|player|p2|sbhaga34|hugh|1183
|gen|9
|tier|[Gen 9 Champions] VGC 2026 Reg M-B (Bo3)
|rated|
|rule|Species Clause: Limit one of each Pokémon
|rule|Item Clause: Limit 1 of each item
|clearpoke
|poke|p1|Emboar, L50, M|
|poke|p1|Houndoom, L50, F|
|poke|p1|Talonflame, L50, F|
|poke|p1|Delphox, L50, M|
|poke|p1|Ninetales, L50, M|
|poke|p1|Arcanine-Hisui, L50, F|
|poke|p2|Excadrill, L50, M|
|poke|p2|Tyranitar, L50, M|
|poke|p2|Corviknight, L50, F|
|poke|p2|Rotom-Wash, L50|
|poke|p2|Mimikyu, L50, F|
|poke|p2|Scovillain, L50, M|
|teampreview|4
|showteam|p1|Emboar||Emboarite|Reckless|FlareBlitz,CloseCombat,SuckerPunch,Protect|Adamant||M|||50|]Houndoom||Houndoominite|Unnerve|HeatWave,DarkPulse,NastyPlot,Protect|Timid||F|||50|]Talonflame||FocusSash|GaleWings|TemperFlare,DualWingbeat,Tailwind,Protect|Jolly||F|||50|]Delphox||ChoiceScarf|Magician|MysticalFire,Psyshock,DazzlingGleam,Switcheroo|Modest||M|||50|]Ninetales||WideLens|Drought|Overheat,SolarBeam,FireSpin,Disable|Timid||M|||50|]Arcanine-Hisui||LifeOrb|RockHead|FlameCharge,HeadSmash,ExtremeSpeed,Protect|Jolly||F|||50|
|showteam|p2|Excadrill||FocusSash|SandRush|Earthquake,IronHead,SwordsDance,Protect|Adamant||M|||50|]Tyranitar||Tyranitarite|SandStream|RockSlide,KnockOff,LowKick,Protect|Adamant||M|||50|]Corviknight||SharpBeak|MirrorArmor|BraveBird,Tailwind,BulkUp,Roost|Careful||F|||50|]Rotom-Wash||ChoiceScarf|Levitate|VoltSwitch,Thunderbolt,Electroweb,HydroPump|Timid|||||50|]Mimikyu||FairyFeather|Disguise|PlayRough,ShadowSneak,TrickRoom,ShadowClaw|Adamant||F|||50|]Scovillain||Scovillainite|Chlorophyll|RagePowder,Overheat,GigaDrain,Protect|Calm||M|||50|
|
|t:|1784175626
|teamsize|p1|4
|teamsize|p2|4
|start
|switch|p1a: Emboar|Emboar, L50, M|100/100
|switch|p1b: Arcanine|Arcanine-Hisui, L50, F|100/100
|switch|p2a: Rotom|Rotom-Wash, L50|100/100
|switch|p2b: Excadrill|Excadrill, L50, M|100/100
|turn|1
|inactive|Battle timer is ON: inactive players will automatically lose when time's up. (requested by GymGlofer)
|
|t:|1784175645
|detailschange|p1a: Emboar|Emboar-Mega, L50, M
|-mega|p1a: Emboar|Emboar|Emboarite
|-ability|p1a: Emboar|Mold Breaker
|move|p1b: Arcanine|Protect|p1b: Arcanine
|-singleturn|p1b: Arcanine|Protect
|move|p1a: Emboar|Protect|p1a: Emboar
|-singleturn|p1a: Emboar|Protect
|move|p2a: Rotom|Electroweb|p1b: Arcanine|[spread] 
|-activate|p1a: Emboar|move: Protect
|-activate|p1b: Arcanine|move: Protect
|move|p2b: Excadrill|Earthquake|p1b: Arcanine|[spread] 
|-activate|p1a: Emboar|move: Protect
|-activate|p1b: Arcanine|move: Protect
|-immune|p2a: Rotom|[from] ability: Levitate
|
|upkeep
|turn|2
|
|t:|1784175662
|move|p2b: Excadrill|Protect|p2b: Excadrill
|-singleturn|p2b: Excadrill|Protect
|move|p2a: Rotom|Electroweb|p1a: Emboar|[spread] p1a,p1b
|-damage|p1a: Emboar|88/100
|-damage|p1b: Arcanine|80/100
|-unboost|p1a: Emboar|spe|1
|-unboost|p1b: Arcanine|spe|1
|move|p1b: Arcanine|Flame Charge|p2b: Excadrill
|-activate|p2b: Excadrill|move: Protect
|move|p1a: Emboar|Close Combat|p2b: Excadrill
|-activate|p2b: Excadrill|move: Protect
|
|upkeep
|turn|3
|
|t:|1784175670
|move|p2a: Rotom|Electroweb|p1b: Arcanine|[spread] p1a,p1b
|-damage|p1a: Emboar|76/100
|-damage|p1b: Arcanine|62/100
|-unboost|p1a: Emboar|spe|1
|-unboost|p1b: Arcanine|spe|1
|move|p2b: Excadrill|Earthquake|p1a: Emboar|[spread] p1a,p1b
|-immune|p2a: Rotom|[from] ability: Levitate
|-supereffective|p1a: Emboar|1
|-supereffective|p1b: Arcanine|2
|-damage|p1a: Emboar|0 fnt
|-damage|p1b: Arcanine|0 fnt
|faint|p1a: Emboar
|faint|p1b: Arcanine
|
|upkeep
|-message|GymGlofer forfeited.
|
|win|sbhaga34
|raw|GymGlofer's rating: 1136 → 1114(-22 for losing)
|raw|sbhaga34's rating: 1183 → 1205(+22 for winning)
