|j|☆BeansBones
|j|☆NicoHax
|html|BeansBonesNicoHax    
|uhtml|bestof|Game 1 of a best-of-3
|t:|1784149135
|gametype|doubles
|player|p1|BeansBones|medium|1135
|player|p2|NicoHax|265|1054
|gen|9
|tier|[Gen 9 Champions] VGC 2026 Reg M-B (Bo3)
|rated|
|rule|Species Clause: Limit one of each Pokémon
|rule|Item Clause: Limit 1 of each item
|clearpoke
|poke|p1|Tyranitar, L50, F|
|poke|p1|Steelix, L50, F|
|poke|p1|Annihilape, L50, F|
|poke|p1|Sylveon, L50, F|
|poke|p1|Basculegion, L50, M|
|poke|p1|Farigiraf, L50, M|
|poke|p2|Froslass, L50, F|
|poke|p2|Dragonite, L50, F|
|poke|p2|Toxapex, L50, F|
|poke|p2|Sneasler, L50, M|
|poke|p2|Kingambit, L50, M|
|poke|p2|Blaziken, L50, F|
|teampreview|4
|showteam|p1|Tyranitar||Tyranitarite|SandStream|RockSlide,KnockOff,DragonDance,Protect|Adamant||F|||50|]Steelix||Steelixite|RockHead|HeavySlam,HighHorsepower,WideGuard,Protect|Brave||F|||50|]Annihilape||LifeOrb|Defiant|PhantomForce,CloseCombat,RockTomb,Protect|Jolly||F|||50|]Sylveon||FairyFeather|Pixilate|HyperVoice,HyperBeam,QuickAttack,Protect|Modest||F|||50|]Basculegion||ChoiceScarf|SwiftSwim|WaveCrash,LastRespects,AquaJet,FlipTurn|Jolly||M|||50|]Farigiraf||SitrusBerry|ArmorTail|TwinBeam,Thunderbolt,TrickRoom,HelpingHand|Quiet||M|||50|
|showteam|p2|Froslass||Froslassite|CursedBody|Blizzard,ShadowBall,AuroraVeil,Protect|Timid||F|||50|]Dragonite||LifeOrb|InnerFocus|DragonClaw,ExtremeSpeed,LowKick,Protect|Adamant||F|||50|]Toxapex||Leftovers|Regenerator|Infestation,Toxic,WideGuard,BanefulBunker|Bold||F|||50|]Sneasler||FocusSash|PoisonTouch|PoisonJab,CloseCombat,FakeOut,Protect|Jolly||M|||50|]Kingambit||BlackGlasses|Defiant|KowtowCleave,IronHead,SuckerPunch,Protect|Adamant||M|||50|]Blaziken||Blazikenite|SpeedBoost|FlareBlitz,CloseCombat,RockSlide,Protect|Adamant||F|||50|
|inactive|Battle timer is ON: inactive players will automatically lose when time's up. (requested by BeansBones)
|inactive|NicoHax has 60 seconds left.
|inactive|NicoHax has 30 seconds left.
|inactive|NicoHax has 20 seconds left.
|inactive|NicoHax has 15 seconds left.
|inactive|NicoHax has 10 seconds left.
|inactive|NicoHax has 5 seconds left.
|
|t:|1784149298
|teamsize|p1|4
|teamsize|p2|4
|start
|switch|p1a: Tyranitar|Tyranitar, L50, F|100/100
|switch|p1b: Annihilape|Annihilape, L50, F|100/100
|switch|p2a: Froslass|Froslass, L50, F|100/100
|switch|p2b: Dragonite|Dragonite, L50, F|100/100
|-weather|Sandstorm|[from] ability: Sand Stream|[of] p1a: Tyranitar
|turn|1
|inactive|NicoHax has 30 seconds left.
|inactive|NicoHax has 20 seconds left.
|inactive|NicoHax has 15 seconds left.
|inactive|BeansBones has 30 seconds left.
|inactive|NicoHax has 10 seconds left.
|inactive|NicoHax has 5 seconds left.
|
|t:|1784149353
|detailschange|p1a: Tyranitar|Tyranitar-Mega, L50, F
|-mega|p1a: Tyranitar|Tyranitar|Tyranitarite
|move|p2a: Froslass|Blizzard|p1b: Annihilape|[spread] p1a,p1b
|-damage|p1a: Tyranitar|82/100
|-damage|p1b: Annihilape|67/100
|-status|p1a: Tyranitar|frz
|move|p1b: Annihilape|Rock Tomb|p2b: Dragonite
|-supereffective|p2b: Dragonite|1
|-damage|p2b: Dragonite|51/100
|-unboost|p2b: Dragonite|spe|1
|-damage|p1b: Annihilape|58/100|[from] item: Life Orb
|cant|p1a: Tyranitar|frz
|move|p2b: Dragonite|Dragon Claw|p1a: Tyranitar
|-damage|p1a: Tyranitar|40/100 frz
|-damage|p2b: Dragonite|41/100|[from] item: Life Orb
|
|-weather|Sandstorm|[upkeep]
|-damage|p2a: Froslass|93/100|[from] Sandstorm
|-damage|p1b: Annihilape|52/100|[from] Sandstorm
|-damage|p2b: Dragonite|35/100|[from] Sandstorm
|upkeep
|turn|2
|-message|BeansBones forfeited.
|
|win|NicoHax
|l|☆BeansBones
|player|p1|
|inactive|BeansBones has 30 seconds to confirm battle start!
|inactive|NicoHax has 30 seconds to confirm battle start!
|inactive|BeansBones has 20 seconds to confirm battle start!
|inactive|NicoHax has 20 seconds to confirm battle start!
|inactive|BeansBones has 10 seconds to confirm battle start!
|inactive|NicoHax has 10 seconds to confirm battle start!
|uhtml|next|Next: Game 2 of 3
