|j|☆matsudafixpls
|j|☆Fell Blue
|html|matsudafixplsFell Blue    
|uhtml|bestof|Game 1 of a best-of-3
|t:|1782186044
|gametype|doubles
|player|p1|matsudafixpls|benga|1042
|player|p2|Fell Blue|fantina|1138
|gen|9
|tier|[Gen 9 Champions] VGC 2026 Reg M-B (Bo3)
|rated|
|rule|Species Clause: Limit one of each Pokémon
|rule|Item Clause: Limit 1 of each item
|clearpoke
|poke|p1|Staraptor, L50, M|
|poke|p1|Kingambit, L50, M|
|poke|p1|Metagross, L50|
|poke|p1|Sneasler, L50, F|
|poke|p1|Incineroar, L50, M|
|poke|p1|Sinistcha-Masterpiece, L50|
|poke|p2|Mawile, L50, F|
|poke|p2|Farigiraf, L50, M|
|poke|p2|Hatterene, L50, F|
|poke|p2|Ampharos, L50, M|
|poke|p2|Kangaskhan, L50, F|
|poke|p2|Torkoal, L50, F|
|teampreview|4
|showteam|p1|Staraptor||Staraptite|Intimidate|CloseCombat,Roost,BraveBird,Uturn|Jolly||M|||50|]Kingambit||BlackGlasses|Defiant|SuckerPunch,KowtowCleave,IronHead,Protect|Adamant||M|||50|]Metagross||Metagrossite|ClearBody|MeteorMash,BulletPunch,ZenHeadbutt,Protect|Jolly|||||50|]Sneasler||WhiteHerb|Unburden|CloseCombat,DireClaw,FakeOut,Taunt|Adamant||F|||50|]Incineroar||SitrusBerry|Intimidate|FakeOut,DarkestLariat,FlareBlitz,PartingShot|Adamant||M|||50|]Sinistcha-Masterpiece||Leftovers|Hospitality|MatchaGotcha,RagePowder,StrengthSap,Protect|Bold|||||50|
|showteam|p2|Mawile||Mawilite|Intimidate|IronHead,Protect,SuckerPunch,PlayRough|Brave||F|||50|]Farigiraf||ColburBerry|ArmorTail|Psychic,TrickRoom,SunnyDay,HelpingHand|Modest||M|||50|]Hatterene||LifeOrb|MagicBounce|DazzlingGleam,MysticalFire,Psychic,Protect|Quiet||F|||50|]Ampharos||Ampharosite|Static|PowerGem,Protect,DragonPulse,Thunderbolt|Quiet||M|||50|]Kangaskhan||SilkScarf|Scrappy|FakeOut,LastResort|Brave||F|||50|]Torkoal||Charcoal|Drought|SolarBeam,Eruption,HeatWave,Protect|Quiet||F|||50|
|inactive|Battle timer is ON: inactive players will automatically lose when time's up. (requested by matsudafixpls)
|
|t:|1782186073
|teamsize|p1|4
|teamsize|p2|4
|start
|switch|p1a: Incineroar|Incineroar, L50, M|100/100
|switch|p1b: Staraptor|Staraptor, L50, M|100/100
|switch|p2a: Farigiraf|Farigiraf, L50, M|100/100
|switch|p2b: Torkoal|Torkoal, L50, F|100/100
|-ability|p1b: Staraptor|Intimidate|boost
|-unboost|p2a: Farigiraf|atk|1
|-unboost|p2b: Torkoal|atk|1
|-ability|p1a: Incineroar|Intimidate|boost
|-unboost|p2a: Farigiraf|atk|1
|-unboost|p2b: Torkoal|atk|1
|-weather|SunnyDay|[from] ability: Drought|[of] p2b: Torkoal
|turn|1
|
|t:|1782186085
|detailschange|p1b: Staraptor|Staraptor-Mega, L50, M
|-mega|p1b: Staraptor|Staraptor|Staraptite
|move|p1b: Staraptor|U-turn|p2a: Farigiraf
|-supereffective|p2a: Farigiraf|1
|-damage|p2a: Farigiraf|49/100
|
|t:|1782186094
|switch|p1b: Sinistcha|Sinistcha-Masterpiece, L50|100/100|[from] U-turn
|move|p1a: Incineroar|Parting Shot|p1b: Sinistcha
|-unboost|p1b: Sinistcha|atk|1
|-unboost|p1b: Sinistcha|spa|1
|
|t:|1782186097
|switch|p1a: Staraptor|Staraptor-Mega, L50, M|100/100|[from] Parting Shot
|move|p2b: Torkoal|Heat Wave|p1b: Sinistcha|[spread] p1a,p1b
|-supereffective|p1b: Sinistcha|1
|-damage|p1a: Staraptor|34/100
|-damage|p1b: Sinistcha|0 fnt
|faint|p1b: Sinistcha
|move|p2a: Farigiraf|Trick Room|p2a: Farigiraf
|-fieldstart|move: Trick Room|[of] p2a: Farigiraf
|
|-weather|SunnyDay|[upkeep]
|upkeep
|
|t:|1782186100
|switch|p1b: Incineroar|Incineroar, L50, M|100/100
|-ability|p1b: Incineroar|Intimidate|boost
|-unboost|p2a: Farigiraf|atk|1
|-unboost|p2b: Torkoal|atk|1
|turn|2
|c|☆Fell Blue|?????
|
|t:|1782186112
|move|p2a: Farigiraf|Helping Hand|p2b: Torkoal
|-singleturn|p2b: Torkoal|Helping Hand|[of] p2a: Farigiraf
|move|p2b: Torkoal|Eruption|p1a: Staraptor|[spread] p1a,p1b
|-resisted|p1b: Incineroar|1
|-damage|p1a: Staraptor|0 fnt
|-damage|p1b: Incineroar|52/100
|faint|p1a: Staraptor
|move|p1b: Incineroar|Parting Shot|p1: Staraptor|[notarget]
|-fail|p1b: Incineroar
|
|-weather|SunnyDay|[upkeep]
|upkeep
|
|t:|1782186117
|switch|p1a: Sneasler|Sneasler, L50, F|100/100
|turn|3
|inactive|matsudafixpls has 30 seconds left.
|inactive|matsudafixpls has 20 seconds left.
|inactive|matsudafixpls has 15 seconds left.
|inactive|matsudafixpls has 10 seconds left.
|
|t:|1782186163
|move|p2a: Farigiraf|Helping Hand|p2b: Torkoal
|-singleturn|p2b: Torkoal|Helping Hand|[of] p2a: Farigiraf
|move|p1a: Sneasler|Fake Out||[still]
|cant|p2a: Farigiraf|ability: Armor Tail|Fake Out|[of] p1a: Sneasler
|move|p2b: Torkoal|Eruption|p1b: Incineroar|[spread] p1a,p1b
|-resisted|p1b: Incineroar|1
|-damage|p1a: Sneasler|0 fnt
|-damage|p1b: Incineroar|7/100
|-enditem|p1b: Incineroar|Sitrus Berry|[eat]
|-heal|p1b: Incineroar|32/100|[from] item: Sitrus Berry
|faint|p1a: Sneasler
|move|p1b: Incineroar|Parting Shot|p2a: Farigiraf
|-unboost|p2a: Farigiraf|atk|1
|-unboost|p2a: Farigiraf|spa|1
|
|-weather|SunnyDay|[upkeep]
|upkeep
|turn|4
|
|t:|1782186178
|move|p2a: Farigiraf|Helping Hand|p2b: Torkoal
|-singleturn|p2b: Torkoal|Helping Hand|[of] p2a: Farigiraf
|move|p2b: Torkoal|Eruption|p1b: Incineroar
|-resisted|p1b: Incineroar|1
|-damage|p1b: Incineroar|0 fnt
|faint|p1b: Incineroar
|
|win|Fell Blue
|l|☆matsudafixpls
|player|p1|
