|j|‽valiantvalerie
|j|☆la cabra1
|html|valiantvaleriela cabra1    
|uhtml|bestof|Game 1 of a best-of-3
|t:|1783081997
|gametype|doubles
|player|p1|valiantvalerie|gwynn|1212
|player|p2|la cabra1|volkner|1334
|gen|9
|tier|[Gen 9 Champions] VGC 2026 Reg M-B (Bo3)
|rated|
|rule|Species Clause: Limit one of each Pokémon
|rule|Item Clause: Limit 1 of each item
|clearpoke
|poke|p1|Staraptor, L50, F|
|poke|p1|Incineroar, L50, F|
|poke|p1|Gholdengo, L50|
|poke|p1|Kommo-o, L50, M|
|poke|p1|Whimsicott, L50, F|
|poke|p1|Gengar, L50, F|
|poke|p2|Aerodactyl, L50, M|
|poke|p2|Garchomp, L50, M|
|poke|p2|Kingambit, L50, M|
|poke|p2|Charizard, L50, M|
|poke|p2|Sylveon, L50, M|
|poke|p2|Farigiraf, L50, M|
|teampreview|4
|showteam|p1|Staraptor||Staraptite|Intimidate|CloseCombat,BraveBird,Roost,Protect|Jolly||F|||50|]Incineroar||PasshoBerry|Intimidate|FakeOut,FlareBlitz,ThroatChop,PartingShot|Careful||F|||50|]Gholdengo||MetalCoat|GoodasGold|MakeItRain,ShadowBall,NastyPlot,Protect|Modest|||||50|]Kommo-o||LifeOrb|Soundproof|ClangingScales,AuraSphere,DracoMeteor,Protect|Modest||M|||50|]Whimsicott||FocusSash|Prankster|Moonblast,Tailwind,FakeTears,Protect|Timid||F|||50|]Gengar||Gengarite|CursedBody|ShadowBall,SludgeBomb,Disable,Protect|Modest||F|||50|
|showteam|p2|Aerodactyl||Aerodactylite|Unnerve|IceFang,RockSlide,Tailwind,DualWingbeat|Jolly||M|||50|]Garchomp||LifeOrb|RoughSkin|DragonClaw,StompingTantrum,Earthquake,Protect|Jolly||M|||50|]Kingambit||FocusSash|Defiant|SuckerPunch,KowtowCleave,IronHead,LowKick|Adamant||M|||50|]Charizard||CharizarditeY|SolarPower|Protect,HeatWave,SolarBeam,WeatherBall|Modest||M|||50|]Sylveon||FairyFeather|Pixilate|Protect,HyperVoice,HyperBeam,QuickAttack|Modest||M|||50|]Farigiraf||SitrusBerry|ArmorTail|TrickRoom,Thunderbolt,Psychic,Roar|Bold||M|||50|
|inactive|Battle timer is ON: inactive players will automatically lose when time's up. (requested by valiantvalerie)
|inactive|valiantvalerie has 60 seconds left.
|inactive|la cabra1 has 60 seconds left.
|
|t:|1783082045
|teamsize|p1|4
|teamsize|p2|4
|start
|switch|p1a: Gengar|Gengar, L50, F|100/100
|switch|p1b: Incineroar|Incineroar, L50, F|100/100
|switch|p2a: Aerodactyl|Aerodactyl, L50, M|100/100
|switch|p2b: Garchomp|Garchomp, L50, M|100/100
|-ability|p2a: Aerodactyl|Unnerve
|-ability|p1b: Incineroar|Intimidate|boost
|-unboost|p2a: Aerodactyl|atk|1
|-unboost|p2b: Garchomp|atk|1
|turn|1
|inactive|valiantvalerie has 30 seconds left.
|
|t:|1783082072
|detailschange|p2a: Aerodactyl|Aerodactyl-Mega, L50, M
|-mega|p2a: Aerodactyl|Aerodactyl|Aerodactylite
|detailschange|p1a: Gengar|Gengar-Mega, L50, F
|-mega|p1a: Gengar|Gengar|Gengarite
|move|p1b: Incineroar|Fake Out|p2b: Garchomp
|-damage|p2b: Garchomp|89/100
|-damage|p1b: Incineroar|87/100|[from] ability: Rough Skin|[of] p2b: Garchomp
|move|p2a: Aerodactyl|Tailwind|p2a: Aerodactyl
|-sidestart|p2: la cabra1|move: Tailwind
|cant|p2b: Garchomp|flinch
|move|p1a: Gengar|Shadow Ball|p2b: Garchomp
|-damage|p2b: Garchomp|39/100
|
|upkeep
|turn|2
|
|t:|1783082091
|move|p1a: Gengar|Protect|p1a: Gengar
|-singleturn|p1a: Gengar|Protect
|move|p2a: Aerodactyl|Rock Slide|p1a: Gengar|[spread] p1b
|-activate|p1a: Gengar|move: Protect
|-supereffective|p1b: Incineroar|1
|-damage|p1b: Incineroar|51/100
|move|p2b: Garchomp|Earthquake|p1a: Gengar|[spread] p1b
|-activate|p1a: Gengar|move: Protect
|-immune|p2a: Aerodactyl
|-supereffective|p1b: Incineroar|1
|-damage|p1b: Incineroar|0 fnt
|faint|p1b: Incineroar
|-damage|p2b: Garchomp|30/100|[from] item: Life Orb
|
|upkeep
|
|t:|1783082101
|switch|p1b: Kommo-o|Kommo-o, L50, M|100/100
|turn|3
|
|t:|1783082108
|move|p1b: Kommo-o|Protect|p1b: Kommo-o
|-singleturn|p1b: Kommo-o|Protect
|move|p2a: Aerodactyl|Dual Wingbeat|p1a: Gengar
|-crit|p1a: Gengar
|-damage|p1a: Gengar|46/100
|-damage|p1a: Gengar|24/100
|-hitcount|p1a: Gengar|2
|move|p2b: Garchomp|Earthquake|p1b: Kommo-o|[spread] p1a
|-activate|p1b: Kommo-o|move: Protect
|-immune|p2a: Aerodactyl
|-supereffective|p1a: Gengar|1
|-damage|p1a: Gengar|0 fnt
|faint|p1a: Gengar
|-damage|p2b: Garchomp|20/100y|[from] item: Life Orb
|
|upkeep
|-message|valiantvalerie forfeited.
|
|win|la cabra1
||valiantvalerie is ready for game 2.
||la cabra1 is ready for game 2.
|uhtml|next|Next: Game 2 of 3
