|j|☆Nugget2277
|j|☆Tinged
|html|Nugget2277Tinged    
|uhtml|bestof|Game 1 of a best-of-3
|t:|1756665490
|gametype|doubles
|player|p1|Nugget2277|170|1000
|player|p2|Tinged|170|1036
|gen|9
|tier|[Gen 9] VGC 2025 Reg H (Bo3)
|rated|
|rule|Species Clause: Limit one of each Pokémon
|rule|Item Clause: Limit 1 of each item
|clearpoke
|poke|p1|Porygon2, L50|
|poke|p1|Sneasler, L50, F|
|poke|p1|Gholdengo, L50|
|poke|p1|Amoonguss, L50, F|
|poke|p1|Garchomp, L50, M|
|poke|p1|Incineroar, L50, M|
|poke|p2|Polteageist-Antique, L50|
|poke|p2|Sneasler, L50, F|
|poke|p2|Whimsicott, L50, M|
|poke|p2|Kingambit, L50, F|
|poke|p2|Armarouge, L50, F|
|poke|p2|Indeedee-F, L50, F|
|teampreview|4
|showteam|p1|Porygon2||Eviolite|Download|TeraBlast,IceBeam,Recover,TrickRoom||||||50|,,,,,Ground]Sneasler||FocusSash|PoisonTouch|CloseCombat,DireClaw,Coaching,Protect|||F|||50|,,,,,Flying]Gholdengo||LifeOrb|GoodasGold|MakeItRain,ShadowBall,NastyPlot,Protect||||||50|,,,,,Water]Amoonguss||SitrusBerry|Regenerator|PollenPuff,Spore,RagePowder,Protect|||F|||50|,,,,,Fairy]Garchomp||ClearAmulet|RoughSkin|Earthquake,StompingTantrum,DragonClaw,Protect|||M|||50|,,,,,Fire]Incineroar||SafetyGoggles|Intimidate|FlareBlitz,KnockOff,FakeOut,PartingShot|||M|||50|,,,,,Ghost
|showteam|p2|Polteageist-Antique||FocusSash|WeakArmor|Teatime,WillOWisp,Protect,ShadowBall||||||50|,,,,,Dark]Sneasler||LiechiBerry|Unburden|Protect,CloseCombat,DireClaw,Acrobatics|||F|||50|,,,,,Flying]Whimsicott||CovertCloak|Prankster|Moonblast,Tailwind,Protect,Encore|||M|||50|,,,,,Dark]Kingambit||AssaultVest|Defiant|KowtowCleave,SuckerPunch,IronHead,LowKick|||F|||50|,,,,,Fairy]Armarouge||ChoiceScarf|FlashFire|ExpandingForce,ArmorCannon,EnergyBall,Overheat|||F|||50|,,,,,Grass]Indeedee-F||SafetyGoggles|PsychicSurge|FollowMe,Imprison,TrickRoom,DazzlingGleam|||F|||50|,,,,,Ghost
|inactive|Battle timer is ON: inactive players will automatically lose when time's up. (requested by Nugget2277)
|inactive|Nugget2277 has 60 seconds left.
|
|t:|1756665542
|teamsize|p1|4
|teamsize|p2|4
|start
|switch|p1a: Incineroar|Incineroar, L50, M|100/100
|switch|p1b: Gholdengo|Gholdengo, L50|100/100
|switch|p2a: Polteageist|Polteageist-Antique, L50|100/100
|switch|p2b: Sneasler|Sneasler, L50, F|100/100
|-ability|p1a: Incineroar|Intimidate|boost
|-unboost|p2a: Polteageist|atk|1
|-unboost|p2b: Sneasler|atk|1
|turn|1
|inactive|Nugget2277 has 30 seconds left.
|inactive|Tinged has 30 seconds left.
|inactive|Nugget2277 has 20 seconds left.
|inactive|Tinged has 20 seconds left.
|inactive|Nugget2277 has 15 seconds left.
|inactive|Nugget2277 has 10 seconds left.
|inactive|Tinged has 15 seconds left.
|
|t:|1756665592
|switch|p2b: Indeedee|Indeedee-F, L50, F|100/100
|-fieldstart|move: Psychic Terrain|[from] ability: Psychic Surge|[of] p2b: Indeedee
|-terastallize|p1b: Gholdengo|Water
|move|p1a: Incineroar|Fake Out|p2b: Indeedee
|-activate|p2b: Indeedee|move: Psychic Terrain
|move|p2a: Polteageist|Shadow Ball|p1b: Gholdengo
|-damage|p1b: Gholdengo|58/100
|-unboost|p1b: Gholdengo|spd|1
|move|p1b: Gholdengo|Shadow Ball|p2b: Indeedee
|-immune|p2b: Indeedee
|
|upkeep
|turn|2
|inactive|Nugget2277 has 30 seconds left.
|
|t:|1756665622
|switch|p2b: Sneasler|Sneasler, L50, F|100/100
|switch|p1b: Amoonguss|Amoonguss, L50, F|100/100
|move|p2a: Polteageist|Teatime|p2a: Polteageist
|-fieldactivate|move: Teatime
|-enditem|p1b: Amoonguss|Sitrus Berry|[eat]
|-enditem|p2b: Sneasler|Liechi Berry|[eat]
|-boost|p2b: Sneasler|atk|1|[from] item: Liechi Berry
|move|p1a: Incineroar|Knock Off|p2a: Polteageist
|-supereffective|p2a: Polteageist
|-enditem|p2a: Polteageist|Focus Sash
|-damage|p2a: Polteageist|1/100
|-ability|p2a: Polteageist|Weak Armor|boost
|-unboost|p2a: Polteageist|def|1
|-boost|p2a: Polteageist|spe|2
|
|upkeep
|turn|3
|inactive|Nugget2277 has 30 seconds left.
|inactive|Tinged has 30 seconds left.
|inactive|Nugget2277 has 20 seconds left.
|inactive|Nugget2277 has 15 seconds left.
|inactive|Nugget2277 has 10 seconds left.
|inactive|Nugget2277 has 5 seconds left.
|
|t:|1756665675
|move|p1b: Amoonguss|Protect|p1b: Amoonguss
|-singleturn|p1b: Amoonguss|Protect
|move|p2b: Sneasler|Acrobatics|p1b: Amoonguss
|-activate|p1b: Amoonguss|move: Protect
|move|p2a: Polteageist|Shadow Ball|p1b: Amoonguss
|-activate|p1b: Amoonguss|move: Protect
|move|p1a: Incineroar|Knock Off|p2a: Polteageist
|-supereffective|p2a: Polteageist
|-damage|p2a: Polteageist|0 fnt
|faint|p2a: Polteageist
|
|upkeep
|
|t:|1756665683
|switch|p2a: Armarouge|Armarouge, L50, F|100/100
|turn|4
|inactive|Nugget2277 has 30 seconds left.
|inactive|Nugget2277 has 20 seconds left.
|inactive|Nugget2277 has 15 seconds left.
|inactive|Nugget2277 has 10 seconds left.
|
|t:|1756665728
|-terastallize|p2a: Armarouge|Grass
|move|p2b: Sneasler|Acrobatics|p1a: Incineroar
|-damage|p1a: Incineroar|41/100
|move|p2a: Armarouge|Expanding Force|p1b: Amoonguss|[spread] p1b
|-immune|p1a: Incineroar
|-supereffective|p1b: Amoonguss
|-damage|p1b: Amoonguss|0 fnt
|faint|p1b: Amoonguss
|move|p1a: Incineroar|Knock Off|p2a: Armarouge
|-damage|p2a: Armarouge|54/100
|-enditem|p2a: Armarouge|Choice Scarf|[from] move: Knock Off|[of] p1a: Incineroar
|
|upkeep
|
|t:|1756665746
|switch|p1b: Garchomp|Garchomp, L50, M|100/100
|turn|5
|-message|Nugget2277 forfeited.
|
|win|Tinged
|l|☆Nugget2277
|player|p1|
|raw|Nugget2277's rating: 1000 → 1000(+0 for losing)
|raw|Tinged's rating: 1036 → 1067(+31 for winning)
