|j|☆Chelicerate1
|j|☆huynguy
|html|Chelicerate1huynguy    
|uhtml|bestof|Game 2 of a best-of-3
|t:|1783692656
|gametype|doubles
|player|p1|Chelicerate1|ethan|1127
|player|p2|huynguy|170|1072
|gen|9
|tier|[Gen 9 Champions] VGC 2026 Reg M-B (Bo3)
|rated|
|rule|Species Clause: Limit one of each Pokémon
|rule|Item Clause: Limit 1 of each item
|clearpoke
|poke|p1|Gholdengo, L50, shiny|
|poke|p1|Incineroar, L50, M, shiny|
|poke|p1|Charizard, L50, M, shiny|
|poke|p1|Floette-Eternal, L50, F|
|poke|p1|Sinistcha-Masterpiece, L50, shiny|
|poke|p1|Garchomp, L50, M, shiny|
|poke|p2|Whimsicott, L50, F|
|poke|p2|Lucario, L50, F|
|poke|p2|Staraptor, L50, M|
|poke|p2|Tsareena, L50, F|
|poke|p2|Garchomp, L50, F|
|poke|p2|Greninja, L50, F|
|teampreview|4
|showteam|p1|Gholdengo||ChoiceScarf|GoodasGold|MakeItRain,Thunderbolt,ShadowBall,Trick|Timid|||||50|]Incineroar||SitrusBerry|Intimidate|FakeOut,ThroatChop,PartingShot,FlareBlitz|Careful||M|||50|]Charizard||CharizarditeY|SolarPower|HeatWave,WeatherBall,SolarBeam,Protect|Modest||M|||50|]Floette-Eternal||Floettite|FlowerVeil|Moonblast,DazzlingGleam,CalmMind,Protect|Modest||F|||50|]Sinistcha-Masterpiece||FocusSash|Hospitality|LeafStorm,RagePowder,TrickRoom,Protect|Bold|||||50|]Garchomp||LifeOrb|RoughSkin|DragonClaw,RockSlide,Earthquake,Protect|Adamant||M|||50|
|showteam|p2|Whimsicott||FocusSash|Prankster|Moonblast,Tailwind,BeatUp,Encore|Timid||F|||50|]Lucario||Lucarionite|Justified|BulletPunch,DrainPunch,RockSlide,Protect|Adamant||F|||50|]Staraptor||ChoiceScarf|Intimidate|FinalGambit,CloseCombat,BraveBird,Uturn|Adamant||M|||50|]Tsareena||WideLens|QueenlyMajesty|Taunt,PowerWhip,HighJumpKick,Protect|Adamant||F|||50|]Garchomp||LifeOrb|RoughSkin|DragonClaw,Earthquake,StompingTantrum,Protect|Jolly||F|||50|]Greninja||Greninjite|Protean|Surf,IceBeam,DarkPulse,Protect|Timid||F|||50|
|inactive|Battle timer is ON: inactive players will automatically lose when time's up. (requested by Chelicerate1)
|inactive|Chelicerate1 has 60 seconds left.
|inactive|huynguy has 60 seconds left.
|inactive|huynguy has 30 seconds left.
|inactive|huynguy has 20 seconds left.
|
|t:|1783692731
|teamsize|p1|4
|teamsize|p2|4
|start
|switch|p1a: Floette|Floette-Eternal, L50, F|100/100
|switch|p1b: Incineroar|Incineroar, L50, M, shiny|100/100
|switch|p2a: Staraptor|Staraptor, L50, M|100/100
|switch|p2b: Lucario|Lucario, L50, F|100/100
|-ability|p2a: Staraptor|Intimidate|boost
|-unboost|p1a: Floette|atk|1
|-unboost|p1b: Incineroar|atk|1
|-ability|p1b: Incineroar|Intimidate|boost
|-unboost|p2a: Staraptor|atk|1
|-unboost|p2b: Lucario|atk|1
|turn|1
|inactive|Chelicerate1 has 30 seconds left.
|inactive|huynguy has 30 seconds left.
|inactive|Chelicerate1 has 20 seconds left.
|inactive|Chelicerate1 has 15 seconds left.
|inactive|Chelicerate1 has 10 seconds left.
|inactive|Chelicerate1 has 5 seconds left.
|
|t:|1783692785
|detailschange|p1a: Floette|Floette-Mega, L50, F
|-mega|p1a: Floette|Floette|Floettite
|-ability|p1a: Floette|Fairy Aura
|move|p1a: Floette|Protect|p1a: Floette
|-singleturn|p1a: Floette|Protect
|move|p2b: Lucario|Protect|p2b: Lucario
|-singleturn|p2b: Lucario|Protect
|move|p2a: Staraptor|Final Gambit|p1b: Incineroar
|-damage|p1b: Incineroar|4/100
|-enditem|p1b: Incineroar|Sitrus Berry|[eat]
|-heal|p1b: Incineroar|29/100|[from] item: Sitrus Berry
|faint|p2a: Staraptor
|move|p1b: Incineroar|Parting Shot|p2b: Lucario
|-activate|p2b: Lucario|move: Protect
|
|upkeep
|inactive|huynguy has 30 seconds left.
|
|t:|1783692816
|switch|p2a: Garchomp|Garchomp, L50, F|100/100
|turn|2
|inactive|Chelicerate1 has 30 seconds left.
|inactive|huynguy has 30 seconds left.
|inactive|Chelicerate1 has 20 seconds left.
|inactive|Chelicerate1 has 15 seconds left.
|inactive|Chelicerate1 has 10 seconds left.
|inactive|Chelicerate1 has 5 seconds left.
|
|t:|1783692871
|switch|p1b: Sinistcha|Sinistcha-Masterpiece, L50, shiny|100/100
|detailschange|p2b: Lucario|Lucario-Mega, L50, F
|-mega|p2b: Lucario|Lucario|Lucarionite
|move|p2b: Lucario|Bullet Punch|p1a: Floette
|-supereffective|p1a: Floette|1
|-damage|p1a: Floette|46/100
|move|p2a: Garchomp|Stomping Tantrum|p1a: Floette
|-damage|p1a: Floette|0 fnt
|faint|p1a: Floette
|-damage|p2a: Garchomp|90/100|[from] item: Life Orb
|
|upkeep
|
|t:|1783692890
|switch|p1a: Garchomp|Garchomp, L50, M, shiny|100/100
|turn|3
|
|t:|1783692905
|switch|p2b: Greninja|Greninja, L50, F|100/100
|move|p2a: Garchomp|Protect|p2a: Garchomp
|-singleturn|p2a: Garchomp|Protect
|move|p1b: Sinistcha|Rage Powder|p1b: Sinistcha
|-singleturn|p1b: Sinistcha|move: Rage Powder
|move|p1a: Garchomp|Earthquake|p2a: Garchomp|[spread] p1b,p2b
|-activate|p2a: Garchomp|move: Protect
|-resisted|p1b: Sinistcha|1
|-damage|p1b: Sinistcha|78/100
|-damage|p2b: Greninja|7/100
|-damage|p1a: Garchomp|90/100|[from] item: Life Orb
|
|upkeep
|turn|4
|inactive|Chelicerate1 has 30 seconds left.
|inactive|huynguy has 30 seconds left.
|inactive|Chelicerate1 has 20 seconds left.
|inactive|huynguy has 20 seconds left.
|inactive|Chelicerate1 has 15 seconds left.
|inactive|huynguy has 15 seconds left.
|inactive|huynguy has 10 seconds left.
|
|t:|1783692952
|move|p1b: Sinistcha|Rage Powder|p1b: Sinistcha
|-singleturn|p1b: Sinistcha|move: Rage Powder
|move|p2b: Greninja|Ice Beam|p1b: Sinistcha
|-start|p2b: Greninja|typechange|Ice|[from] ability: Protean
|-supereffective|p1b: Sinistcha|1
|-damage|p1b: Sinistcha|0 fnt
|faint|p1b: Sinistcha
|move|p2a: Garchomp|Dragon Claw|p1a: Garchomp
|-supereffective|p1a: Garchomp|1
|-damage|p1a: Garchomp|0 fnt
|-damage|p2a: Garchomp|77/100|[from] ability: Rough Skin|[of] p1a: Garchomp
|faint|p1a: Garchomp
|-damage|p2a: Garchomp|68/100|[from] item: Life Orb
|
|upkeep
|
|t:|1783692967
|switch|p1b: Incineroar|Incineroar, L50, M, shiny|29/100
|-ability|p1b: Incineroar|Intimidate|boost
|-unboost|p2a: Garchomp|atk|1
|-unboost|p2b: Greninja|atk|1
|turn|5
|
|t:|1783692978
|move|p1b: Incineroar|Fake Out|p2b: Greninja
|-damage|p2b: Greninja|0 fnt
|faint|p2b: Greninja
|move|p2a: Garchomp|Stomping Tantrum|p1b: Incineroar
|-supereffective|p1b: Incineroar|1
|-damage|p1b: Incineroar|0 fnt
|faint|p1b: Incineroar
|-damage|p2a: Garchomp|58/100|[from] item: Life Orb
|
|win|huynguy
||huynguy is ready for game 3.
