|j|☆porygon-epilepz
|j|☆PerishingSongVGC
|html|porygon-epilepzPerishingSongVGC    
|uhtml|bestof|Game 1 of a best-of-3
|t:|1756801726
|gametype|doubles
|player|p1|porygon-epilepz|ghetsis-gen5bw|1072
|player|p2|PerishingSongVGC|170|1000
|gen|9
|tier|[Gen 9] VGC 2025 Reg H (Bo3)
|rated|
|rule|Species Clause: Limit one of each Pokémon
|rule|Item Clause: Limit 1 of each item
|clearpoke
|poke|p1|Farigiraf, L50, F|
|poke|p1|Incineroar, L50, M|
|poke|p1|Sneasler, L50, F|
|poke|p1|Pelipper, L50, F|
|poke|p1|Archaludon, L50, M|
|poke|p1|Porygon-Z, L50|
|poke|p2|Gothitelle, L50, M|
|poke|p2|Politoed, L50, M|
|poke|p2|Rillaboom, L50, F|
|poke|p2|Incineroar, L50, M|
|poke|p2|Flamigo, L50, F|
|poke|p2|Gholdengo, L50|
|teampreview|4
|showteam|p1|Farigiraf||ThroatSpray|ArmorTail|TrickRoom,HyperVoice,Psychic,HelpingHand|||F|||50|,,,,,Fairy]Incineroar||SafetyGoggles|Intimidate|FakeOut,KnockOff,PartingShot,Taunt|||M|||50|,,,,,Ghost]Sneasler||WhiteHerb|Unburden|DireClaw,CloseCombat,ThroatChop,FakeOut|||F|||50|,,,,,Dark]Pelipper||FocusSash|Drizzle|Hurricane,WeatherBall,Tailwind,Protect|||F|||50|,,,,,Grass]Archaludon||AssaultVest|Stamina|ElectroShot,FlashCannon,DracoMeteor,BodyPress|||M|||50|,,,,,Bug]Porygon-Z||ChoiceScarf|Adaptability|TeraBlast,HyperBeam,ShadowBall,IceBeam||||||50|,,,,,Fairy
|showteam|p2|Gothitelle||SitrusBerry|ShadowTag|Psychic,Hypnosis,FakeOut,Protect|||M|||50|,,,,,Dragon]Politoed||MentalHerb|Drizzle|MuddyWater,Haze,PerishSong,Protect|||M|||50|,,,,,Grass]Rillaboom||AssaultVest|GrassySurge|WoodHammer,GrassyGlide,Uturn,FakeOut|||F|||50|,,,,,Fire]Incineroar||SafetyGoggles|Intimidate|FakeOut,PartingShot,KnockOff,FlareBlitz|||M|||50|,,,,,Ghost]Flamigo||LifeOrb|Scrappy|CloseCombat,BraveBird,ThroatChop,Protect|||F|||50|,,,,,Steel]Gholdengo||ChoiceSpecs|GoodasGold|MakeItRain,ShadowBall,PowerGem,SteelBeam||||||50|,,,,,Steel
|
|t:|1756801774
|teamsize|p1|4
|teamsize|p2|4
|start
|switch|p1a: Sneasler|Sneasler, L50, F|100/100
|switch|p1b: Porygon-Z|Porygon-Z, L50|100/100
|switch|p2a: Gothitelle|Gothitelle, L50, M|100/100
|switch|p2b: Politoed|Politoed, L50, M|100/100
|-weather|RainDance|[from] ability: Drizzle|[of] p2b: Politoed
|turn|1
|
|t:|1756801787
|move|p1a: Sneasler|Fake Out|p2b: Politoed
|-damage|p2b: Politoed|86/100
|move|p2a: Gothitelle|Fake Out|p1a: Sneasler
|-damage|p1a: Sneasler|92/100
|move|p1b: Porygon-Z|Hyper Beam|p2a: Gothitelle
|-damage|p2a: Gothitelle|3/100
|-mustrecharge|p1b: Porygon-Z
|-enditem|p2a: Gothitelle|Sitrus Berry|[eat]
|-heal|p2a: Gothitelle|28/100|[from] item: Sitrus Berry
|cant|p2b: Politoed|flinch
|
|-weather|RainDance|[upkeep]
|upkeep
|turn|2
|-message|PerishingSongVGC forfeited.
|
|win|porygon-epilepz
