|j|☆shilips
|j|☆s3nd4
|html|shilipss3nd4    
|uhtml|bestof|Game 1 of a best-of-3
|t:|1756979585
|gametype|doubles
|player|p1|shilips|ninjaboy|1168
|player|p2|s3nd4|n|1009
|gen|9
|tier|[Gen 9] VGC 2025 Reg H (Bo3)
|rated|
|rule|Species Clause: Limit one of each Pokémon
|rule|Item Clause: Limit 1 of each item
|clearpoke
|poke|p1|Inteleon, L50, M|
|poke|p1|Dragonite, L50, M|
|poke|p1|Indeedee, L50, M|
|poke|p1|Pelipper, L50, M|
|poke|p1|Archaludon, L50, M|
|poke|p1|Sinistcha, L50|
|poke|p2|Annihilape, L50, M|
|poke|p2|Ninetales-Alola, L50, F|
|poke|p2|Talonflame, L50, M|
|poke|p2|Garchomp, L50, M|
|poke|p2|Vivillon-Ocean, L50, F|
|poke|p2|Gholdengo, L50|
|teampreview|4
|showteam|p1|Inteleon||ChoiceSpecs|Torrent|IceBeam,SnipeShot,MuddyWater,VacuumWave|||M|||50|,,,,,Water]Dragonite||LoadedDice|InnerFocus|Protect,ScaleShot,IceSpinner,Haze|||M|||50|,,,,,Fairy]Indeedee||ChoiceScarf|PsychicSurge|ShadowBall,ExpandingForce,HyperVoice,Trick|||M|||50|,,,,,Ghost]Pelipper||FocusSash|Drizzle|Hurricane,WeatherBall,Tailwind,WideGuard|||M|||50|,,,,,Grass]Archaludon||AssaultVest|Stamina|DragonPulse,ElectroShot,BodyPress,FlashCannon|||M|||50|,,,,,Bug]Sinistcha||SitrusBerry|Hospitality|MatchaGotcha,RagePowder,LifeDew,TrickRoom||||||50|,,,,,Dark
|showteam|p2|Annihilape||SafetyGoggles|Defiant|RageFist,DrainPunch,BulkUp,Protect|||M|||50|,,,,,Water]Ninetales-Alola||CovertCloak|SnowWarning|Blizzard,FreezeDry,AuroraVeil,Protect|||F|||50|,,,,,Ice]Talonflame||SharpBeak|GaleWings|DualWingbeat,Tailwind,WillOWisp,Protect|||M|||50|,,,,,Ghost]Garchomp||LifeOrb|RoughSkin|Earthquake,StompingTantrum,DragonClaw,Protect|||M|||50|,,,,,Steel]Vivillon-Ocean||FocusSash|CompoundEyes|SleepPowder,Hurricane,RagePowder,Protect|||F|||50|,,,,,Ghost]Gholdengo||IronPlate|GoodasGold|MakeItRain,ShadowBall,NastyPlot,Protect||||||50|,,,,,Steel
|inactive|Battle timer is ON: inactive players will automatically lose when time's up. (requested by shilips)
|
|t:|1756979642
|teamsize|p1|4
|teamsize|p2|4
|start
|switch|p1a: Inteleon|Inteleon, L50, M, shiny|100/100
|switch|p1b: Indeedee|Indeedee, L50, M, shiny|100/100
|switch|p2a: Ninetales|Ninetales-Alola, L50, F, shiny|100/100
|switch|p2b: Annihilape|Annihilape, L50, M, shiny|100/100
|-fieldstart|move: Psychic Terrain|[from] ability: Psychic Surge|[of] p1b: Indeedee
|-weather|Snowscape|[from] ability: Snow Warning|[of] p2a: Ninetales
|turn|1
|inactive|s3nd4 has 30 seconds left.
|
|t:|1756979668
|switch|p1b: Pelipper|Pelipper, L50, M, shiny|100/100
|-weather|RainDance|[from] ability: Drizzle|[of] p1b: Pelipper
|-terastallize|p1a: Inteleon|Water
|-terastallize|p2b: Annihilape|Water
|move|p1a: Inteleon|Muddy Water|p2a: Ninetales|[spread] p2b
|-miss|p1a: Inteleon|p2a: Ninetales
|-resisted|p2b: Annihilape
|-damage|p2b: Annihilape|57/100
|-unboost|p2b: Annihilape|accuracy|1
|-ability|p2b: Annihilape|Defiant|boost
|-boost|p2b: Annihilape|atk|2
|move|p2a: Ninetales|Aurora Veil||[still]
|-fail|p2a: Ninetales
|move|p2b: Annihilape|Bulk Up|p2b: Annihilape
|-boost|p2b: Annihilape|atk|1
|-boost|p2b: Annihilape|def|1
|
|-weather|RainDance|[upkeep]
|upkeep
|turn|2
|inactive|shilips has 30 seconds left.
|inactive|s3nd4 has 30 seconds left.
|
|t:|1756979698
|move|p1a: Inteleon|Muddy Water|p2b: Annihilape|[spread] p2a
|-miss|p1a: Inteleon|p2b: Annihilape
|-damage|p2a: Ninetales|0 fnt
|faint|p2a: Ninetales
|move|p2b: Annihilape|Rage Fist|p1b: Pelipper
|-enditem|p1b: Pelipper|Focus Sash
|-damage|p1b: Pelipper|1/100
|move|p1b: Pelipper|Hurricane|p2b: Annihilape
|-damage|p2b: Annihilape|11/100
|
|-weather|RainDance|[upkeep]
|upkeep
|
|t:|1756979710
|switch|p2a: Talonflame|Talonflame, L50, M|100/100
|turn|3
|
|t:|1756979732
|move|p2b: Annihilape|Protect|p2b: Annihilape
|-singleturn|p2b: Annihilape|Protect
|move|p2a: Talonflame|Tailwind|p2a: Talonflame
|-sidestart|p2: s3nd4|move: Tailwind
|move|p1a: Inteleon|Muddy Water|p2a: Talonflame|[spread] p2a
|-activate|p2b: Annihilape|move: Protect
|-supereffective|p2a: Talonflame
|-damage|p2a: Talonflame|0 fnt
|faint|p2a: Talonflame
|move|p1b: Pelipper|Tailwind|p1b: Pelipper
|-sidestart|p1: shilips|move: Tailwind
|
|-weather|RainDance|[upkeep]
|upkeep
|
|t:|1756979742
|switch|p2a: Garchomp|Garchomp, L50, M|100/100
|turn|4
|
|t:|1756979755
|move|p1a: Inteleon|Muddy Water|p2b: Annihilape|[spread] p2a,p2b
|-resisted|p2b: Annihilape
|-damage|p2a: Garchomp|0 fnt
|-damage|p2b: Annihilape|0 fnt
|faint|p2a: Garchomp
|faint|p2b: Annihilape
|
|win|shilips
||s3nd4 is ready for game 2.
|inactive|shilips has 30 seconds to confirm battle start!
