|j|☆Hookmaster100
|j|☆lettitripppp
|html|Hookmaster100lettitripppp    
|uhtml|bestof|Game 1 of a best-of-3
|t:|1784756382
|gametype|doubles
|player|p1|Hookmaster100|169|1107
|player|p2|lettitripppp|lucas|1221
|gen|9
|tier|[Gen 9 Champions] VGC 2026 Reg M-B (Bo3)
|rated|
|rule|Species Clause: Limit one of each Pokémon
|rule|Item Clause: Limit 1 of each item
|clearpoke
|poke|p1|Tsareena, L50, F|
|poke|p1|Staraptor, L50, F|
|poke|p1|Whimsicott, L50, M|
|poke|p1|Floette-Eternal, L50, F|
|poke|p1|Metagross, L50|
|poke|p1|Basculegion, L50, M|
|poke|p2|Charizard, L50, M, shiny|
|poke|p2|Basculegion, L50, M, shiny|
|poke|p2|Pelipper, L50, F|
|poke|p2|Venusaur, L50, F|
|poke|p2|Archaludon, L50, M|
|poke|p2|Grimmsnarl, L50, M, shiny|
|teampreview|4
|showteam|p1|Tsareena||WideLens|QueenlyMajesty|HighJumpKick,PowerWhip,TripleAxel,Protect|Serious||F|||50|]Staraptor||Staraptite|Intimidate|CloseCombat,Tailwind,BraveBird,Protect|Adamant||F|||50|]Whimsicott||FocusSash|Prankster|Moonblast,Tailwind,Charm,Encore|Modest||M|||50|]Floette-Eternal||Floettite|FlowerVeil|CalmMind,DrainingKiss,Moonblast,Protect|Modest||F|||50|]Metagross||LifeOrb|ClearBody|IronHead,PsychicFangs,ThunderPunch,Protect|Careful|||||50|]Basculegion||ChoiceScarf|Adaptability|FlipTurn,WaveCrash,LastRespects,Protect|Jolly||M|||50|
|showteam|p2|Charizard||CharizarditeY|Blaze|WeatherBall,SolarBeam,HeatWave,Protect|Modest||M|||50|]Basculegion||ChoiceScarf|Adaptability|LastRespects,WaveCrash,FlipTurn,AquaJet|Jolly||M|||50|]Pelipper||SitrusBerry|Drizzle|WeatherBall,WideGuard,Hurricane,Tailwind|Modest||F|||50|]Venusaur||FocusSash|Chlorophyll|SleepPowder,SludgeBomb,EarthPower,Protect|Modest||F|||50|]Archaludon||Leftovers|Stamina|FlashCannon,DragonPulse,ElectroShot,Protect|Calm||M|||50|]Grimmsnarl||LightClay|Prankster|PartingShot,LightScreen,SpiritBreak,Reflect|Relaxed||M|||50|
|inactive|Battle timer is ON: inactive players will automatically lose when time's up. (requested by Hookmaster100)
|inactive|lettitripppp also wants the timer to be on.
|inactive|Hookmaster100 has 60 seconds left.
|inactive|lettitripppp has 60 seconds left.
|inactive|Hookmaster100 has 30 seconds left.
|inactive|Hookmaster100 has 20 seconds left.
|inactive|Hookmaster100 has 15 seconds left.
|
|t:|1784756460
|teamsize|p1|4
|teamsize|p2|4
|start
|switch|p1a: Tsareena|Tsareena, L50, F|100/100
|switch|p1b: Floette|Floette-Eternal, L50, F|100/100
|switch|p2a: AGNI|Charizard, L50, M, shiny|100/100
|switch|p2b: SOFT-SLEEP|Venusaur, L50, F|100/100
|turn|1
|
|t:|1784756480
|detailschange|p2a: AGNI|Charizard-Mega-Y, L50, M, shiny
|-mega|p2a: AGNI|Charizard|Charizardite Y
|-weather|SunnyDay|[from] ability: Drought|[of] p2a: AGNI
|detailschange|p1b: Floette|Floette-Mega, L50, F
|-mega|p1b: Floette|Floette|Floettite
|-ability|p1b: Floette|Fairy Aura
|move|p2b: SOFT-SLEEP|Sludge Bomb|p1b: Floette
|-supereffective|p1b: Floette|1
|-damage|p1b: Floette|31/100
|move|p2a: AGNI|Weather Ball|p1a: Tsareena
|-supereffective|p1a: Tsareena|1
|-damage|p1a: Tsareena|0 fnt
|faint|p1a: Tsareena
|move|p1b: Floette|Calm Mind|p1b: Floette
|-boost|p1b: Floette|spa|1
|-boost|p1b: Floette|spd|1
|
|-weather|SunnyDay|[upkeep]
|upkeep
|
|t:|1784756494
|switch|p1a: Metagross|Metagross, L50|100/100
|turn|2
|
|t:|1784756511
|move|p2b: SOFT-SLEEP|Sludge Bomb|p1b: Floette
|-supereffective|p1b: Floette|1
|-damage|p1b: Floette|0 fnt
|faint|p1b: Floette
|move|p2a: AGNI|Weather Ball|p1a: Metagross
|-supereffective|p1a: Metagross|1
|-damage|p1a: Metagross|0 fnt
|faint|p1a: Metagross
|
|-weather|SunnyDay|[upkeep]
|upkeep
|-message|Hookmaster100 forfeited.
|
|win|lettitripppp
|l|☆Hookmaster100
|player|p1|
||Hookmaster100 is ready for game 2.
