|j|☆matsudafixpls
|j|☆Fell Blue
|html|matsudafixplsFell Blue    
|uhtml|bestof|Game 2 of a best-of-3
|t:|1782186218
|gametype|doubles
|player|p1|matsudafixpls|benga|1042
|player|p2|Fell Blue|fantina|1138
|gen|9
|tier|[Gen 9 Champions] VGC 2026 Reg M-B (Bo3)
|rated|
|rule|Species Clause: Limit one of each Pokémon
|rule|Item Clause: Limit 1 of each item
|clearpoke
|poke|p1|Staraptor, L50, M|
|poke|p1|Kingambit, L50, F|
|poke|p1|Metagross, L50|
|poke|p1|Sneasler, L50, F|
|poke|p1|Incineroar, L50, F|
|poke|p1|Sinistcha-Masterpiece, L50|
|poke|p2|Mawile, L50, M|
|poke|p2|Farigiraf, L50, M|
|poke|p2|Hatterene, L50, F|
|poke|p2|Ampharos, L50, F|
|poke|p2|Kangaskhan, L50, F|
|poke|p2|Torkoal, L50, M|
|teampreview|4
|showteam|p1|Staraptor||Staraptite|Intimidate|CloseCombat,Roost,BraveBird,Uturn|Jolly||M|||50|]Kingambit||BlackGlasses|Defiant|SuckerPunch,KowtowCleave,IronHead,Protect|Adamant||F|||50|]Metagross||Metagrossite|ClearBody|MeteorMash,BulletPunch,ZenHeadbutt,Protect|Jolly|||||50|]Sneasler||WhiteHerb|Unburden|CloseCombat,DireClaw,FakeOut,Taunt|Adamant||F|||50|]Incineroar||SitrusBerry|Intimidate|FakeOut,DarkestLariat,FlareBlitz,PartingShot|Adamant||F|||50|]Sinistcha-Masterpiece||Leftovers|Hospitality|MatchaGotcha,RagePowder,StrengthSap,Protect|Bold|||||50|
|showteam|p2|Mawile||Mawilite|Intimidate|IronHead,Protect,SuckerPunch,PlayRough|Brave||M|||50|]Farigiraf||ColburBerry|ArmorTail|Psychic,TrickRoom,SunnyDay,HelpingHand|Modest||M|||50|]Hatterene||LifeOrb|MagicBounce|DazzlingGleam,MysticalFire,Psychic,Protect|Quiet||F|||50|]Ampharos||Ampharosite|Static|PowerGem,Protect,DragonPulse,Thunderbolt|Quiet||F|||50|]Kangaskhan||SilkScarf|Scrappy|FakeOut,LastResort|Brave||F|||50|]Torkoal||Charcoal|Drought|SolarBeam,Eruption,HeatWave,Protect|Quiet||M|||50|
|
|t:|1782186240
|teamsize|p1|4
|teamsize|p2|4
|start
|switch|p1a: Sneasler|Sneasler, L50, F|100/100
|switch|p1b: Staraptor|Staraptor, L50, M|100/100
|switch|p2a: Farigiraf|Farigiraf, L50, M|100/100
|switch|p2b: Kangaskhan|Kangaskhan, L50, F|100/100
|-ability|p1b: Staraptor|Intimidate|boost
|-unboost|p2a: Farigiraf|atk|1
|-fail|p2b: Kangaskhan|unboost|Attack|[from] ability: Scrappy|[of] p2b: Kangaskhan
|turn|1
|inactive|Battle timer is ON: inactive players will automatically lose when time's up. (requested by matsudafixpls)
|
|t:|1782186267
|detailschange|p1b: Staraptor|Staraptor-Mega, L50, M
|-mega|p1b: Staraptor|Staraptor|Staraptite
|move|p2b: Kangaskhan|Fake Out|p1a: Sneasler
|-damage|p1a: Sneasler|63/100
|move|p1b: Staraptor|Close Combat|p2b: Kangaskhan
|-supereffective|p2b: Kangaskhan|1
|-damage|p2b: Kangaskhan|0 fnt
|-boost|p1b: Staraptor|def|1
|-boost|p1b: Staraptor|spd|1
|faint|p2b: Kangaskhan
|cant|p1a: Sneasler|flinch
|move|p2a: Farigiraf|Trick Room|p2a: Farigiraf
|-fieldstart|move: Trick Room|[of] p2a: Farigiraf
|
|upkeep
|
|t:|1782186277
|switch|p2b: Hatterene|Hatterene, L50, F|100/100
|turn|2
|
|t:|1782186295
|move|p2b: Hatterene|Dazzling Gleam|p1b: Staraptor|[spread] p1a,p1b
|-supereffective|p1b: Staraptor|1
|-damage|p1a: Sneasler|1/100
|-damage|p1b: Staraptor|26/100
|-damage|p2b: Hatterene|90/100|[from] item: Life Orb
|move|p2a: Farigiraf|Psychic|p1a: Sneasler
|-supereffective|p1a: Sneasler|2
|-damage|p1a: Sneasler|0 fnt
|faint|p1a: Sneasler
|move|p1b: Staraptor|U-turn|p2a: Farigiraf
|-supereffective|p2a: Farigiraf|1
|-damage|p2a: Farigiraf|47/100
|
|t:|1782186306
|switch|p1b: Incineroar|Incineroar, L50, F|100/100|[from] U-turn
|-ability|p1b: Incineroar|Intimidate|boost
|-unboost|p2a: Farigiraf|atk|1
|-unboost|p2b: Hatterene|atk|1
|
|upkeep
|
|t:|1782186310
|switch|p1a: Staraptor|Staraptor-Mega, L50, M|26/100
|turn|3
|
|t:|1782186334
|switch|p1a: Sinistcha|Sinistcha-Masterpiece, L50|100/100
|move|p2a: Farigiraf|Helping Hand|p2b: Hatterene
|-singleturn|p2b: Hatterene|Helping Hand|[of] p2a: Farigiraf
|move|p2b: Hatterene|Dazzling Gleam|p1b: Incineroar|[spread] p1a,p1b
|-damage|p1a: Sinistcha|16/100
|-damage|p1b: Incineroar|50/100g
|-damage|p2b: Hatterene|80/100|[from] item: Life Orb
|move|p1b: Incineroar|Parting Shot|p2b: Hatterene
|move|p2b: Hatterene|Parting Shot|p1b: Incineroar|[from] ability: Magic Bounce
|-unboost|p1b: Incineroar|atk|1
|-unboost|p1b: Incineroar|spa|1
|-message|matsudafixpls forfeited.
|raw|matsudafixpls's rating: 1042 → 1030(-12 for losing)
|raw|Fell Blue's rating: 1138 → 1156(+18 for winning)
|
|win|Fell Blue
|l|☆matsudafixpls
|player|p1|
