|j|☆dialghite
|j|☆tessa scarlet
|html|dialghitetessa scarlet    
|uhtml|bestof|Game 1 of a best-of-3
|t:|1756735938
|gametype|doubles
|player|p1|dialghite|volkner|1452
|player|p2|tessa scarlet|1|1564
|gen|9
|tier|[Gen 9] VGC 2025 Reg H (Bo3)
|rated|
|rule|Species Clause: Limit one of each Pokémon
|rule|Item Clause: Limit 1 of each item
|clearpoke
|poke|p1|Whimsicott, L50, M|
|poke|p1|Corviknight, L50, M|
|poke|p1|Indeedee, L50, M|
|poke|p1|Sneasler, L50, F|
|poke|p1|Ursaluna-Bloodmoon, L50, M|
|poke|p1|Archaludon, L50, F|
|poke|p2|Gholdengo, L50|
|poke|p2|Annihilape, L50, F|
|poke|p2|Volcarona, L50, M|
|poke|p2|Dragonite, L50, F|
|poke|p2|Ninetales-Alola, L50, F|
|poke|p2|Ursaluna-Bloodmoon, L50, M|
|teampreview|4
|showteam|p1|Whimsicott||CovertCloak|Prankster|Moonblast,Taunt,Tailwind,FakeTears|||M|||50|,,,,,Water]Corviknight||Leftovers|MirrorArmor|BraveBird,BodyPress,Tailwind,BulkUp|||M|||50|,,,,,Dragon]Indeedee||FocusSash|PsychicSurge|ExpandingForce,TeraBlast,Imprison,TrickRoom|||M|||50|,,,,,Psychic]Sneasler||PsychicSeed|Unburden|CloseCombat,DireClaw,ThroatChop,Protect|||F|||50|,,,,,Dark]Ursaluna-Bloodmoon||LifeOrb|MindsEye|HyperVoice,BloodMoon,EarthPower,Protect|||M|||50|,,,,,Normal]Archaludon||PowerHerb|Stalwart|ElectroShot,DragonPulse,Thunderbolt,Protect|||F|||50|,,,,,Electric
|showteam|p2|Gholdengo||LifeOrb|GoodasGold|NastyPlot,MakeItRain,ShadowBall,Protect||||||50|,,,,,Water]Annihilape||SafetyGoggles|Defiant|DrainPunch,RageFist,BulkUp,Protect|||F|||50|,,,,,Fire]Volcarona||SitrusBerry|FlameBody|StruggleBug,Overheat,RagePowder,Tailwind|||M|||50|,,,,,Steel]Dragonite||LoadedDice|Multiscale|ScaleShot,Haze,Tailwind,Protect|||F|||50|,,,,,Steel]Ninetales-Alola||FocusSash|SnowWarning|Blizzard,IcyWind,IcicleSpear,AuroraVeil|||F|||50|,,,,,Ghost]Ursaluna-Bloodmoon||AssaultVest|MindsEye|BloodMoon,HyperVoice,EarthPower,VacuumWave|||M|||50|,,,,,Water
|inactive|Battle timer is ON: inactive players will automatically lose when time's up. (requested by dialghite)
|inactive|tessa scarlet has 60 seconds left.
|
|t:|1756736003
|teamsize|p1|4
|teamsize|p2|4
|start
|switch|p1a: Whimsicott|Whimsicott, L50, M|100/100
|switch|p1b: Ursaluna|Ursaluna-Bloodmoon, L50, M|100/100
|switch|p2a: Volcarona|Volcarona, L50, M|100/100
|switch|p2b: Dragonite|Dragonite, L50, F|100/100
|turn|1
|
|t:|1756736024
|switch|p2a: Gholdengo|Gholdengo, L50|100/100
|move|p1a: Whimsicott|Tailwind|p1a: Whimsicott
|-sidestart|p1: dialghite|move: Tailwind
|move|p1b: Ursaluna|Earth Power|p2a: Gholdengo
|-supereffective|p2a: Gholdengo
|-damage|p2a: Gholdengo|0 fnt
|faint|p2a: Gholdengo
|-damage|p1b: Ursaluna|91/100|[from] item: Life Orb
|move|p2b: Dragonite|Tailwind|p2b: Dragonite
|-sidestart|p2: tessa scarlet|move: Tailwind
|
|upkeep
|
|t:|1756736029
|switch|p2a: Ninetales|Ninetales-Alola, L50, F|100/100
|-weather|Snowscape|[from] ability: Snow Warning|[of] p2a: Ninetales
|turn|2
|
|t:|1756736041
|move|p1b: Ursaluna|Protect|p1b: Ursaluna
|-singleturn|p1b: Ursaluna|Protect
|move|p1a: Whimsicott|Moonblast|p2b: Dragonite
|-supereffective|p2b: Dragonite
|-damage|p2b: Dragonite|71/100
|-unboost|p2b: Dragonite|spa|1
|move|p2a: Ninetales|Blizzard|p1a: Whimsicott|[spread] p1a
|-activate|p1b: Ursaluna|move: Protect
|-supereffective|p1a: Whimsicott
|-damage|p1a: Whimsicott|17/100
|move|p2b: Dragonite|Scale Shot|p1b: Ursaluna
|-activate|p1b: Ursaluna|move: Protect
|
|-weather|Snowscape|[upkeep]
|upkeep
|turn|3
|inactive|dialghite has 30 seconds left.
|
|t:|1756736073
|-terastallize|p1b: Ursaluna|Normal
|move|p1a: Whimsicott|Moonblast|p2a: Ninetales
|-damage|p2a: Ninetales|70/100
|move|p2a: Ninetales|Blizzard|p1a: Whimsicott|[spread] p1a,p1b
|-supereffective|p1a: Whimsicott
|-damage|p1a: Whimsicott|0 fnt
|-damage|p1b: Ursaluna|51/100
|faint|p1a: Whimsicott
|move|p2b: Dragonite|Scale Shot|p1b: Ursaluna|[miss]
|-miss|p2b: Dragonite|p1b: Ursaluna
|move|p1b: Ursaluna|Hyper Voice|p2a: Ninetales|[spread] p2a,p2b
|-damage|p2a: Ninetales|0 fnt
|-damage|p2b: Dragonite|0 fnt
|faint|p2a: Ninetales
|faint|p2b: Dragonite
|-damage|p1b: Ursaluna|42/100|[from] item: Life Orb
|
|-weather|Snowscape|[upkeep]
|upkeep
|-message|tessa scarlet forfeited.
|
|win|dialghite
||tessa scarlet is ready for game 2.
||dialghite is ready for game 2.
|uhtml|next|Next: Game 2 of 3
