|j|☆the regi-me
|j|☆soohzabimaru
|html|the regi-mesoohzabimaru    
|uhtml|bestof|Game 2 of a best-of-3
|t:|1782605018
|gametype|doubles
|player|p1|the regi-me|scientist-gen4|
|player|p2|soohzabimaru|265|
|gen|9
|tier|[Gen 9 Champions] VGC 2026 Reg M-B (Bo3)
|rule|Species Clause: Limit one of each Pokémon
|rule|Item Clause: Limit 1 of each item
|clearpoke
|poke|p1|Staraptor, L50, F|
|poke|p1|Sinistcha, L50|
|poke|p1|Raichu, L50, F|
|poke|p1|Ceruledge, L50, M|
|poke|p1|Ninetales-Alola, L50, F|
|poke|p1|Metagross, L50|
|poke|p2|Froslass, L50, F|
|poke|p2|Scovillain, L50, M|
|poke|p2|Lycanroc-Dusk, L50, M|
|poke|p2|Kingambit, L50, F|
|poke|p2|Sneasler, L50, M|
|poke|p2|Basculegion, L50, M|
|teampreview|4
|showteam|p1|Staraptor||Staraptite|Intimidate|CloseCombat,BraveBird,Roost,Protect|Adamant||F|||50|]Sinistcha||OccaBerry|Hospitality|MatchaGotcha,RagePowder,LifeDew,Protect|Bold|||||50|]Raichu||FocusSash|LightningRod|Thunderbolt,Electroweb,FakeOut,Protect|Timid||F|||50|]Ceruledge||ShucaBerry|FlashFire|SwordsDance,ShadowSneak,BitterBlade,Protect|Adamant||M|||50|]Ninetales-Alola||LightClay|SnowWarning|Blizzard,IcyWind,AuroraVeil,Protect|Timid||F|||50|]Metagross||Metagrossite|ClearBody|BulletPunch,IcePunch,PsychicFangs,Protect|Jolly|||||50|
|showteam|p2|Froslass||Froslassite|CursedBody|Blizzard,ShadowBall,Substitute,Protect|Timid||F|||50|]Scovillain||Scovillainite|Moody|Overheat,GigaDrain,RagePowder,Protect|Bold||M|||50|]Lycanroc-Dusk||FocusSash|ToughClaws|RockSlide,CloseCombat,Accelerock,Protect|Adamant||M|||50|]Kingambit||BlackGlasses|Defiant|KowtowCleave,SuckerPunch,SwordsDance,Protect|Adamant||F|||50|]Sneasler||WhiteHerb|Unburden|CloseCombat,DireClaw,FakeOut,Protect|Adamant||M|||50|]Basculegion||ChoiceScarf|Adaptability|FlipTurn,WaveCrash,AquaJet,LastRespects|Jolly||M|||50|
|inactive|Battle timer is ON: inactive players will automatically lose when time's up. (requested by the regi-me)
|
|t:|1782605044
|teamsize|p1|4
|teamsize|p2|4
|start
|switch|p1a: Raichu|Raichu, L50, F|100/100
|switch|p1b: Ceruledge|Ceruledge, L50, M|100/100
|switch|p2a: Froslass|Froslass, L50, F|100/100
|switch|p2b: Basculegion|Basculegion, L50, M|100/100
|turn|1
|inactive|the regi-me has 30 seconds left.
|inactive|the regi-me has 20 seconds left.
|inactive|the regi-me has 15 seconds left.
|
|t:|1782605088
|detailschange|p2a: Froslass|Froslass-Mega, L50, F
|-mega|p2a: Froslass|Froslass|Froslassite
|-weather|Snowscape|[from] ability: Snow Warning|[of] p2a: Froslass
|move|p1b: Ceruledge|Protect|p1b: Ceruledge
|-singleturn|p1b: Ceruledge|Protect
|move|p2b: Basculegion|Flip Turn|p1a: Raichu
|-damage|p1a: Raichu|31/100
|
|t:|1782605097
|switch|p2b: Kingambit|Kingambit, L50, F|100/100|[from] Flip Turn
|move|p2a: Froslass|Substitute|p2a: Froslass
|-start|p2a: Froslass|Substitute
|-damage|p2a: Froslass|75/100
|move|p1a: Raichu|Electroweb|p2b: Kingambit|[spread] p2a,p2b
|-activate|p2a: Froslass|move: Substitute|[damage]
|-damage|p2b: Kingambit|84/100
|-unboost|p2b: Kingambit|spe|1
|-ability|p2b: Kingambit|Defiant|boost
|-boost|p2b: Kingambit|atk|2
|
|-weather|Snowscape|[upkeep]
|upkeep
|turn|2
|inactive|soohzabimaru has 30 seconds left.
|
|t:|1782605126
|switch|p1a: Metagross|Metagross, L50|100/100
|move|p1b: Ceruledge|Shadow Sneak|p2a: Froslass
|-supereffective|p2a: Froslass|1
|-end|p2a: Froslass|Substitute
|move|p2b: Kingambit|Sucker Punch||[still]
|-fail|p2b: Kingambit
|move|p2a: Froslass|Shadow Ball|p1b: Ceruledge
|-supereffective|p1b: Ceruledge|1
|-damage|p1b: Ceruledge|16/100
|
|-weather|Snowscape|[upkeep]
|upkeep
|turn|3
|inactive|soohzabimaru has 30 seconds left.
|inactive|soohzabimaru has 20 seconds left.
|
|t:|1782605162
|detailschange|p1a: Metagross|Metagross-Mega, L50
|-mega|p1a: Metagross|Metagross|Metagrossite
|move|p1a: Metagross|Bullet Punch|p2a: Froslass
|-supereffective|p2a: Froslass|1
|-damage|p2a: Froslass|10/100
|move|p2a: Froslass|Shadow Ball|p1b: Ceruledge
|-supereffective|p1b: Ceruledge|1
|-damage|p1b: Ceruledge|0 fnt
|faint|p1b: Ceruledge
|move|p2b: Kingambit|Kowtow Cleave|p1a: Metagross
|-supereffective|p1a: Metagross|1
|-damage|p1a: Metagross|0 fnt
|faint|p1a: Metagross
|
|-weather|Snowscape|[upkeep]
|upkeep
|-message|the regi-me forfeited.
|
|win|soohzabimaru
|c|☆the regi-me|gg
|c|☆soohzabimaru|ggs
