|j|☆MinasDevilCrobats
|j|☆Imaginary Iris
|html|MinasDevilCrobatsImaginary Iris    
|uhtml|bestof|Game 1 of a best-of-3
|t:|1757715638
|gametype|doubles
|player|p1|MinasDevilCrobats|darach-caitlin|1157
|player|p2|Imaginary Iris|lady|1168
|gen|9
|tier|[Gen 9] VGC 2025 Reg H (Bo3)
|rated|
|rule|Species Clause: Limit one of each Pokémon
|rule|Item Clause: Limit 1 of each item
|clearpoke
|poke|p1|Indeedee, L50, M|
|poke|p1|Sneasler, L50, M|
|poke|p1|Dondozo, L50, M|
|poke|p1|Tatsugiri, L50, M|
|poke|p1|Talonflame, L50, M|
|poke|p1|Glimmora, L50, M|
|poke|p2|Ninetales-Alola, L50, F|
|poke|p2|Ursaluna-Bloodmoon, L50, M|
|poke|p2|Talonflame, L50, F|
|poke|p2|Gholdengo, L50|
|poke|p2|Amoonguss, L50, M|
|poke|p2|Tauros-Paldea-Aqua, L50, M|
|teampreview|4
|showteam|p1|Indeedee||ChoiceScarf|PsychicSurge|ExpandingForce,DazzlingGleam,Trick,Protect|||M|||50|,,,,,Fairy]Sneasler||PsychicSeed|Unburden|CloseCombat,DireClaw,ThroatChop,Protect|||M|||50|,,,,,Dark]Dondozo||Leftovers|Unaware|WaveCrash,OrderUp,Earthquake,Protect|||M|||50|,,,,,Grass]Tatsugiri||FocusSash|Commander|MuddyWater,DracoMeteor,DragonPulse,Protect|||M|||50|,,,,,Steel]Talonflame||CovertCloak|GaleWings|FlareBlitz,BraveBird,Tailwind,WillOWisp|||M|||50|,,,,,Grass]Glimmora||PowerHerb|ToxicDebris|MeteorBeam,SludgeBomb,EarthPower,SpikyShield|||M|||50|,,,,,Grass
|showteam|p2|Ninetales-Alola||ChoiceSpecs|SnowWarning|Blizzard,AuroraVeil,FreezeDry,Moonblast|||F|||50|,,,,,Ghost]Ursaluna-Bloodmoon||AssaultVest|MindsEye|HyperVoice,BloodMoon,EarthPower,HyperBeam|||M|||50|,,,,,Water]Talonflame||CovertCloak|GaleWings|BraveBird,FlareBlitz,Tailwind,Taunt|||F|||50|,,,,,Ghost]Gholdengo||LifeOrb|GoodasGold|Protect,MakeItRain,NastyPlot,ShadowBall||||||50|,,,,,Steel]Amoonguss||SitrusBerry|Regenerator|PollenPuff,ClearSmog,RagePowder,Spore|||M|||50|,,,,,Water]Tauros-Paldea-Aqua||MirrorHerb|Intimidate|Protect,AquaJet,CloseCombat,RagingBull|||M|||50|,,,,,Grass
|inactive|Battle timer is ON: inactive players will automatically lose when time's up. (requested by MinasDevilCrobats)
|inactive|Imaginary Iris has 60 seconds left.
|inactive|Imaginary Iris has 30 seconds left.
|inactive|Imaginary Iris has 20 seconds left.
|
|t:|1757715733
|teamsize|p1|4
|teamsize|p2|4
|start
|switch|p1a: Indeedee|Indeedee, L50, M|100/100
|switch|p1b: Sneasler|Sneasler, L50, M|100/100
|switch|p2a: Talonflame|Talonflame, L50, F|100/100
|switch|p2b: Ursaluna|Ursaluna-Bloodmoon, L50, M|100/100
|-fieldstart|move: Psychic Terrain|[from] ability: Psychic Surge|[of] p1a: Indeedee
|-enditem|p1b: Sneasler|Psychic Seed
|-boost|p1b: Sneasler|spd|1|[from] item: Psychic Seed
|turn|1
|inactive|Imaginary Iris has 30 seconds left.
|
|t:|1757715761
|-terastallize|p2b: Ursaluna|Water
|move|p1b: Sneasler|Protect|p1b: Sneasler
|-singleturn|p1b: Sneasler|Protect
|move|p2a: Talonflame|Tailwind|p2a: Talonflame
|-sidestart|p2: Imaginary Iris|move: Tailwind
|move|p1a: Indeedee|Expanding Force|p2a: Talonflame|[spread] p2a,p2b
|-damage|p2a: Talonflame|4/100
|-damage|p2b: Ursaluna|64/100
|move|p2b: Ursaluna|Blood Moon|p1a: Indeedee
|-damage|p1a: Indeedee|1/100
|
|upkeep
|turn|2
|
|t:|1757715781
|move|p2a: Talonflame|Brave Bird|p1b: Sneasler
|-supereffective|p1b: Sneasler
|-damage|p1b: Sneasler|0 fnt
|faint|p1b: Sneasler
|-damage|p2a: Talonflame|0 fnt|[from] Recoil
|faint|p2a: Talonflame
|move|p1a: Indeedee|Expanding Force|p2b: Ursaluna
|-damage|p2b: Ursaluna|17/100
|move|p2b: Ursaluna|Hyper Voice|p1a: Indeedee
|-damage|p1a: Indeedee|0 fnt
|faint|p1a: Indeedee
|
|upkeep
|
|t:|1757715794
|switch|p2a: Amoonguss|Amoonguss, L50, M|100/100
|switch|p1b: Tatsugiri|Tatsugiri, L50, M|100/100
|switch|p1a: Dondozo|Dondozo, L50, M|100/100
|-activate|p1b: Tatsugiri|ability: Commander|[of] p1a: Dondozo
|-boost|p1a: Dondozo|atk|2
|-boost|p1a: Dondozo|spa|2
|-boost|p1a: Dondozo|spe|2
|-boost|p1a: Dondozo|def|2
|-boost|p1a: Dondozo|spd|2
|turn|3
|
|t:|1757715807
|switch|p2b: Tauros|Tauros-Paldea-Aqua, L50, M|100/100
|-ability|p2b: Tauros|Intimidate|boost
|-unboost|p1a: Dondozo|atk|1
|-unboost|p1b: Tatsugiri|atk|1
|-terastallize|p1a: Dondozo|Grass
|move|p1a: Dondozo|Earthquake|p2b: Tauros|[spread] p2a,p2b
|-miss|p1a: Dondozo|p1b: Tatsugiri
|-damage|p2a: Amoonguss|76/100
|-damage|p2b: Tauros|65/100
|move|p2a: Amoonguss|Clear Smog|p1a: Dondozo
|-supereffective|p1a: Dondozo
|-damage|p1a: Dondozo|82/100
|-clearboost|p1a: Dondozo
|
|-heal|p1a: Dondozo|88/100|[from] item: Leftovers
|upkeep
|turn|4
|-message|MinasDevilCrobats forfeited.
|
|win|Imaginary Iris
||Imaginary Iris is ready for game 2.
||MinasDevilCrobats is ready for game 2.
|uhtml|next|Next: Game 2 of 3
|l|☆MinasDevilCrobats
|player|p1|
|l|☆Imaginary Iris
|player|p2|
|j|☆MinasDevilCrobats
|player|p1|MinasDevilCrobats|darach-caitlin|
