|j|☆Quill86
|j|☆Cogao vascaino
|html|Quill86Cogao vascaino    
|uhtml|bestof|Game 3 of a best-of-3
|t:|1756782443
|gametype|doubles
|player|p1|Quill86|lucas|1249
|player|p2|Cogao vascaino|dancer|1326
|gen|9
|tier|[Gen 9] VGC 2025 Reg H (Bo3)
|rated|
|rule|Species Clause: Limit one of each Pokémon
|rule|Item Clause: Limit 1 of each item
|clearpoke
|poke|p1|Indeedee-F, L50, F|
|poke|p1|Gallade, L50, M|
|poke|p1|Torkoal, L50, M|
|poke|p1|Ursaluna, L50, M|
|poke|p1|Hatterene, L50, F|
|poke|p1|Smeargle, L50, M|
|poke|p2|Dragonite, L50, M|
|poke|p2|Gholdengo, L50|
|poke|p2|Rillaboom, L50, M|
|poke|p2|Ursaluna-Bloodmoon, L50, M|
|poke|p2|Maushold-Four, L50|
|poke|p2|Annihilape, L50, F|
|teampreview|4
|showteam|p1|Indeedee-F||PsychicSeed|PsychicSurge|FollowMe,TrickRoom,HelpingHand,DazzlingGleam|||F|||50|,,,,,Fairy]Gallade||ClearAmulet|Sharpness|SacredSword,WideGuard,TrickRoom,PsychoCut|||M|||50|,,,,,Grass]Torkoal||ChoiceSpecs|Drought|Eruption,WeatherBall,EarthPower,HeatWave|||M|||50|,,,,,Fire]Ursaluna||FlameOrb|Guts|Protect,HeadlongRush,Facade,Earthquake|||M|||50|,,,,,Ghost]Hatterene||LifeOrb|MagicBounce|DazzlingGleam,ExpandingForce,MysticalFire,TrickRoom|||F|||50|,,,,,Fire]Smeargle||FocusSash|Moody|FakeOut,Spore,Instruct,FollowMe|||M|||50|,,,,,Ghost
|showteam|p2|Dragonite||LoadedDice|Multiscale|Tailwind,Haze,Protect,ScaleShot|||M|||50|,,,,,Fairy]Gholdengo||LifeOrb|GoodasGold|MakeItRain,ShadowBall,NastyPlot,Protect||||||50|,,,,,Water]Rillaboom||MiracleSeed|GrassySurge|WoodHammer,GrassyGlide,FakeOut,HighHorsepower|||M|||50|,,,,,Fire]Ursaluna-Bloodmoon||AssaultVest|MindsEye|BloodMoon,EarthPower,HyperVoice,VacuumWave|||M|||50|,,,,,Water]Maushold-Four||FocusSash|FriendGuard|SuperFang,FollowMe,BeatUp,Protect||||||50|,,,,,Ghost]Annihilape||SitrusBerry|Defiant|DrainPunch,RageFist,BulkUp,Protect|||F|||50|,,,,,Fire
|inactive|Battle timer is ON: inactive players will automatically lose when time's up. (requested by Quill86)
|
|t:|1756782458
|teamsize|p1|4
|teamsize|p2|4
|start
|switch|p1a: Indeedee|Indeedee-F, L50, F|100/100
|switch|p1b: Gallade|Gallade, L50, M|100/100
|switch|p2a: Gholdengo|Gholdengo, L50|100/100
|switch|p2b: Dragonite|Dragonite, L50, M|100/100
|-fieldstart|move: Psychic Terrain|[from] ability: Psychic Surge|[of] p1a: Indeedee
|-enditem|p1a: Indeedee|Psychic Seed
|-boost|p1a: Indeedee|spd|1|[from] item: Psychic Seed
|turn|1
|
|t:|1756782477
|switch|p1b: Hatterene|Hatterene, L50, F|100/100
|move|p2a: Gholdengo|Nasty Plot|p2a: Gholdengo
|-boost|p2a: Gholdengo|spa|2
|move|p2b: Dragonite|Scale Shot|p1b: Hatterene
|-immune|p1b: Hatterene
|move|p1a: Indeedee|Trick Room|p1a: Indeedee
|-fieldstart|move: Trick Room|[of] p1a: Indeedee
|
|upkeep
|turn|2
|inactive|Cogao vascaino has 30 seconds left.
|inactive|Cogao vascaino has 20 seconds left.
|
|t:|1756782515
|switch|p1a: Torkoal|Torkoal, L50, M|100/100
|-weather|SunnyDay|[from] ability: Drought|[of] p1a: Torkoal
|-terastallize|p1b: Hatterene|Fire
|-terastallize|p2a: Gholdengo|Water
|move|p1b: Hatterene|Mystical Fire|p2b: Dragonite
|-resisted|p2b: Dragonite
|-damage|p2b: Dragonite|78/100
|-unboost|p2b: Dragonite|spa|1
|-damage|p1b: Hatterene|91/100|[from] item: Life Orb
|move|p2b: Dragonite|Scale Shot|p1b: Hatterene
|-damage|p1b: Hatterene|75/100
|-damage|p1b: Hatterene|59/100
|-damage|p1b: Hatterene|44/100
|-damage|p1b: Hatterene|28/100
|-hitcount|p1b: Hatterene|4
|-unboost|p2b: Dragonite|def|1
|-boost|p2b: Dragonite|spe|1
|move|p2a: Gholdengo|Make It Rain|p1b: Hatterene|[spread] p1a,p1b
|-resisted|p1a: Torkoal
|-resisted|p1b: Hatterene
|-damage|p1a: Torkoal|26/100
|-damage|p1b: Hatterene|0 fnt
|-unboost|p2a: Gholdengo|spa|1
|faint|p1b: Hatterene
|-damage|p2a: Gholdengo|91/100|[from] item: Life Orb
|
|-weather|SunnyDay|[upkeep]
|upkeep
|
|t:|1756782525
|switch|p1b: Gallade|Gallade, L50, M|100/100
|turn|3
|
|t:|1756782548
|move|p2a: Gholdengo|Protect|p2a: Gholdengo
|-singleturn|p2a: Gholdengo|Protect
|move|p1a: Torkoal|Heat Wave|p2a: Gholdengo|[spread] p2b
|-activate|p2a: Gholdengo|move: Protect
|-resisted|p2b: Dragonite
|-damage|p2b: Dragonite|42/100
|move|p1b: Gallade|Psycho Cut|p2a: Gholdengo
|-activate|p2a: Gholdengo|move: Protect
|move|p2b: Dragonite|Scale Shot|p1b: Gallade
|-damage|p1b: Gallade|80/100
|-damage|p1b: Gallade|58/100
|-crit|p1b: Gallade
|-damage|p1b: Gallade|28/100
|-damage|p1b: Gallade|10/100
|-damage|p1b: Gallade|0 fnt
|faint|p1b: Gallade
|-hitcount|p1: Gallade|5
|-unboost|p2b: Dragonite|def|1
|-boost|p2b: Dragonite|spe|1
|
|-weather|SunnyDay|[upkeep]
|upkeep
|
|t:|1756782551
|switch|p1b: Indeedee|Indeedee-F, L50, F|100/100
|turn|4
|-message|Quill86 forfeited.
|
|win|Cogao vascaino
|raw|Quill86's rating: 1249 → 1229(-20 for losing)
|raw|Cogao vascaino's rating: 1326 → 1342(+16 for winning)
