|j|☆megalohgockex
|j|☆OreburghRanger
|html|megalohgockexOreburghRanger    
|uhtml|bestof|Game 2 of a best-of-3
|t:|1756409062
|gametype|doubles
|player|p1|megalohgockex|170|
|player|p2|OreburghRanger|pokemonranger-gen4|
|gen|9
|tier|[Gen 9] VGC 2025 Reg H (Bo3)
|rule|Species Clause: Limit one of each Pokémon
|rule|Item Clause: Limit 1 of each item
|clearpoke
|poke|p1|Typhlosion-Hisui, L50, F|
|poke|p1|Ursaluna-Bloodmoon, L50, M|
|poke|p1|Farigiraf, L50, F|
|poke|p1|Annihilape, L50, M|
|poke|p1|Rillaboom, L50, M|
|poke|p1|Murkrow, L50, F|
|poke|p2|Charizard, L50, M|
|poke|p2|Torkoal, L50, F|
|poke|p2|Porygon2, L50|
|poke|p2|Incineroar, L50, M|
|poke|p2|Jumpluff, L50, F|
|poke|p2|Ursaluna, L50, M|
|teampreview|4
|showteam|p1|Typhlosion-Hisui||ChoiceSpecs|Blaze|Eruption,HeatWave,Overheat,ShadowBall|||F|||50|,,,,,Fire]Ursaluna-Bloodmoon||LifeOrb|MindsEye|Protect,BloodMoon,EarthPower,HyperVoice|||M|||50|,,,,,Normal]Farigiraf||ThroatSpray|ArmorTail|HyperVoice,ExpandingForce,TrickRoom,HelpingHand|||F|||50|,,,,,Grass]Annihilape||Leftovers|Defiant|FinalGambit,RageFist,Taunt,DrainPunch|||M|||50|,,,,,Fire]Rillaboom||AssaultVest|GrassySurge|FakeOut,Uturn,GrassyGlide,HighHorsepower|||M|||50|,,,,,Fire]Murkrow||Eviolite|Prankster|SunnyDay,Quash,Tailwind,Haze|||F|||50|,,,,,Ghost
|showteam|p2|Charizard||ChoiceSpecs|SolarPower|HeatWave,Overheat,WeatherBall,AirSlash|||M|||50|,,,,,Ghost]Torkoal||EjectPack|Drought|Eruption,Overheat,HelpingHand,Protect|||F|||50|,,,,,Fire]Porygon2||Eviolite|Download|TeraBlast,IceBeam,Recover,TrickRoom||||||50|,,,,,Fighting]Incineroar||SafetyGoggles|Intimidate|FlareBlitz,KnockOff,FakeOut,PartingShot|||M|||50|,,,,,Ghost]Jumpluff||CovertCloak|Chlorophyll|SleepPowder,SunnyDay,RagePowder,Tailwind|||F|||50|,,,,,Water]Ursaluna||FlameOrb|Guts|HeadlongRush,Facade,Earthquake,Protect|||M|||50|,,,,,Ghost
|
|t:|1756409081
|teamsize|p1|4
|teamsize|p2|4
|start
|switch|p1a: Murkrow|Murkrow, L50, F|100/100
|switch|p1b: Annihilape|Annihilape, L50, M|100/100
|switch|p2a: Musashi|Incineroar, L50, M|100/100
|switch|p2b: Ayanami|Porygon2, L50, shiny|100/100
|-ability|p2a: Musashi|Intimidate|boost
|-unboost|p1a: Murkrow|atk|1
|-unboost|p1b: Annihilape|atk|1
|-ability|p1b: Annihilape|Defiant|boost
|-boost|p1b: Annihilape|atk|2
|-ability|p2b: Ayanami|Download|boost
|-boost|p2b: Ayanami|atk|1
|turn|1
|inactive|Battle timer is ON: inactive players will automatically lose when time's up. (requested by OreburghRanger)
|l|☆megalohgockex
|inactive|megalohgockex disconnected and has 300 seconds to reconnect!
|player|p1|
|j|☆megalohgockex
|inactive|megalohgockex reconnected.
|player|p1|megalohgockex|170|
|inactive|OreburghRanger has 60 seconds left.
|inactive|OreburghRanger has 30 seconds left.
|
|t:|1756409181
|move|p1a: Murkrow|Tailwind|p1a: Murkrow
|-sidestart|p1: megalohgockex|move: Tailwind
|move|p1b: Annihilape|Taunt|p2b: Ayanami
|-start|p2b: Ayanami|move: Taunt
|move|p2a: Musashi|Knock Off|p1b: Annihilape
|-damage|p1b: Annihilape|62/100
|-enditem|p1b: Annihilape|Leftovers|[from] move: Knock Off|[of] p2a: Musashi
|move|p2b: Ayanami|Ice Beam|p1b: Annihilape
|-damage|p1b: Annihilape|35/100
|
|upkeep
|turn|2
|inactive|megalohgockex has 30 seconds left.
|
|t:|1756409212
|switch|p1a: Typhlosion|Typhlosion-Hisui, L50, F|100/100
|move|p1b: Annihilape|Drain Punch|p2b: Ayanami
|-supereffective|p2b: Ayanami
|-damage|p2b: Ayanami|34/100
|-heal|p1b: Annihilape|66/100|[from] drain|[of] p2b: Ayanami
|move|p2a: Musashi|Flare Blitz|p1b: Annihilape
|-damage|p1b: Annihilape|21/100
|-damage|p2a: Musashi|85/100|[from] Recoil
|move|p2b: Ayanami|Ice Beam|p1a: Typhlosion
|-resisted|p1a: Typhlosion
|-damage|p1a: Typhlosion|81/100
|
|upkeep
|turn|3
|inactive|OreburghRanger has 30 seconds left.
|
|t:|1756409237
|-terastallize|p1a: Typhlosion|Fire
|move|p1a: Typhlosion|Eruption|p2a: Musashi|[spread] p2a,p2b
|-resisted|p2a: Musashi
|-damage|p2a: Musashi|36/100
|-damage|p2b: Ayanami|0 fnt
|faint|p2b: Ayanami
|move|p1b: Annihilape|Drain Punch|p2a: Musashi
|-supereffective|p2a: Musashi
|-damage|p2a: Musashi|0 fnt
|-heal|p1b: Annihilape|38/100|[from] drain|[of] p2a: Musashi
|faint|p2a: Musashi
|
|upkeep
|
|t:|1756409242
|switch|p2a: Ryo the Stern|Torkoal, L50, F|100/100
|switch|p2b: Koshamain|Ursaluna, L50, M|100/100
|-weather|SunnyDay|[from] ability: Drought|[of] p2a: Ryo the Stern
|turn|4
|
|t:|1756409261
|-terastallize|p2b: Koshamain|Ghost
|move|p2a: Ryo the Stern|Protect|p2a: Ryo the Stern
|-singleturn|p2a: Ryo the Stern|Protect
|move|p1a: Typhlosion|Eruption|p2a: Ryo the Stern|[spread] p2b
|-activate|p2a: Ryo the Stern|move: Protect
|-damage|p2b: Koshamain|0 fnt
|faint|p2b: Koshamain
|move|p1b: Annihilape|Rage Fist|p2a: Ryo the Stern
|-activate|p2a: Ryo the Stern|move: Protect
|
|-weather|SunnyDay|[upkeep]
|-sideend|p1: megalohgockex|move: Tailwind
|upkeep
|turn|5
|-message|OreburghRanger forfeited.
|
|win|megalohgockex
