|j|☆Joe870502
|j|☆Il Mule
|html|Joe870502Il Mule    
|uhtml|bestof|Game 1 of a best-of-3
|t:|1782216207
|gametype|doubles
|player|p1|Joe870502|dawn|1300
|player|p2|Il Mule|salvatore|1458
|gen|9
|tier|[Gen 9 Champions] VGC 2026 Reg M-B (Bo3)
|rated|
|rule|Species Clause: Limit one of each Pokémon
|rule|Item Clause: Limit 1 of each item
|clearpoke
|poke|p1|Sceptile, L50, M|
|poke|p1|Rotom-Heat, L50|
|poke|p1|Aerodactyl, L50, M|
|poke|p1|Kingambit, L50, M|
|poke|p1|Basculegion, L50, M|
|poke|p1|Clefable, L50, F|
|poke|p2|Corviknight, L50, F|
|poke|p2|Tyranitar, L50, M|
|poke|p2|Sneasler, L50, F|
|poke|p2|Incineroar, L50, M|
|poke|p2|Froslass, L50, F|
|poke|p2|Garchomp, L50, M|
|teampreview|4
|showteam|p1|Sceptile||Sceptilite|Overgrow|EnergyBall,DragonPulse,EarthPower,Protect|Timid||M|||50|]Rotom-Heat||ChoiceScarf|Levitate|Overheat,Discharge,VoltSwitch,Trick|Timid|||||50|]Aerodactyl||FocusSash|Unnerve|RockSlide,DualWingbeat,Tailwind,Protect|Jolly||M|||50|]Kingambit||OccaBerry|Defiant|KowtowCleave,SuckerPunch,IronHead,Protect|Adamant||M|||50|]Basculegion||LifeOrb|Adaptability|WaveCrash,AquaJet,LastRespects,Protect|Jolly||M|||50|]Clefable||SitrusBerry|Unaware|Moonblast,LifeDew,FollowMe,Protect|Bold||F|||50|
|showteam|p2|Corviknight||OccaBerry|MirrorArmor|BraveBird,Taunt,Tailwind,Roost|Impish||F|||50|]Tyranitar||Tyranitarite|SandStream|KnockOff,RockSlide,DragonDance,Protect|Adamant||M|||50|]Sneasler||WhiteHerb|Unburden|CloseCombat,DireClaw,Coaching,FakeOut|Jolly||F|||50|]Incineroar||SitrusBerry|Intimidate|FlareBlitz,WillOWisp,PartingShot,FakeOut|Impish||M|||50|]Froslass||Froslassite|SnowCloak|Blizzard,ShadowBall,AuroraVeil,Protect|Modest||F|||50|]Garchomp||LifeOrb|RoughSkin|Earthquake,RockSlide,StompingTantrum,Protect|Jolly||M|||50|
|j| rovesciaporci
|j| 4-4hater
|c| rovesciaporci|vabe se perdi questa ritiro immediato
|
|t:|1782216263
|teamsize|p1|4
|teamsize|p2|4
|start
|switch|p1a: Kingambit|Kingambit, L50, M|100/100
|switch|p1b: Rotom|Rotom-Heat, L50|100/100
|switch|p2a: Sneasler|Sneasler, L50, F|100/100
|switch|p2b: Froslass|Froslass, L50, F|100/100
|turn|1
|
|t:|1782216276
|switch|p1a: Clefable|Clefable, L50, F|100/100
|detailschange|p2b: Froslass|Froslass-Mega, L50, F
|-mega|p2b: Froslass|Froslass|Froslassite
|-weather|Snowscape|[from] ability: Snow Warning|[of] p2b: Froslass
|move|p2a: Sneasler|Fake Out|p1b: Rotom
|-damage|p1b: Rotom|84/100
|cant|p1b: Rotom|flinch
|move|p2b: Froslass|Aurora Veil|p2b: Froslass
|-sidestart|p2: Il Mule|move: Aurora Veil
|
|-weather|Snowscape|[upkeep]
|upkeep
|turn|2
|c|☆Il Mule|quest'analisi di mercato fa schifo
|
|t:|1782216293
|move|p2b: Froslass|Protect|p2b: Froslass
|-singleturn|p2b: Froslass|Protect
|move|p1b: Rotom|Overheat|p2b: Froslass
|-activate|p2b: Froslass|move: Protect
|move|p2a: Sneasler|Dire Claw|p1a: Clefable
|-supereffective|p1a: Clefable|1
|-damage|p1a: Clefable|37/100
|-enditem|p1a: Clefable|Sitrus Berry|[eat]
|-heal|p1a: Clefable|62/100|[from] item: Sitrus Berry
|move|p1a: Clefable|Life Dew|p1a: Clefable|[spread] p1a,p1b
|-heal|p1a: Clefable|87/100
|-heal|p1b: Rotom|100/100
|
|-weather|Snowscape|[upkeep]
|upkeep
|turn|3
|
|t:|1782216319
|switch|p2b: Incineroar|Incineroar, L50, M|100/100
|-ability|p2b: Incineroar|Intimidate|boost
|-unboost|p1a: Clefable|atk|1
|-unboost|p1b: Rotom|atk|1
|move|p1b: Rotom|Overheat|p2b: Incineroar
|-resisted|p2b: Incineroar|1
|-damage|p2b: Incineroar|81/100
|-unboost|p1b: Rotom|spa|2
|move|p2a: Sneasler|Dire Claw|p1a: Clefable
|-supereffective|p1a: Clefable|1
|-damage|p1a: Clefable|30/100
|move|p1a: Clefable|Moonblast|p2b: Incineroar
|-damage|p2b: Incineroar|59/100
|
|-weather|Snowscape|[upkeep]
|upkeep
|turn|4
|-message|Joe870502 forfeited.
|
|win|Il Mule
||Joe870502 is ready for game 2.
|inactive|Il Mule has 30 seconds to confirm battle start!
|inactive|Il Mule has 20 seconds to confirm battle start!
|j| lakaka siuuu
||Il Mule is ready for game 2.
|uhtml|next|Next: Game 2 of 3
|l|☆Joe870502
|player|p1|
|l|☆Il Mule
|player|p2|
|l| lakaka siuuu
|l| 4-4hater
|l| rovesciaporci
|j| estupinanthepuledr
|l| estupinanthepuledr
|j| estupinanthepuledr
|l| estupinanthepuledr
|j| estupinanthepuledr
