|j|☆Mclovingods
|j|☆failandimprove2
|html|Mclovingodsfailandimprove2    
|uhtml|bestof|Game 3 of a best-of-3
|t:|1783456885
|gametype|doubles
|player|p1|Mclovingods|1|1280
|player|p2|failandimprove2|169|1471
|gen|9
|tier|[Gen 9 Champions] VGC 2026 Reg M-B (Bo3)
|rated|
|rule|Species Clause: Limit one of each Pokémon
|rule|Item Clause: Limit 1 of each item
|clearpoke
|poke|p1|Delphox, L50, M|
|poke|p1|Sinistcha, L50|
|poke|p1|Incineroar, L50, F|
|poke|p1|Sneasler, L50, M|
|poke|p1|Garchomp, L50, F|
|poke|p1|Blastoise, L50, M|
|poke|p2|Charizard, L50, M|
|poke|p2|Floette-Eternal, L50, F|
|poke|p2|Whimsicott, L50, F|
|poke|p2|Basculegion, L50, M|
|poke|p2|Kingambit, L50, F|
|poke|p2|Garchomp, L50, M|
|teampreview|4
|showteam|p1|Delphox||Delphoxite|Blaze|NastyPlot,HeatWave,Psychic,Protect|Timid||M|||50|]Sinistcha||CobaBerry|Hospitality|MatchaGotcha,RagePowder,LifeDew,TrickRoom|Calm|||||50|]Incineroar||SitrusBerry|Intimidate|FakeOut,PartingShot,FlareBlitz,DarkestLariat|Adamant||F|||50|]Sneasler||WhiteHerb|Unburden|FakeOut,CloseCombat,DireClaw,Protect|Jolly||M|||50|]Garchomp||LifeOrb|RoughSkin|Earthquake,DragonClaw,RockSlide,Protect|Jolly||F|||50|]Blastoise||Blastoisinite|RainDish|WaterSpout,AuraSphere,DarkPulse,ShellSmash|Modest||M|||50|
|showteam|p2|Charizard||CharizarditeY|Blaze|HeatWave,WeatherBall,SolarBeam,Protect|Modest||M|||50|]Floette-Eternal||Floettite|FlowerVeil|Moonblast,DazzlingGleam,LightofRuin,Protect|Timid||F|||50|]Whimsicott||FocusSash|Prankster|Moonblast,Tailwind,Encore,Protect|Timid||F|||50|]Basculegion||MysticWater|Adaptability|WaveCrash,LastRespects,AquaJet,Protect|Adamant||M|||50|]Kingambit||ChopleBerry|Defiant|KowtowCleave,SuckerPunch,IronHead,LowKick|Adamant||F|||50|]Garchomp||LifeOrb|RoughSkin|Earthquake,RockSlide,DragonClaw,Protect|Jolly||M|||50|
|inactive|Battle timer is ON: inactive players will automatically lose when time's up. (requested by Mclovingods)
|inactive|failandimprove2 also wants the timer to be on.
|inactive|failandimprove2 has 60 seconds left.
|
|t:|1783456941
|teamsize|p1|4
|teamsize|p2|4
|start
|switch|p1a: Delphox|Delphox, L50, M|100/100
|switch|p1b: Sneasler|Sneasler, L50, M|100/100
|switch|p2a: Floette|Floette-Eternal, L50, F|100/100
|switch|p2b: Basculegion|Basculegion, L50, M|100/100
|turn|1
|
|t:|1783456959
|detailschange|p1a: Delphox|Delphox-Mega, L50, M
|-mega|p1a: Delphox|Delphox|Delphoxite
|move|p1a: Delphox|Protect|p1a: Delphox
|-singleturn|p1a: Delphox|Protect
|move|p2a: Floette|Protect|p2a: Floette
|-singleturn|p2a: Floette|Protect
|move|p1b: Sneasler|Fake Out|p2a: Floette
|-activate|p2a: Floette|move: Protect
|move|p2b: Basculegion|Wave Crash|p1b: Sneasler
|-damage|p1b: Sneasler|0 fnt
|faint|p1b: Sneasler
|-damage|p2b: Basculegion|74/100|[from] Recoil
|
|upkeep
|
|t:|1783456965
|switch|p1b: Incineroar|Incineroar, L50, F|100/100
|-ability|p1b: Incineroar|Intimidate|boost
|-unboost|p2a: Floette|atk|1
|-unboost|p2b: Basculegion|atk|1
|turn|2
|inactive|failandimprove2 has 30 seconds left.
|
|t:|1783456991
|switch|p1a: Sinistcha|Sinistcha, L50|100/100
|detailschange|p2a: Floette|Floette-Mega, L50, F
|-mega|p2a: Floette|Floette|Floettite
|-ability|p2a: Floette|Fairy Aura
|move|p2a: Floette|Light of Ruin|p1b: Incineroar
|-damage|p1b: Incineroar|0 fnt
|faint|p1b: Incineroar
|-damage|p2a: Floette|33/100|[from] Recoil
|move|p2b: Basculegion|Wave Crash|p1a: Sinistcha
|-resisted|p1a: Sinistcha|1
|-damage|p1a: Sinistcha|70/100
|-damage|p2b: Basculegion|66/100|[from] Recoil
|
|upkeep
|
|t:|1783457002
|switch|p1b: Delphox|Delphox-Mega, L50, M|100/100
|turn|3
|
|t:|1783457025
|switch|p2b: Whimsicott|Whimsicott, L50, F|100/100
|move|p2a: Floette|Protect|p2a: Floette
|-singleturn|p2a: Floette|Protect
|move|p1b: Delphox|Psychic|p2b: Whimsicott
|-damage|p2b: Whimsicott|16/100
|move|p1a: Sinistcha|Matcha Gotcha|p2b: Whimsicott|[spread] p2b
|-activate|p2a: Floette|move: Protect
|-resisted|p2b: Whimsicott|1
|-damage|p2b: Whimsicott|0 fnt
|-heal|p1a: Sinistcha|76/100|[from] drain|[of] p2b: Whimsicott
|faint|p2b: Whimsicott
|
|upkeep
|
|t:|1783457034
|switch|p2b: Basculegion|Basculegion, L50, M|66/100
|turn|4
|
|t:|1783457040
|move|p1b: Delphox|Psychic|p2b: Basculegion
|-damage|p2b: Basculegion|10/100
|move|p2a: Floette|Moonblast|p1b: Delphox
|-resisted|p1b: Delphox|1
|-damage|p1b: Delphox|61/100
|move|p2b: Basculegion|Last Respects|p1a: Sinistcha
|-supereffective|p1a: Sinistcha|1
|-damage|p1a: Sinistcha|0 fnt
|faint|p1a: Sinistcha
|
|upkeep
|turn|5
|
|t:|1783457049
|move|p2b: Basculegion|Aqua Jet|p1b: Delphox
|-supereffective|p1b: Delphox|1
|-damage|p1b: Delphox|0 fnt
|faint|p1b: Delphox
|
|win|failandimprove2
|raw|Mclovingods's rating: 1280 → 1268(-12 for losing)
|raw|failandimprove2's rating: 1471 → 1481(+10 for winning)
