|j|☆vilan333
|j|☆miggy009
|html|vilan333miggy009    
|uhtml|bestof|Game 1 of a best-of-3
|t:|1782365941
|gametype|doubles
|player|p1|vilan333|marshal|1121
|player|p2|miggy009|swimmer-gen4dp|1000
|gen|9
|tier|[Gen 9 Champions] VGC 2026 Reg M-B (Bo3)
|rated|
|rule|Species Clause: Limit one of each Pokémon
|rule|Item Clause: Limit 1 of each item
|clearpoke
|poke|p1|Farigiraf, L50, M|
|poke|p1|Torkoal, L50, F|
|poke|p1|Pyroar, L50, F|
|poke|p1|Basculegion, L50, M|
|poke|p1|Floette-Eternal, L50, F|
|poke|p1|Whimsicott, L50, F|
|poke|p2|Eelektross, L50, F|
|poke|p2|Garchomp, L50, M|
|poke|p2|Sinistcha, L50|
|poke|p2|Pelipper, L50, F|
|poke|p2|Heracross, L50, F|
|poke|p2|Hawlucha, L50, F|
|teampreview|4
|showteam|p1|Farigiraf||ColburBerry|ArmorTail|Psychic,TrickRoom,Thunderbolt,HelpingHand|Quiet||M|||50|]Torkoal||Charcoal|Drought|Eruption,HeatWave,EarthPower,Protect|Quiet||F|||50|]Pyroar||Pyroarite|Unnerve|HeatWave,Overheat,Protect,SolarBeam|Timid||F|||50|]Basculegion||LifeOrb|Adaptability|AquaJet,Liquidation,Protect,LastRespects|Adamant||M|||50|]Floette-Eternal||Floettite|FlowerVeil|DazzlingGleam,Moonblast,Protect,LightofRuin|Modest||F|||50|]Whimsicott||FocusSash|Prankster|Tailwind,SunnyDay,Moonblast,Encore|Serious||F|||50|
|showteam|p2|Eelektross||Eelektrossite|Levitate|Discharge,GigaDrain,Protect,DragonPulse|Modest||F|||50|]Garchomp||ChoiceScarf|RoughSkin|RockSlide,Earthquake,DragonClaw,IronHead|Adamant||M|||50|]Sinistcha||Leftovers|Hospitality|MatchaGotcha,LifeDew,Protect,RagePowder|Bold|||||50|]Pelipper||LifeOrb|Drizzle|Tailwind,WeatherBall,WideGuard,Protect|Bold||F|||50|]Heracross||Heracronite|Moxie|PinMissile,BulletSeed,RockBlast,Protect|Jolly||F|||50|]Hawlucha||WhiteHerb|Unburden|Acrobatics,Coaching,CloseCombat,Protect|Jolly||F|||50|
|
|t:|1782365989
|teamsize|p1|4
|teamsize|p2|4
|start
|switch|p1a: Whimsicott|Whimsicott, L50, F|100/100
|switch|p1b: Floette|Floette-Eternal, L50, F|100/100
|switch|p2a: Heracross|Heracross, L50, F|100/100
|switch|p2b: Hawlucha|Hawlucha, L50, F|100/100
|turn|1
|inactive|Battle timer is ON: inactive players will automatically lose when time's up. (requested by vilan333)
|
|t:|1782366012
|detailschange|p1b: Floette|Floette-Mega, L50, F
|-mega|p1b: Floette|Floette|Floettite
|-ability|p1b: Floette|Fairy Aura
|detailschange|p2a: Heracross|Heracross-Mega, L50, F
|-mega|p2a: Heracross|Heracross|Heracronite
|move|p1a: Whimsicott|Moonblast|p2a: Heracross
|-supereffective|p2a: Heracross|1
|-damage|p2a: Heracross|12/100
|move|p2b: Hawlucha|Coaching|p2a: Heracross
|-boost|p2a: Heracross|atk|1
|-boost|p2a: Heracross|def|1
|move|p1b: Floette|Dazzling Gleam|p2a: Heracross|[spread] p2a,p2b
|-supereffective|p2a: Heracross|1
|-supereffective|p2b: Hawlucha|1
|-damage|p2a: Heracross|0 fnt
|-damage|p2b: Hawlucha|0 fnt
|faint|p2a: Heracross
|faint|p2b: Hawlucha
|
|upkeep
|-message|miggy009 forfeited.
|raw|vilan333's rating: 1121 → 1138(+17 for winning)
|raw|miggy009's rating: 1000 → 1000(+0 for losing)
|
|win|vilan333
