|j|☆wowiekazowee
|j|☆PerishingSongVGC
|html|wowiekazoweePerishingSongVGC    
|uhtml|bestof|Game 1 of a best-of-3
|t:|1757188681
|gametype|doubles
|player|p1|wowiekazowee|idol|1128
|player|p2|PerishingSongVGC|102|1039
|gen|9
|tier|[Gen 9] VGC 2025 Reg H (Bo3)
|rated|
|rule|Species Clause: Limit one of each Pokémon
|rule|Item Clause: Limit 1 of each item
|clearpoke
|poke|p1|Incineroar, L50, F|
|poke|p1|Rillaboom, L50, M|
|poke|p1|Sneasler, L50, F|
|poke|p1|Gholdengo, L50|
|poke|p1|Ninetales-Alola, L50, F|
|poke|p1|Electabuzz, L50, F|
|poke|p2|Gothitelle, L50, M|
|poke|p2|Politoed, L50, F|
|poke|p2|Rillaboom, L50, M|
|poke|p2|Incineroar, L50, M|
|poke|p2|Flamigo, L50, M|
|poke|p2|Archaludon, L50, F|
|teampreview|4
|showteam|p1|Incineroar||SafetyGoggles|Intimidate|FakeOut,FlareBlitz,KnockOff,PartingShot|||F|||50|,,,,,Water]Rillaboom||AssaultVest|GrassySurge|WoodHammer,GrassyGlide,FakeOut,Uturn|||M|||50|,,,,,Fire]Sneasler||GrassySeed|Unburden|CloseCombat,DireClaw,FakeOut,Protect|||F|||50|,,,,,Dark]Gholdengo||LifeOrb|GoodasGold|MakeItRain,ShadowBall,NastyPlot,Protect||||||50|,,,,,Dragon]Ninetales-Alola||LightClay|SnowWarning|Moonblast,AuroraVeil,Blizzard,Protect|||F|||50|,,,,,Fire]Electabuzz||Eviolite|Static|Electroweb,VoltSwitch,FollowMe,Protect|||F|||50|,,,,,Grass
|showteam|p2|Gothitelle||SitrusBerry|ShadowTag|Psychic,Hypnosis,FakeOut,Protect|||M|||50|,,,,,Dragon]Politoed||MentalHerb|Drizzle|MuddyWater,Haze,PerishSong,Protect|||F|||50|,,,,,Grass]Rillaboom||CovertCloak|GrassySurge|WoodHammer,GrassyGlide,Uturn,FakeOut|||M|||50|,,,,,Fire]Incineroar||SafetyGoggles|Intimidate|FakeOut,PartingShot,KnockOff,FlareBlitz|||M|||50|,,,,,Ghost]Flamigo||LifeOrb|Scrappy|CloseCombat,BraveBird,ThroatChop,Protect|||M|||50|,,,,,Steel]Archaludon||AssaultVest|Stamina|ElectroShot,DracoMeteor,BodyPress,FlashCannon|||F|||50|,,,,,Electric
|
|t:|1757188703
|teamsize|p1|4
|teamsize|p2|4
|start
|switch|p1a: Bornanors|Rillaboom, L50, M|100/100
|switch|p1b: Ashleigh|Sneasler, L50, F|100/100
|switch|p2a: Gothitelle|Gothitelle, L50, M|100/100
|switch|p2b: Politoed|Politoed, L50, F|100/100
|-fieldstart|move: Grassy Terrain|[from] ability: Grassy Surge|[of] p1a: Bornanors
|-enditem|p1b: Ashleigh|Grassy Seed
|-boost|p1b: Ashleigh|def|1|[from] item: Grassy Seed
|-weather|RainDance|[from] ability: Drizzle|[of] p2b: Politoed
|turn|1
|
|t:|1757188727
|-terastallize|p1b: Ashleigh|Dark
|move|p2b: Politoed|Protect|p2b: Politoed
|-singleturn|p2b: Politoed|Protect
|move|p1b: Ashleigh|Dire Claw|p2a: Gothitelle
|-crit|p2a: Gothitelle
|-damage|p2a: Gothitelle|43/100
|-status|p2a: Gothitelle|psn
|-enditem|p2a: Gothitelle|Sitrus Berry|[eat]
|-heal|p2a: Gothitelle|68/100 psn|[from] item: Sitrus Berry
|move|p1a: Bornanors|Wood Hammer|p2b: Politoed
|-activate|p2b: Politoed|move: Protect
|move|p2a: Gothitelle|Psychic|p1b: Ashleigh
|-immune|p1b: Ashleigh
|
|-weather|RainDance|[upkeep]
|-heal|p2a: Gothitelle|74/100 psn|[from] Grassy Terrain
|-damage|p2a: Gothitelle|61/100 psn|[from] psn
|upkeep
|turn|2
|
|t:|1757188748
|move|p1b: Ashleigh|Dire Claw|p2a: Gothitelle
|-damage|p2a: Gothitelle|25/100 psn
|move|p1a: Bornanors|Wood Hammer|p2b: Politoed
|-supereffective|p2b: Politoed
|-damage|p2b: Politoed|0 fnt
|faint|p2b: Politoed
|-damage|p1a: Bornanors|73/100|[from] Recoil
|move|p2a: Gothitelle|Psychic|p1a: Bornanors
|-damage|p1a: Bornanors|53/100
|
|-weather|RainDance|[upkeep]
|-heal|p1a: Bornanors|58/100|[from] Grassy Terrain
|-heal|p2a: Gothitelle|31/100 psn|[from] Grassy Terrain
|-damage|p2a: Gothitelle|18/100 psn|[from] psn
|upkeep
|
|t:|1757188752
|switch|p2b: Flamigo|Flamigo, L50, M|100/100
|turn|3
|
|t:|1757188765
|move|p1b: Ashleigh|Dire Claw|p2b: Flamigo
|-damage|p2b: Flamigo|37/100
|-status|p2b: Flamigo|slp
|cant|p2b: Flamigo|slp
|move|p1a: Bornanors|U-turn|p2a: Gothitelle
|-supereffective|p2a: Gothitelle
|-damage|p2a: Gothitelle|0 fnt
|faint|p2a: Gothitelle
|-message|PerishingSongVGC forfeited.
|
|win|wowiekazowee
|l|☆PerishingSongVGC
|player|p2|
|raw|wowiekazowee's rating: 1128 → 1147(+19 for winning)
|raw|PerishingSongVGC's rating: 1039 → 1027(-12 for losing)
