|j|☆raucho
|j|☆the bugcather
|html|rauchothe bugcather    
|uhtml|bestof|Game 1 of a best-of-3
|t:|1756182427
|gametype|doubles
|player|p1|raucho|n|1097
|player|p2|the bugcather|bugcatcher-gen4dp|1211
|gen|9
|tier|[Gen 9] VGC 2025 Reg H (Bo3)
|rated|
|rule|Species Clause: Limit one of each Pokémon
|rule|Item Clause: Limit 1 of each item
|clearpoke
|poke|p1|Gholdengo, L50|
|poke|p1|Dragonite, L50, F|
|poke|p1|Indeedee, L50, M|
|poke|p1|Sneasler, L50, F|
|poke|p1|Electabuzz, L50, M|
|poke|p1|Ursaluna-Bloodmoon, L50, M|
|poke|p2|Archaludon, L50, M|
|poke|p2|Pelipper, L50, M|
|poke|p2|Basculegion, L50, M|
|poke|p2|Maushold, L50|
|poke|p2|Annihilape, L50, F|
|poke|p2|Sinistcha-Masterpiece, L50|
|teampreview|4
|showteam|p1|Gholdengo||ChoiceScarf|GoodasGold|MakeItRain,ShadowBall,Trick,Thunderbolt||||||50|,,,,,Steel]Dragonite||LoadedDice|Multiscale|ScaleShot,StompingTantrum,Haze,Tailwind|||F|||50|,,,,,Fairy]Indeedee||FocusSash|PsychicSurge|ExpandingForce,Imprison,TrickRoom,Protect|||M|||50|,,,,,Psychic]Sneasler||PsychicSeed|Unburden|DireClaw,CloseCombat,ThroatChop,Protect|||F|||50|,,,,,Dark]Electabuzz||Eviolite|VitalSpirit|Electroweb,HelpingHand,FollowMe,Protect|||M|||50|,,,,,Dragon]Ursaluna-Bloodmoon||LifeOrb|MindsEye|HyperVoice,BloodMoon,EarthPower,Protect|||M|||50|,,,,,Normal
|showteam|p2|Archaludon||AssaultVest|Stamina|Snarl,ElectroShot,DracoMeteor,BodyPress|||M|||50|,,,,,Bug]Pelipper||FocusSash|Drizzle|MuddyWater,Hurricane,Tailwind,Protect|||M|||50|,,,,,Stellar]Basculegion||ChoiceBand|SwiftSwim|WaveCrash,LastRespects,AquaJet,FlipTurn|||M|||50|,,,,,Fairy]Maushold||SafetyGoggles|FriendGuard|BeatUp,Taunt,FollowMe,Protect||||||50|,,,,,Ghost]Annihilape||Leftovers|Defiant|DrainPunch,RageFist,BulkUp,Protect|||F|||50|,,,,,Water]Sinistcha-Masterpiece||SitrusBerry|Hospitality|MatchaGotcha,LifeDew,RagePowder,TrickRoom||||||50|,,,,,Water
|inactive|Battle timer is ON: inactive players will automatically lose when time's up. (requested by the bugcather)
|inactive|raucho also wants the timer to be on.
|inactive|raucho has 60 seconds left.
|
|t:|1756182479
|teamsize|p1|4
|teamsize|p2|4
|start
|switch|p1a: Dragonite|Dragonite, L50, F, shiny|100/100
|switch|p1b: Electabuzz|Electabuzz, L50, M, shiny|100/100
|switch|p2a: Pelipper|Pelipper, L50, M|100/100
|switch|p2b: Basculegion|Basculegion, L50, M|100/100
|-weather|RainDance|[from] ability: Drizzle|[of] p2a: Pelipper
|turn|1
|
|t:|1756182497
|move|p2b: Basculegion|Wave Crash|p1b: Electabuzz
|-damage|p1b: Electabuzz|0 fnt
|faint|p1b: Electabuzz
|-damage|p2b: Basculegion|73/100|[from] Recoil
|move|p1a: Dragonite|Tailwind|p1a: Dragonite
|-sidestart|p1: raucho|move: Tailwind
|move|p2a: Pelipper|Tailwind|p2a: Pelipper
|-sidestart|p2: the bugcather|move: Tailwind
|
|-weather|RainDance|[upkeep]
|upkeep
|
|t:|1756182512
|switch|p1b: Indeedee|Indeedee, L50, M, shiny|100/100
|-fieldstart|move: Psychic Terrain|[from] ability: Psychic Surge|[of] p1b: Indeedee
|turn|2
|
|t:|1756182527
|move|p2b: Basculegion|Wave Crash|p1a: Dragonite
|-resisted|p1a: Dragonite
|-damage|p1a: Dragonite|63/100
|-damage|p2b: Basculegion|63/100|[from] Recoil
|move|p1b: Indeedee|Expanding Force|p2b: Basculegion|[spread] p2a,p2b
|-damage|p2a: Pelipper|8/100
|-damage|p2b: Basculegion|0 fnt
|faint|p2b: Basculegion
|move|p1a: Dragonite|Scale Shot|p2a: Pelipper
|-damage|p2a: Pelipper|0 fnt
|faint|p2a: Pelipper
|-hitcount|p2: Pelipper|1
|-unboost|p1a: Dragonite|def|1
|-boost|p1a: Dragonite|spe|1
|
|-weather|RainDance|[upkeep]
|upkeep
|
|t:|1756182536
|switch|p2b: Sinistcha|Sinistcha-Masterpiece, L50|100/100
|switch|p2a: Archaludon|Archaludon, L50, M|100/100
|turn|3
|
|t:|1756182552
|move|p1a: Dragonite|Scale Shot|p2b: Sinistcha
|-damage|p2b: Sinistcha|85/100
|-damage|p2b: Sinistcha|70/100
|-damage|p2b: Sinistcha|57/100
|-damage|p2b: Sinistcha|43/100
|-enditem|p2b: Sinistcha|Sitrus Berry|[eat]
|-heal|p2b: Sinistcha|68/100|[from] item: Sitrus Berry
|-damage|p2b: Sinistcha|54/100
|-hitcount|p2b: Sinistcha|5
|-unboost|p1a: Dragonite|def|1
|-boost|p1a: Dragonite|spe|1
|move|p1b: Indeedee|Expanding Force|p2b: Sinistcha|[spread] p2a,p2b
|-resisted|p2a: Archaludon
|-damage|p2a: Archaludon|81/100
|-damage|p2b: Sinistcha|4/100
|-ability|p2a: Archaludon|Stamina|boost
|-boost|p2a: Archaludon|def|1
|move|p2a: Archaludon|Electro Shot||[still]
|-prepare|p2a: Archaludon|Electro Shot
|-boost|p2a: Archaludon|spa|1
|-anim|p2a: Archaludon|Electro Shot|p1a: Dragonite
|-damage|p1a: Dragonite|0 fnt
|faint|p1a: Dragonite
|move|p2b: Sinistcha|Trick Room|p2b: Sinistcha
|-fieldstart|move: Trick Room|[of] p2b: Sinistcha
|
|-weather|RainDance|[upkeep]
|upkeep
|
|t:|1756182573
|switch|p1a: Ursaluna|Ursaluna-Bloodmoon, L50, M|100/100
|turn|4
|
|t:|1756182598
|-terastallize|p1a: Ursaluna|Normal
|move|p2b: Sinistcha|Matcha Gotcha|p1a: Ursaluna|[spread] p1a,p1b
|-damage|p1a: Ursaluna|69/100
|-heal|p2b: Sinistcha|22/100|[from] drain|[of] p1a: Ursaluna
|-damage|p1b: Indeedee|67/100
|-heal|p2b: Sinistcha|35/100|[from] drain|[of] p1b: Indeedee
|move|p1a: Ursaluna|Earth Power|p2a: Archaludon
|-supereffective|p2a: Archaludon
|-damage|p2a: Archaludon|0 fnt
|faint|p2a: Archaludon
|-damage|p1a: Ursaluna|59/100|[from] item: Life Orb
|move|p1b: Indeedee|Expanding Force|p2b: Sinistcha
|-damage|p2b: Sinistcha|0 fnt
|faint|p2b: Sinistcha
|
|win|raucho
|inactive|raucho has 30 seconds to confirm battle start!
|inactive|the bugcather has 30 seconds to confirm battle start!
||the bugcather is ready for game 2.
