|j|☆wideguard_user
|j|☆KodeBeast0526
|html|wideguard_userKodeBeast0526    
|uhtml|bestof|Game 1 of a best-of-3
|t:|1756951396
|gametype|doubles
|player|p1|wideguard_user|265|
|player|p2|KodeBeast0526|sailor|
|gen|9
|tier|[Gen 9] VGC 2025 Reg H (Bo3)
|rule|Species Clause: Limit one of each Pokémon
|rule|Item Clause: Limit 1 of each item
|clearpoke
|poke|p1|Pelipper, L50, M|
|poke|p1|Basculegion, L50, M|
|poke|p1|Archaludon, L50, M|
|poke|p1|Amoonguss, L50, M|
|poke|p1|Incineroar, L50, M|
|poke|p1|Gholdengo, L50|
|poke|p2|Excadrill, L50, F|
|poke|p2|Tyranitar, L50, F|
|poke|p2|Sneasler, L50, M|
|poke|p2|Indeedee, L50, M|
|poke|p2|Corviknight, L50, M|
|poke|p2|Annihilape, L50, M|
|teampreview|4
|showteam|p1|Pelipper||FocusSash|Drizzle|Hurricane,MuddyWater,Tailwind,Protect|||M|||50|,,,,,Stellar]Basculegion||ChoiceBand|SwiftSwim|WaveCrash,FlipTurn,AquaJet,LastRespects|||M|||50|,,,,,Grass]Archaludon||AssaultVest|Stamina|ElectroShot,Snarl,DragonPulse,BodyPress|||M|||50|,,,,,Grass]Amoonguss||SitrusBerry|Regenerator|Spore,RagePowder,PollenPuff,Protect|||M|||50|,,,,,Fairy]Incineroar||SafetyGoggles|Intimidate|FakeOut,FlareBlitz,KnockOff,PartingShot|||M|||50|,,,,,Ghost]Gholdengo||LifeOrb|GoodasGold|MakeItRain,ShadowBall,NastyPlot,Protect||||||50|,,,,,Water
|showteam|p2|Excadrill||FocusSash|SandRush|IronHead,HighHorsepower,Earthquake,Protect|||F|||50|,,,,,Stellar]Tyranitar||AssaultVest|SandStream|RockSlide,KnockOff,TeraBlast,LowKick|||F|||50|,,,,,Flying]Sneasler||PsychicSeed|Unburden|DireClaw,CloseCombat,ThroatChop,Protect|||M|||50|,,,,,Dark]Indeedee||ChoiceScarf|PsychicSurge|ExpandingForce,TeraBlast,Protect,Trick|||M|||50|,,,,,Psychic]Corviknight||Leftovers|MirrorArmor|BraveBird,BulkUp,Roost,Tailwind|||M|||50|,,,,,Dragon]Annihilape||SafetyGoggles|Defiant|CloseCombat,FinalGambit,RageFist,Taunt|||M|||50|,,,,,Water
|inactive|Battle timer is ON: inactive players will automatically lose when time's up. (requested by wideguard_user)
|inactive|KodeBeast0526 has 60 seconds left.
|inactive|KodeBeast0526 has 30 seconds left.
|
|t:|1756951514
|teamsize|p1|4
|teamsize|p2|4
|start
|switch|p1a: Basculegion|Basculegion, L50, M|100/100
|switch|p1b: Incineroar|Incineroar, L50, M, shiny|100/100
|switch|p2a: Indeedee|Indeedee, L50, M, shiny|100/100
|switch|p2b: Sneasler|Sneasler, L50, M, shiny|100/100
|-fieldstart|move: Psychic Terrain|[from] ability: Psychic Surge|[of] p2a: Indeedee
|-enditem|p2b: Sneasler|Psychic Seed
|-boost|p2b: Sneasler|spd|1|[from] item: Psychic Seed
|-ability|p1b: Incineroar|Intimidate|boost
|-unboost|p2a: Indeedee|atk|1
|-unboost|p2b: Sneasler|atk|1
|turn|1
|
|t:|1756951538
|switch|p1b: Pelipper|Pelipper, L50, M, shiny|100/100
|-weather|RainDance|[from] ability: Drizzle|[of] p1b: Pelipper
|move|p2b: Sneasler|Close Combat|p1b: Pelipper
|-resisted|p1b: Pelipper
|-damage|p1b: Pelipper|73/100
|-unboost|p2b: Sneasler|def|1
|-unboost|p2b: Sneasler|spd|1
|move|p1a: Basculegion|Wave Crash|p2a: Indeedee
|-damage|p2a: Indeedee|0 fnt
|faint|p2a: Indeedee
|-damage|p1a: Basculegion|77/100|[from] Recoil
|
|-weather|RainDance|[upkeep]
|upkeep
|
|t:|1756951552
|switch|p2a: Corviknight|Corviknight, L50, M|100/100
|turn|2
|inactive|wideguard_user has 30 seconds left.
|inactive|wideguard_user has 20 seconds left.
|
|t:|1756951592
|-terastallize|p2b: Sneasler|Dark
|move|p2b: Sneasler|Throat Chop|p1a: Basculegion
|-supereffective|p1a: Basculegion
|-damage|p1a: Basculegion|0 fnt
|faint|p1a: Basculegion
|move|p1b: Pelipper|Muddy Water|p2b: Sneasler|[spread] p2a,p2b
|-damage|p2a: Corviknight|63/100
|-damage|p2b: Sneasler|37/100
|-ability|p2a: Corviknight|Mirror Armor
|-unboost|p1b: Pelipper|accuracy|1
|move|p2a: Corviknight|Tailwind|p2a: Corviknight
|-sidestart|p2: KodeBeast0526|move: Tailwind
|
|-weather|RainDance|[upkeep]
|-heal|p2a: Corviknight|69/100|[from] item: Leftovers
|upkeep
|
|t:|1756951603
|switch|p1a: Archaludon|Archaludon, L50, M|100/100
|turn|3
|
|t:|1756951635
|switch|p1b: Incineroar|Incineroar, L50, M, shiny|100/100
|-ability|p1b: Incineroar|Intimidate|boost
|-ability|p2a: Corviknight|Mirror Armor
|-unboost|p1b: Incineroar|atk|1
|-unboost|p2b: Sneasler|atk|1
|move|p2b: Sneasler|Close Combat|p1b: Incineroar
|-supereffective|p1b: Incineroar
|-damage|p1b: Incineroar|29/100
|-unboost|p2b: Sneasler|def|1
|-unboost|p2b: Sneasler|spd|1
|move|p2a: Corviknight|Brave Bird|p1b: Incineroar
|-damage|p1b: Incineroar|0 fnt
|faint|p1b: Incineroar
|-damage|p2a: Corviknight|60/100|[from] Recoil
|move|p1a: Archaludon|Dragon Pulse|p2b: Sneasler
|-damage|p2b: Sneasler|0 fnt
|faint|p2b: Sneasler
|
|-weather|RainDance|[upkeep]
|-heal|p2a: Corviknight|66/100|[from] item: Leftovers
|upkeep
|
|t:|1756951647
|switch|p2b: Annihilape|Annihilape, L50, M|100/100
|switch|p1b: Pelipper|Pelipper, L50, M, shiny|73/100
|turn|4
|inactive|wideguard_user has 30 seconds left.
|
|t:|1756951673
|-terastallize|p1b: Pelipper|Stellar
|move|p2b: Annihilape|Final Gambit|p1a: Archaludon
|-damage|p1a: Archaludon|0 fnt
|faint|p2b: Annihilape
|faint|p1a: Archaludon
|move|p2a: Corviknight|Brave Bird|p1b: Pelipper
|-damage|p1b: Pelipper|17/100
|-damage|p2a: Corviknight|54/100|[from] Recoil
|move|p1b: Pelipper|Muddy Water|p2a: Corviknight
|-damage|p2a: Corviknight|0 fnt
|faint|p2a: Corviknight
|
|win|wideguard_user
||wideguard_user is ready for game 2.
|inactive|KodeBeast0526 has 30 seconds to confirm battle start!
