|j|☆ShrekBK
|j|☆uglybeast
|html|ShrekBKuglybeast    
|uhtml|bestof|Game 1 of a best-of-3
|t:|1755189639
|gametype|doubles
|player|p1|ShrekBK|lucas|1259
|player|p2|uglybeast|lucas|1224
|gen|9
|tier|[Gen 9] VGC 2025 Reg H (Bo3)
|rated|
|rule|Species Clause: Limit one of each Pokémon
|rule|Item Clause: Limit 1 of each item
|clearpoke
|poke|p1|Tauros-Paldea-Aqua, L50, M|
|poke|p1|Archaludon, L50, F|
|poke|p1|Murkrow, L50, M|
|poke|p1|Gholdengo, L50|
|poke|p1|Annihilape, L50, F|
|poke|p1|Dragonite, L50, M|
|poke|p2|Volcarona, L50, F|
|poke|p2|Samurott-Hisui, L50, M|
|poke|p2|Gholdengo, L50|
|poke|p2|Sneasler, L50, F|
|poke|p2|Ursaluna-Bloodmoon, L50, M|
|poke|p2|Indeedee, L50, M|
|teampreview|4
|showteam|p1|Tauros-Paldea-Aqua||FocusSash|Intimidate|AquaJet,CloseCombat,RagingBull,Protect|||M|||50|,,,,,Stellar]Archaludon||AssaultVest|Stamina|BodyPress,DracoMeteor,ElectroShot,FlashCannon|||F|||50|,,,,,Grass]Murkrow||Eviolite|Prankster|FoulPlay,Tailwind,Haze,RainDance|||M|||50|,,,,,Ghost]Gholdengo||ChoiceSpecs|GoodasGold|MakeItRain,Thunderbolt,ShadowBall,PowerGem||||||50|,,,,,Water]Annihilape||SafetyGoggles|VitalSpirit|CloseCombat,RageFist,Taunt,Protect|||F|||50|,,,,,Fire]Dragonite||LifeOrb|InnerFocus|IceSpinner,AquaJet,ExtremeSpeed,Protect|||M|||50|,,,,,Normal
|showteam|p2|Volcarona||SitrusBerry|FlameBody|FieryDance,StruggleBug,Tailwind,RagePowder|||F|||50|,,,,,Dragon]Samurott-Hisui||AssaultVest|Sharpness|AquaCutter,SacredSword,SuckerPunch,FlipTurn|||M|||50|,,,,,Poison]Gholdengo||Leftovers|GoodasGold|MakeItRain,ShadowBall,NastyPlot,Protect||||||50|,,,,,Water]Sneasler||PsychicSeed|Unburden|DireClaw,CloseCombat,ThroatChop,Protect|||F|||50|,,,,,Dark]Ursaluna-Bloodmoon||LifeOrb|MindsEye|BloodMoon,HyperVoice,EarthPower,Protect|||M|||50|,,,,,Normal]Indeedee||FocusSash|PsychicSurge|ExpandingForce,TeraBlast,Imprison,TrickRoom|||M|||50|,,,,,Fighting
|
|t:|1755189717
|teamsize|p1|4
|teamsize|p2|4
|start
|switch|p1a: Gholdengo|Gholdengo, L50|100/100
|switch|p1b: Tauros|Tauros-Paldea-Aqua, L50, M|100/100
|switch|p2a: Salmonella|Volcarona, L50, F, shiny|100/100
|switch|p2b: Tyrotrela|Gholdengo, L50, shiny|100/100
|-ability|p1b: Tauros|Intimidate|boost
|-unboost|p2a: Salmonella|atk|1
|-unboost|p2b: Tyrotrela|atk|1
|turn|1
|inactive|Battle timer is ON: inactive players will automatically lose when time's up. (requested by uglybeast)
|
|t:|1755189792
|-terastallize|p2a: Salmonella|Dragon
|-terastallize|p1a: Gholdengo|Water
|move|p2b: Tyrotrela|Protect|p2b: Tyrotrela
|-singleturn|p2b: Tyrotrela|Protect
|move|p1b: Tauros|Raging Bull|p2a: Salmonella
|-resisted|p2a: Salmonella
|-damage|p2a: Salmonella|79/100
|-status|p1b: Tauros|brn|[from] ability: Flame Body|[of] p2a: Salmonella
|move|p2a: Salmonella|Tailwind|p2a: Salmonella
|-sidestart|p2: uglybeast|move: Tailwind
|move|p1a: Gholdengo|Make It Rain|p2a: Salmonella|[spread] p2a
|-activate|p2b: Tyrotrela|move: Protect
|-damage|p2a: Salmonella|5/100
|-unboost|p1a: Gholdengo|spa|1
|-enditem|p2a: Salmonella|Sitrus Berry|[eat]
|-heal|p2a: Salmonella|30/100|[from] item: Sitrus Berry
|
|-damage|p1b: Tauros|94/100 brn|[from] brn
|upkeep
|turn|2
|inactive|uglybeast has 30 seconds left.
|inactive|uglybeast has 20 seconds left.
|
|t:|1755189831
|move|p2a: Salmonella|Struggle Bug|p1a: Gholdengo|[spread] p1a,p1b
|-resisted|p1b: Tauros
|-damage|p1a: Gholdengo|80/100
|-damage|p1b: Tauros|81/100 brn
|-unboost|p1a: Gholdengo|spa|1
|-unboost|p1b: Tauros|spa|1
|move|p2b: Tyrotrela|Nasty Plot|p2b: Tyrotrela
|-boost|p2b: Tyrotrela|spa|2
|move|p1b: Tauros|Raging Bull|p2b: Tyrotrela
|-damage|p2b: Tyrotrela|78/100
|move|p1a: Gholdengo|Make It Rain|p2b: Tyrotrela|[spread] p2a,p2b
|-resisted|p2b: Tyrotrela
|-damage|p2a: Salmonella|0 fnt
|-damage|p2b: Tyrotrela|59/100
|-unboost|p1a: Gholdengo|spa|1
|faint|p2a: Salmonella
|
|-heal|p2b: Tyrotrela|65/100|[from] item: Leftovers
|-damage|p1b: Tauros|75/100 brn|[from] brn
|upkeep
|-message|ShrekBK forfeited.
|raw|ShrekBK's rating: 1259 → 1231(-28 for losing)
|raw|uglybeast's rating: 1224 → 1252(+28 for winning)
|
|win|uglybeast
