|j|☆shadowkiwi717
|j|☆cantentt
|html|shadowkiwi717cantentt    
|uhtml|bestof|Game 1 of a best-of-3
|t:|1783775121
|gametype|doubles
|player|p1|shadowkiwi717|hilbert-wonderlauncher|1018
|player|p2|cantentt|102|1000
|gen|9
|tier|[Gen 9 Champions] VGC 2026 Reg M-B (Bo3)
|rated|
|rule|Species Clause: Limit one of each Pokémon
|rule|Item Clause: Limit 1 of each item
|clearpoke
|poke|p1|Aggron, L50, M|
|poke|p1|Clawitzer, L50, M, shiny|
|poke|p1|Sinistcha-Masterpiece, L50, shiny|
|poke|p1|Scrafty, L50, M|
|poke|p1|Ditto, L50, shiny|
|poke|p1|Castform, L50, M, shiny|
|poke|p2|Torkoal, L50, M|
|poke|p2|Camerupt, L50, M|
|poke|p2|Slowbro, L50, M|
|poke|p2|Meowstic, L50, M|
|poke|p2|Cofagrigus, L50, F|
|poke|p2|Venusaur, L50, M|
|teampreview|4
|showteam|p1|Aggron||Aggronite|Sturdy|BodyPress,IronDefense,Rest,SleepTalk|Careful||M|||50|]Clawitzer||ExpertBelt|MegaLauncher|HealPulse,WaterPulse,AuraSphere,DragonPulse|Modest||M|||50|]Sinistcha-Masterpiece||FocusSash|Hospitality|LifeDew,Scald,MatchaGotcha,TrickRoom|Timid|||||50|]Scrafty||Scraftinite|Intimidate|KnockOff,FakeOut,Protect,DragonTail|Jolly||M|||50|]Ditto||LeppaBerry|Imposter|Transform|Serious|||||50|]Castform||LifeOrb|Forecast|WeatherBall,Scald,Blizzard,Flamethrower|Modest||M|||50|
|showteam|p2|Torkoal||Charcoal|Drought|Eruption,BodyPress,HeatWave,Yawn|Modest||M|||50|]Camerupt||Cameruptite|SolidRock|Eruption,ScorchingSands,HeatWave,Protect|Modest||M|||50|]Slowbro||Slowbronite|Regenerator|BodyPress,TrickRoom,HydroPump,Yawn|Relaxed||M|||50|]Meowstic||MentalHerb|Prankster|Yawn,FakeOut,HelpingHand,Psychic|Careful||M|||50|]Cofagrigus||Leftovers|Mummy|TrickRoom,AllySwitch,Disable,ShadowBall|Relaxed||F|||50|]Venusaur||Venusaurite|Chlorophyll|LeechSeed,SleepPowder,GigaDrain,Synthesis|Timid||M|||50|
|inactive|Battle timer is ON: inactive players will automatically lose when time's up. (requested by cantentt)
|
|t:|1783775158
|teamsize|p1|4
|teamsize|p2|4
|start
|switch|p1a: THE WALL!!!|Aggron, L50, M|100/100
|switch|p1b: TUFF|Scrafty, L50, M|100/100
|switch|p2a: Meowstic|Meowstic, L50, M|100/100
|switch|p2b: Cofagrigus|Cofagrigus, L50, F|100/100
|-ability|p1b: TUFF|Intimidate|boost
|-unboost|p2a: Meowstic|atk|1
|-unboost|p2b: Cofagrigus|atk|1
|turn|1
|
|t:|1783775175
|detailschange|p1a: THE WALL!!!|Aggron-Mega, L50, M
|-mega|p1a: THE WALL!!!|Aggron|Aggronite
|move|p2a: Meowstic|Fake Out|p1a: THE WALL!!!
|-resisted|p1a: THE WALL!!!|1
|-damage|p1a: THE WALL!!!|98/100
|move|p1b: TUFF|Fake Out|p2a: Meowstic
|-damage|p2a: Meowstic|84/100
|cant|p1a: THE WALL!!!|flinch
|move|p2b: Cofagrigus|Trick Room|p2b: Cofagrigus
|-fieldstart|move: Trick Room|[of] p2b: Cofagrigus
|
|upkeep
|turn|2
|inactive|shadowkiwi717 has 30 seconds left.
|inactive|cantentt has 30 seconds left.
|
|t:|1783775207
|switch|p2b: Torkoal|Torkoal, L50, M|100/100
|-weather|SunnyDay|[from] ability: Drought|[of] p2b: Torkoal
|move|p2a: Meowstic|Yawn|p1a: THE WALL!!!
|-start|p1a: THE WALL!!!|move: Yawn|[of] p2a: Meowstic
|move|p1a: THE WALL!!!|Iron Defense|p1a: THE WALL!!!
|-boost|p1a: THE WALL!!!|def|2
|move|p1b: TUFF|Knock Off|p2a: Meowstic
|-supereffective|p2a: Meowstic|1
|-damage|p2a: Meowstic|0 fnt
|-enditem|p2a: Meowstic|Mental Herb|[from] move: Knock Off|[of] p1b: TUFF
|faint|p2a: Meowstic
|
|-weather|SunnyDay|[upkeep]
|upkeep
|
|t:|1783775219
|switch|p2a: Camerupt|Camerupt, L50, M|100/100
|turn|3
|inactive|cantentt has 30 seconds left.
|
|t:|1783775245
|move|p2b: Torkoal|Eruption|p1b: TUFF|[spread] p1a,p1b
|-supereffective|p1a: THE WALL!!!|1
|-damage|p1a: THE WALL!!!|0 fnt
|-damage|p1b: TUFF|0 fnt
|faint|p1a: THE WALL!!!
|faint|p1b: TUFF
|move|p2a: Camerupt|Eruption|p1: THE WALL!!!|[notarget]
|-fail|p2a: Camerupt
|
|-weather|SunnyDay|[upkeep]
|upkeep
|
|t:|1783775256
|switch|p1a: CRABBY|Clawitzer, L50, M, shiny|100/100
|switch|p1b: WEATHER WAR|Castform, L50, M, shiny|100/100
|-formechange|p1b: WEATHER WAR|Castform-Sunny|[msg]|[from] ability: Forecast
|turn|4
|inactive|shadowkiwi717 has 30 seconds left.
|inactive|cantentt has 30 seconds left.
|
|t:|1783775283
|detailschange|p2a: Camerupt|Camerupt-Mega, L50, M
|-mega|p2a: Camerupt|Camerupt|Cameruptite
|move|p2a: Camerupt|Eruption|p1a: CRABBY|[spread] p1a,p1b
|-resisted|p1a: CRABBY|1
|-resisted|p1b: WEATHER WAR|1
|-damage|p1a: CRABBY|27/100
|-damage|p1b: WEATHER WAR|11/100
|move|p2b: Torkoal|Eruption|p1b: WEATHER WAR|[spread] p1a,p1b
|-resisted|p1a: CRABBY|1
|-resisted|p1b: WEATHER WAR|1
|-damage|p1a: CRABBY|0 fnt
|-damage|p1b: WEATHER WAR|0 fnt
|faint|p1a: CRABBY
|faint|p1b: WEATHER WAR
|
|win|cantentt
|inactive|shadowkiwi717 has 30 seconds to confirm battle start!
|inactive|cantentt has 30 seconds to confirm battle start!
|l|☆shadowkiwi717
|player|p1|
|l|☆cantentt
|player|p2|
||cantentt is ready for game 2.
|inactive|shadowkiwi717 has 20 seconds to confirm battle start!
|inactive|shadowkiwi717 has 10 seconds to confirm battle start!
|j|☆cantentt
|player|p2|cantentt|102|
|uhtml|next|Next: Game 2 of 3
