|j|☆florb morb
|j|☆Sylviana GL
|html|florb morbSylviana GL    
|uhtml|bestof|Game 1 of a best-of-3
|t:|1784352836
|gametype|doubles
|player|p1|florb morb|benga|1090
|player|p2|Sylviana GL|caitlin|1187
|gen|9
|tier|[Gen 9 Champions] VGC 2026 Reg M-B (Bo3)
|rated|
|rule|Species Clause: Limit one of each Pokémon
|rule|Item Clause: Limit 1 of each item
|clearpoke
|poke|p1|Raichu, L50, M|
|poke|p1|Aerodactyl, L50, M|
|poke|p1|Hydreigon, L50, M|
|poke|p1|Sneasler, L50, M|
|poke|p1|Sylveon, L50, M|
|poke|p1|Kingambit, L50, M|
|poke|p2|Aerodactyl, L50, M, shiny|
|poke|p2|Charizard, L50, M|
|poke|p2|Sylveon, L50, F|
|poke|p2|Garchomp, L50, F|
|poke|p2|Kingambit, L50, M|
|poke|p2|Incineroar, L50, F|
|teampreview|4
|showteam|p1|Raichu||RaichuniteY|Static|ZapCannon,FocusBlast,FakeOut,Protect|Timid||M|||50|]Aerodactyl||ChartiBerry|Unnerve|Tailwind,RockSlide,WideGuard,DualWingbeat|Jolly||M|||50|]Hydreigon||ChoiceScarf|Levitate|DracoMeteor,DarkPulse,HeatWave,FlashCannon|Modest||M|||50|]Sneasler||WhiteHerb|Unburden|FakeOut,DireClaw,CloseCombat,Protect|Jolly||M|||50|]Sylveon||LifeOrb|Pixilate|HyperBeam,HyperVoice,QuickAttack,Protect|Timid||M|||50|]Kingambit||FocusSash|Defiant|SuckerPunch,LowKick,KowtowCleave,Protect|Adamant||M|||50|
|showteam|p2|Aerodactyl||Aerodactylite|Unnerve|RockSlide,IceFang,Tailwind,WideGuard|Jolly||M|||50|]Charizard||CharizarditeY|Blaze|HeatWave,WeatherBall,SolarBeam,Protect|Modest||M|||50|]Sylveon||FairyFeather|Pixilate|HyperVoice,HyperBeam,QuickAttack,Detect|Modest||F|||50|]Garchomp||LifeOrb|RoughSkin|DragonClaw,Earthquake,StompingTantrum,Protect|Jolly||F|||50|]Kingambit||FocusSash|Defiant|SuckerPunch,KowtowCleave,IronHead,Protect|Adamant||M|||50|]Incineroar||SitrusBerry|Intimidate|FlareBlitz,ThroatChop,FakeOut,PartingShot|Impish||F|||50|
|inactive|Battle timer is ON: inactive players will automatically lose when time's up. (requested by florb morb)
|
|t:|1784352926
|teamsize|p1|4
|teamsize|p2|4
|start
|switch|p1a: Raichu|Raichu, L50, M|100/100
|switch|p1b: Kingambit|Kingambit, L50, M|100/100
|switch|p2a: Aerodactyl|Aerodactyl, L50, M, shiny|100/100
|switch|p2b: Garchomp|Garchomp, L50, F|100/100
|-ability|p2a: Aerodactyl|Unnerve
|turn|1
|
|t:|1784352942
|detailschange|p2a: Aerodactyl|Aerodactyl-Mega, L50, M, shiny
|-mega|p2a: Aerodactyl|Aerodactyl|Aerodactylite
|detailschange|p1a: Raichu|Raichu-Mega-Y, L50, M
|-mega|p1a: Raichu|Raichu|Raichunite Y
|move|p1a: Raichu|Fake Out|p2b: Garchomp
|-damage|p2b: Garchomp|91/100
|-damage|p1a: Raichu|88/100|[from] ability: Rough Skin|[of] p2b: Garchomp
|move|p2a: Aerodactyl|Tailwind|p2a: Aerodactyl
|-sidestart|p2: Sylviana GL|move: Tailwind
|cant|p2b: Garchomp|flinch
|move|p1b: Kingambit|Kowtow Cleave|p2b: Garchomp
|-damage|p2b: Garchomp|43/100
|-damage|p1b: Kingambit|87/100|[from] ability: Rough Skin|[of] p2b: Garchomp
|
|upkeep
|turn|2
|inactive|florb morb has 30 seconds left.
|
|t:|1784352972
|switch|p1a: Hydreigon|Hydreigon, L50, M|100/100
|move|p1b: Kingambit|Sucker Punch|p2b: Garchomp
|-damage|p2b: Garchomp|3/100
|-damage|p1b: Kingambit|75/100|[from] ability: Rough Skin|[of] p2b: Garchomp
|move|p2a: Aerodactyl|Rock Slide|p1a: Hydreigon|[spread] p1a,p1b
|-resisted|p1b: Kingambit|1
|-damage|p1a: Hydreigon|68/100
|-damage|p1b: Kingambit|62/100
|move|p2b: Garchomp|Earthquake|p1b: Kingambit|[spread] p1b
|-immune|p2a: Aerodactyl
|-immune|p1a: Hydreigon|[from] ability: Levitate
|-supereffective|p1b: Kingambit|1
|-damage|p1b: Kingambit|0 fnt
|faint|p1b: Kingambit
|-damage|p2b: Garchomp|0 fnt|[from] item: Life Orb
|faint|p2b: Garchomp
|
|upkeep
|
|t:|1784352982
|switch|p2b: Sylveon|Sylveon, L50, F|100/100
|switch|p1b: Aerodactyl|Aerodactyl, L50, M|100/100
|-ability|p1b: Aerodactyl|Unnerve
|turn|3
|inactive|florb morb has 30 seconds left.
|inactive|florb morb has 20 seconds left.
|
|t:|1784353019
|move|p2a: Aerodactyl|Ice Fang|p1b: Aerodactyl
|-supereffective|p1b: Aerodactyl|1
|-damage|p1b: Aerodactyl|5/100
|move|p1a: Hydreigon|Draco Meteor|p2a: Aerodactyl
|-damage|p2a: Aerodactyl|29/100
|-unboost|p1a: Hydreigon|spa|2
|move|p1b: Aerodactyl|Tailwind|p1b: Aerodactyl
|-sidestart|p1: florb morb|move: Tailwind
|move|p2b: Sylveon|Hyper Voice|p1b: Aerodactyl|[spread] p1a,p1b
|-supereffective|p1a: Hydreigon|2
|-damage|p1a: Hydreigon|0 fnt
|-damage|p1b: Aerodactyl|0 fnt
|faint|p1a: Hydreigon
|faint|p1b: Aerodactyl
|
|upkeep
|
|t:|1784353030
|switch|p1b: Raichu|Raichu-Mega-Y, L50, M|88/100
|turn|4
|
|t:|1784353042
|move|p2a: Aerodactyl|Ice Fang|p1b: Raichu
|-damage|p1b: Raichu|41/100
|move|p1b: Raichu|Zap Cannon|p2a: Aerodactyl
|-supereffective|p2a: Aerodactyl|1
|-damage|p2a: Aerodactyl|0 fnt
|faint|p2a: Aerodactyl
|move|p2b: Sylveon|Hyper Voice|p1b: Raichu
|-damage|p1b: Raichu|0 fnt
|faint|p1b: Raichu
|
|win|Sylviana GL
||florb morb is ready for game 2.
||Sylviana GL is ready for game 2.
|uhtml|next|Next: Game 2 of 3
|l|☆florb morb
|player|p1|
