|j|☆WILLIWONKINEITOR
|j|☆eltsurito
|html|WILLIWONKINEITOReltsurito    
|uhtml|bestof|Game 3 of a best-of-3
|t:|1757206520
|gametype|doubles
|player|p1|WILLIWONKINEITOR|170|1188
|player|p2|eltsurito|265|1068
|gen|9
|tier|[Gen 9] VGC 2025 Reg H (Bo3)
|rated|
|rule|Species Clause: Limit one of each Pokémon
|rule|Item Clause: Limit 1 of each item
|clearpoke
|poke|p1|Excadrill, L50, M|
|poke|p1|Tyranitar, L50, F|
|poke|p1|Sneasler, L50, F|
|poke|p1|Indeedee, L50, M|
|poke|p1|Corviknight, L50, F|
|poke|p1|Annihilape, L50, F|
|poke|p2|Sneasler, L50, M|
|poke|p2|Indeedee, L50, M|
|poke|p2|Volcarona, L50, F|
|poke|p2|Ursaluna-Bloodmoon, L50, M|
|poke|p2|Annihilape, L50, F|
|poke|p2|Tyranitar, L50, M|
|teampreview|4
|showteam|p1|Excadrill||FocusSash|SandRush|IronHead,HighHorsepower,Earthquake,Protect|||M|||50|,,,,,Stellar]Tyranitar||AssaultVest|SandStream|RockSlide,KnockOff,TeraBlast,LowKick|||F|||50|,,,,,Flying]Sneasler||PsychicSeed|Unburden|DireClaw,CloseCombat,ThroatChop,Protect|||F|||50|,,,,,Dark]Indeedee||ChoiceScarf|PsychicSurge|ExpandingForce,TeraBlast,Protect,Trick|||M|||50|,,,,,Psychic]Corviknight||Leftovers|MirrorArmor|BraveBird,BulkUp,Roost,Tailwind|||F|||50|,,,,,Dragon]Annihilape||SafetyGoggles|Defiant|DrainPunch,RageFist,BulkUp,Protect|||F|||50|,,,,,Fire
|showteam|p2|Sneasler||PsychicSeed|Unburden|CloseCombat,DireClaw,ThroatChop,Protect|||M|||50|,,,,,Dark]Indeedee||ChoiceScarf|PsychicSurge|ExpandingForce,TeraBlast,Trick,Protect|||M|||50|,,,,,Psychic]Volcarona||SitrusBerry|FlameBody|Overheat,StruggleBug,RagePowder,Tailwind|||F|||50|,,,,,Grass]Ursaluna-Bloodmoon||LifeOrb|MindsEye|BloodMoon,HyperVoice,EarthPower,Protect|||M|||50|,,,,,Normal]Annihilape||SafetyGoggles|Defiant|CloseCombat,RageFist,Taunt,FinalGambit|||F|||50|,,,,,Fairy]Tyranitar||AssaultVest|SandStream|RockSlide,KnockOff,TeraBlast,LowKick|||M|||50|,,,,,Flying
|inactive|Battle timer is ON: inactive players will automatically lose when time's up. (requested by eltsurito)
|inactive|WILLIWONKINEITOR has 60 seconds left.
|
|t:|1757206554
|teamsize|p1|4
|teamsize|p2|4
|start
|switch|p1a: Tyranitar|Tyranitar, L50, F, shiny|100/100
|switch|p1b: Corviknight|Corviknight, L50, F|100/100
|switch|p2a: Sneasler|Sneasler, L50, M|100/100
|switch|p2b: Indeedee|Indeedee, L50, M|100/100
|-fieldstart|move: Psychic Terrain|[from] ability: Psychic Surge|[of] p2b: Indeedee
|-enditem|p2a: Sneasler|Psychic Seed
|-boost|p2a: Sneasler|spd|1|[from] item: Psychic Seed
|-weather|Sandstorm|[from] ability: Sand Stream|[of] p1a: Tyranitar
|turn|1
|inactive|eltsurito has 30 seconds left.
|inactive|eltsurito has 20 seconds left.
|inactive|eltsurito has 15 seconds left.
|
|t:|1757206598
|-terastallize|p1a: Tyranitar|Flying
|move|p2a: Sneasler|Close Combat|p1b: Corviknight
|-damage|p1b: Corviknight|39/100
|-unboost|p2a: Sneasler|def|1
|-unboost|p2a: Sneasler|spd|1
|move|p2b: Indeedee|Expanding Force|p1b: Corviknight|[spread] p1a,p1b
|-resisted|p1b: Corviknight
|-damage|p1a: Tyranitar|70/100
|-damage|p1b: Corviknight|15/100
|move|p1b: Corviknight|Brave Bird|p2a: Sneasler
|-supereffective|p2a: Sneasler
|-damage|p2a: Sneasler|0 fnt
|faint|p2a: Sneasler
|-damage|p1b: Corviknight|0 fnt|[from] Recoil
|faint|p1b: Corviknight
|move|p1a: Tyranitar|Knock Off|p2b: Indeedee
|-supereffective|p2b: Indeedee
|-damage|p2b: Indeedee|0 fnt
|-enditem|p2b: Indeedee|Choice Scarf|[from] move: Knock Off|[of] p1a: Tyranitar
|faint|p2b: Indeedee
|
|-weather|Sandstorm|[upkeep]
|-damage|p1a: Tyranitar|64/100|[from] Sandstorm
|upkeep
|inactive|WILLIWONKINEITOR has 30 seconds left.
|
|t:|1757206632
|switch|p2a: Tyranitar|Tyranitar, L50, M|100/100
|switch|p2b: Annihilape|Annihilape, L50, F|100/100
|switch|p1b: Excadrill|Excadrill, L50, M, shiny|100/100
|turn|2
|inactive|eltsurito has 30 seconds left.
|inactive|eltsurito has 20 seconds left.
|
|t:|1757206669
|-terastallize|p2a: Tyranitar|Flying
|move|p1b: Excadrill|Iron Head|p2a: Tyranitar
|-damage|p2a: Tyranitar|62/100
|move|p2b: Annihilape|Close Combat|p1b: Excadrill
|-supereffective|p1b: Excadrill
|-enditem|p1b: Excadrill|Focus Sash
|-damage|p1b: Excadrill|1/100
|-unboost|p2b: Annihilape|def|1
|-unboost|p2b: Annihilape|spd|1
|move|p2a: Tyranitar|Rock Slide|p1b: Excadrill|[spread] p1b
|-miss|p2a: Tyranitar|p1a: Tyranitar
|-resisted|p1b: Excadrill
|-damage|p1b: Excadrill|0 fnt
|faint|p1b: Excadrill
|move|p1a: Tyranitar|Tera Blast|p2b: Annihilape|[anim] Tera Blast Flying
|-supereffective|p2b: Annihilape
|-damage|p2b: Annihilape|0 fnt
|faint|p2b: Annihilape
|
|-weather|Sandstorm|[upkeep]
|-damage|p2a: Tyranitar|56/100|[from] Sandstorm
|-damage|p1a: Tyranitar|58/100|[from] Sandstorm
|upkeep
|
|t:|1757206692
|switch|p1b: Sneasler|Sneasler, L50, F, shiny|100/100
|-enditem|p1b: Sneasler|Psychic Seed
|-boost|p1b: Sneasler|spd|1|[from] item: Psychic Seed
|turn|3
|
|t:|1757206700
|move|p1b: Sneasler|Dire Claw|p2a: Tyranitar
|-damage|p2a: Tyranitar|22/100
|move|p2a: Tyranitar|Knock Off|p1b: Sneasler
|-resisted|p1b: Sneasler
|-damage|p1b: Sneasler|70/100
|move|p1a: Tyranitar|Rock Slide|p2a: Tyranitar
|-supereffective|p2a: Tyranitar
|-damage|p2a: Tyranitar|0 fnt
|faint|p2a: Tyranitar
|
|win|WILLIWONKINEITOR
|raw|WILLIWONKINEITOR's rating: 1188 → 1205(+17 for winning)
|raw|eltsurito's rating: 1068 → 1055(-13 for losing)
