|j|☆GIRLHELL1998
|j|☆Gentlefish
|html|GIRLHELL1998Gentlefish    
|uhtml|bestof|Game 2 of a best-of-3
|t:|1756532924
|gametype|doubles
|player|p1|GIRLHELL1998|roxie|
|player|p2|Gentlefish|burglar-gen1rb|
|gen|9
|tier|[Gen 9] VGC 2025 Reg H (Bo3)
|rule|Species Clause: Limit one of each Pokémon
|rule|Item Clause: Limit 1 of each item
|clearpoke
|poke|p1|Sneasler, L50, M|
|poke|p1|Indeedee, L50, M|
|poke|p1|Volcarona, L50, F|
|poke|p1|Ursaluna-Bloodmoon, L50, M|
|poke|p1|Annihilape, L50, M|
|poke|p1|Tyranitar, L50, M|
|poke|p2|Garchomp, L50, F|
|poke|p2|Weezing-Galar, L50, F|
|poke|p2|Archaludon, L50, F|
|poke|p2|Gholdengo, L50|
|poke|p2|Talonflame, L50, F|
|poke|p2|Annihilape, L50, M|
|teampreview|4
|showteam|p1|Sneasler||PsychicSeed|Unburden|CloseCombat,DireClaw,ThroatChop,Protect|||M|||50|,,,,,Dark]Indeedee||ChoiceScarf|PsychicSurge|ExpandingForce,TeraBlast,Trick,Protect|||M|||50|,,,,,Psychic]Volcarona||SitrusBerry|FlameBody|Overheat,StruggleBug,RagePowder,Tailwind|||F|||50|,,,,,Grass]Ursaluna-Bloodmoon||LifeOrb|MindsEye|BloodMoon,HyperVoice,EarthPower,Protect|||M|||50|,,,,,Normal]Annihilape||SafetyGoggles|Defiant|CloseCombat,RageFist,Taunt,FinalGambit|||M|||50|,,,,,Fairy]Tyranitar||AssaultVest|SandStream|RockSlide,KnockOff,TeraBlast,LowKick|||M|||50|,,,,,Flying
|showteam|p2|Garchomp||LifeOrb|RoughSkin|DragonClaw,Earthquake,StompingTantrum,Protect|||F|||50|,,,,,Ground]Weezing-Galar||FocusSash|NeutralizingGas|Protect,SludgeBomb,Taunt,StrangeSteam|||F|||50|,,,,,Flying]Archaludon||PowerHerb|Sturdy|ElectroShot,Thunderbolt,DracoMeteor,Protect|||F|||50|,,,,,Electric]Gholdengo||ChoiceSpecs|GoodasGold|ShadowBall,DazzlingGleam,PowerGem,MakeItRain||||||50|,,,,,Fairy]Talonflame||CovertCloak|GaleWings|Tailwind,DualWingbeat,Taunt,FlareBlitz|||F|||50|,,,,,Stellar]Annihilape||AssaultVest|Defiant|CloseCombat,RageFist,FinalGambit,IcePunch|||M|||50|,,,,,Grass
|inactive|Battle timer is ON: inactive players will automatically lose when time's up. (requested by GIRLHELL1998)
|c|☆Gentlefish|I was prepping for volc + ttar/ursa game one and I gotta say, the sneasler lead was a jumpscare lol
|inactive|GIRLHELL1998 has 60 seconds left.
|inactive|Gentlefish has 60 seconds left.
|inactive|GIRLHELL1998 has 30 seconds left.
|inactive|Gentlefish has 30 seconds left.
|inactive|GIRLHELL1998 has 20 seconds left.
|inactive|Gentlefish has 20 seconds left.
|inactive|GIRLHELL1998 has 15 seconds left.
|inactive|Gentlefish has 15 seconds left.
|inactive|GIRLHELL1998 has 10 seconds left.
|inactive|GIRLHELL1998 has 5 seconds left.
|
|t:|1756533014
|teamsize|p1|4
|teamsize|p2|4
|start
|switch|p1a: Indeedee|Indeedee, L50, M|100/100
|switch|p1b: Ursaluna|Ursaluna-Bloodmoon, L50, M|100/100
|switch|p2a: Talonflame|Talonflame, L50, F|100/100
|switch|p2b: Gholdengo|Gholdengo, L50|100/100
|-fieldstart|move: Psychic Terrain|[from] ability: Psychic Surge|[of] p1a: Indeedee
|turn|1
|inactive|GIRLHELL1998 has 30 seconds left.
|
|t:|1756533039
|switch|p1a: Tyranitar|Tyranitar, L50, M|100/100
|-weather|Sandstorm|[from] ability: Sand Stream|[of] p1a: Tyranitar
|move|p2a: Talonflame|Tailwind|p2a: Talonflame
|-sidestart|p2: Gentlefish|move: Tailwind
|move|p2b: Gholdengo|Make It Rain|p1b: Ursaluna|[spread] p1a,p1b
|-supereffective|p1a: Tyranitar
|-damage|p1a: Tyranitar|44/100
|-damage|p1b: Ursaluna|6/100
|-unboost|p2b: Gholdengo|spa|1
|move|p1b: Ursaluna|Blood Moon|p2a: Talonflame
|-damage|p2a: Talonflame|0 fnt
|faint|p2a: Talonflame
|-damage|p1b: Ursaluna|0 fnt|[from] item: Life Orb
|faint|p1b: Ursaluna
|
|-weather|Sandstorm|[upkeep]
|upkeep
|
|t:|1756533063
|switch|p2a: Weezing|Weezing-Galar, L50, F|100/100
|switch|p1b: Sneasler|Sneasler, L50, M|100/100
|-ability|p2a: Weezing|Neutralizing Gas
|-enditem|p1b: Sneasler|Psychic Seed
|-boost|p1b: Sneasler|spd|1|[from] item: Psychic Seed
|turn|2
|inactive|GIRLHELL1998 has 30 seconds left.
|inactive|Gentlefish has 30 seconds left.
|
|t:|1756533096
|-terastallize|p1b: Sneasler|Dark
|move|p2a: Weezing|Protect|p2a: Weezing
|-singleturn|p2a: Weezing|Protect
|move|p2b: Gholdengo|Make It Rain|p1a: Tyranitar|[spread] p1a,p1b
|-supereffective|p1a: Tyranitar
|-damage|p1a: Tyranitar|5/100
|-damage|p1b: Sneasler|56/100
|-unboost|p2b: Gholdengo|spa|1
|move|p1b: Sneasler|Dire Claw|p2a: Weezing
|-activate|p2a: Weezing|move: Protect
|move|p1a: Tyranitar|Knock Off|p2b: Gholdengo
|-supereffective|p2b: Gholdengo
|-damage|p2b: Gholdengo|0 fnt
|-enditem|p2b: Gholdengo|Choice Specs|[from] move: Knock Off|[of] p1a: Tyranitar
|faint|p2b: Gholdengo
|
|-weather|Sandstorm|[upkeep]
|-damage|p2a: Weezing|95/100|[from] Sandstorm
|-damage|p1b: Sneasler|50/100|[from] Sandstorm
|upkeep
|
|t:|1756533109
|switch|p2b: Garchomp|Garchomp, L50, F|100/100
|turn|3
|inactive|GIRLHELL1998 has 30 seconds left.
|
|t:|1756533142
|-terastallize|p2a: Weezing|Flying
|move|p2b: Garchomp|Earthquake|p1b: Sneasler|[spread] p1a,p1b
|-immune|p2a: Weezing
|-supereffective|p1a: Tyranitar
|-damage|p1a: Tyranitar|0 fnt
|-damage|p1b: Sneasler|0 fnt
|faint|p1a: Tyranitar
|faint|p1b: Sneasler
|-damage|p2b: Garchomp|91/100|[from] item: Life Orb
|move|p2a: Weezing|Sludge Bomb|p1: Tyranitar|[notarget]
|-fail|p2a: Weezing
|
|-weather|Sandstorm|[upkeep]
|-damage|p2a: Weezing|89/100|[from] Sandstorm
|upkeep
|
|t:|1756533148
|switch|p1b: Indeedee|Indeedee, L50, M|100/100
|turn|4
|-message|GIRLHELL1998 forfeited.
|
|win|Gentlefish
|l|☆GIRLHELL1998
|player|p1|
