|j|☆nemadevil
|j|☆Beanybag
|html|nemadevilBeanybag    
|uhtml|bestof|Game 1 of a best-of-3
|t:|1782650104
|gametype|doubles
|player|p1|nemadevil|101|1215
|player|p2|Beanybag|102|1043
|gen|9
|tier|[Gen 9 Champions] VGC 2026 Reg M-B (Bo3)
|rated|
|rule|Species Clause: Limit one of each Pokémon
|rule|Item Clause: Limit 1 of each item
|clearpoke
|poke|p1|Swampert, L50, F|
|poke|p1|Pelipper, L50, F, shiny|
|poke|p1|Dragonite, L50, M|
|poke|p1|Archaludon, L50, M|
|poke|p1|Tsareena, L50, F, shiny|
|poke|p1|Incineroar, L50, M|
|poke|p2|Ampharos, L50, M|
|poke|p2|Dedenne, L50, F|
|poke|p2|Manectric, L50, F|
|poke|p2|Runerigus, L50, F|
|poke|p2|Bellibolt, L50, M|
|poke|p2|Meowscarada, L50, M|
|teampreview|4
|showteam|p1|Swampert||Swampertite|Torrent|WaveCrash,HighHorsepower,Protect,Earthquake|Adamant||F|||50|]Pelipper||FocusSash|Drizzle|WeatherBall,Hurricane,Protect,Tailwind|Modest||F|||50|]Dragonite||LifeOrb|InnerFocus|Hurricane,DracoMeteor,Protect,Tailwind|Timid||M|||50|]Archaludon||Magnet|Sturdy|ElectroShot,DracoMeteor,Protect,FlashCannon|Timid||M|||50|]Tsareena||ChoiceScarf|QueenlyMajesty|TropKick,KnockOff,Uturn,TripleAxel|Jolly||F|||50|]Incineroar||SitrusBerry|Intimidate|FakeOut,DarkestLariat,Taunt,PartingShot|Careful||M|||50|
|showteam|p2|Ampharos||Leftovers|Plus|MagneticFlux,DazzlingGleam,ParabolicCharge,Protect|Serious||M|||50|]Dedenne||FocusSash|Plus|DrainingKiss,ParabolicCharge,Uturn,Protect|Timid||F|||50|]Manectric||Manectite|Minus|Snarl,HyperVoice,Protect,VoltSwitch|Timid||F|||50|]Runerigus||SitrusBerry|WanderingSpirit|BodyPress,AllySwitch,Protect,TrickRoom|Relaxed||F|||50|]Bellibolt||ShucaBerry|Electromorphosis|Soak,Toxic,VoltSwitch,SlackOff|Bold||M|||50|]Meowscarada||WideLens|Protean|FlowerTrick,PollenPuff,TripleAxel,SuckerPunch|Hasty||M|||50|
|
|t:|1782650186
|teamsize|p1|4
|teamsize|p2|4
|start
|switch|p1a: Swampert|Swampert, L50, F|100/100
|switch|p1b: Pelipper|Pelipper, L50, F, shiny|100/100
|switch|p2a: Ampharos|Ampharos, L50, M|100/100
|switch|p2b: Dedenne|Dedenne, L50, F|100/100
|-weather|RainDance|[from] ability: Drizzle|[of] p1b: Pelipper
|turn|1
|
|t:|1782650233
|detailschange|p1a: Swampert|Swampert-Mega, L50, F
|-mega|p1a: Swampert|Swampert|Swampertite
|move|p1a: Swampert|Earthquake|p2b: Dedenne|[spread] p2a,p2b
|-immune|p1b: Pelipper
|-supereffective|p2a: Ampharos|1
|-supereffective|p2b: Dedenne|1
|-damage|p2a: Ampharos|4/100
|-enditem|p2b: Dedenne|Focus Sash
|-damage|p2b: Dedenne|1/100
|move|p2b: Dedenne|Parabolic Charge|p1a: Swampert|[spread] p2a,p1b
|-immune|p1a: Swampert
|-resisted|p2a: Ampharos|1
|-supereffective|p1b: Pelipper|2
|-damage|p2a: Ampharos|0 fnt
|-heal|p2b: Dedenne|4/100|[from] drain|[of] p2a: Ampharos
|-enditem|p1b: Pelipper|Focus Sash
|-damage|p1b: Pelipper|1/100
|-heal|p2b: Dedenne|51/100|[from] drain|[of] p1b: Pelipper
|faint|p2a: Ampharos
|move|p1b: Pelipper|Tailwind|p1b: Pelipper
|-sidestart|p1: nemadevil|move: Tailwind
|
|-weather|RainDance|[upkeep]
|upkeep
|inactive|Battle timer is ON: inactive players will automatically lose when time's up. (requested by nemadevil)
|
|t:|1782650251
|switch|p2a: Meowscarada|Meowscarada, L50, M|100/100
|turn|2
|
|t:|1782650276
|move|p1a: Swampert|Earthquake|p2b: Dedenne|[spread] p2a,p2b
|-immune|p1b: Pelipper
|-resisted|p2a: Meowscarada|1
|-supereffective|p2b: Dedenne|1
|-damage|p2a: Meowscarada|56/100
|-damage|p2b: Dedenne|0 fnt
|faint|p2b: Dedenne
|move|p1b: Pelipper|Hurricane|p2a: Meowscarada
|-supereffective|p2a: Meowscarada|1
|-damage|p2a: Meowscarada|0 fnt
|faint|p2a: Meowscarada
|
|-weather|RainDance|[upkeep]
|upkeep
|inactive|Beanybag has 30 seconds left.
|inactive|Beanybag has 20 seconds left.
|inactive|Beanybag has 15 seconds left.
|inactive|Beanybag has 10 seconds left.
|inactive|Beanybag has 5 seconds left.
|
|t:|1782650331
|switch|p2a: Bellibolt|Bellibolt, L50, M|100/100
|turn|3
|inactive|Beanybag has 30 seconds left.
|inactive|Beanybag has 20 seconds left.
|inactive|Beanybag has 15 seconds left.
|inactive|Beanybag has 10 seconds left.
|inactive|Beanybag has 5 seconds left.
|
|t:|1782650386
|move|p1a: Swampert|High Horsepower|p2a: Bellibolt
|-supereffective|p2a: Bellibolt|1
|-enditem|p2a: Bellibolt|Shuca Berry|[eat]
|-enditem|p2a: Bellibolt|Shuca Berry|[weaken]
|-damage|p2a: Bellibolt|64/100
|-start|p2a: Bellibolt|Charge|High Horsepower|[from] ability: Electromorphosis
|move|p1b: Pelipper|Weather Ball|p2a: Bellibolt
|-damage|p2a: Bellibolt|0 fnt
|faint|p2a: Bellibolt
|
|win|nemadevil
