|j|☆digenerateneko
|j|☆Finger_Bender
|html|digeneratenekoFinger_Bender    
|uhtml|bestof|Game 1 of a best-of-3
|t:|1757211377
|gametype|doubles
|player|p1|digenerateneko|psychic-gen4|1000
|player|p2|Finger_Bender|flannery|1056
|gen|9
|tier|[Gen 9] VGC 2025 Reg H (Bo3)
|rated|
|rule|Species Clause: Limit one of each Pokémon
|rule|Item Clause: Limit 1 of each item
|clearpoke
|poke|p1|Gothitelle, L50, M|
|poke|p1|Politoed, L50, F|
|poke|p1|Dondozo, L50, M|
|poke|p1|Tatsugiri, L50, F|
|poke|p1|Armarouge, L50, M|
|poke|p1|Indeedee-F, L50, F|
|poke|p2|Incineroar, L50, M|
|poke|p2|Primarina, L50, F|
|poke|p2|Rillaboom, L50, M|
|poke|p2|Altaria, L50, M|
|poke|p2|Hydreigon, L50, F|
|poke|p2|Clefable, L50, M|
|teampreview|4
|showteam|p1|Gothitelle||SitrusBerry|ShadowTag|FakeOut,Protect,TrickRoom,Psychic|||M|||50|,,,,,Dark]Politoed||Leftovers|Drizzle|PerishSong,Protect,WeatherBall,Encore|||F|||50|,,,,,Grass]Dondozo||AguavBerry|Unaware|OrderUp,WaveCrash,Protect,Earthquake|||M|||50|,,,,,Grass]Tatsugiri||FocusSash|Commander|MuddyWater,IcyWind,DracoMeteor,Protect|||F|||50|,,,,,Dragon]Armarouge||MindPlate|FlashFire|ExpandingForce,WeatherBall,TrickRoom,Protect|||M|||50|,,,,,Psychic]Indeedee-F||PsychicSeed|PsychicSurge|FollowMe,TrickRoom,HelpingHand,Psychic|||F|||50|,,,,,Psychic
|showteam|p2|Incineroar||SafetyGoggles|Intimidate|FakeOut,KnockOff,PartingShot,FirePledge|||M|||50|,,,,,Ghost]Primarina||LifeOrb|LiquidVoice|HyperVoice,Moonblast,WaterPledge,Protect|||F|||50|,,,,,Grass]Rillaboom||AssaultVest|GrassySurge|FakeOut,GrassyGlide,GrassPledge,Uturn|||M|||50|,,,,,Fire]Altaria||SitrusBerry|CloudNine|Moonblast,Roost,DragonCheer,CottonGuard|||M|||50|,,,,,Fairy]Hydreigon||ScopeLens|Levitate|DracoMeteor,FocusEnergy,Flamethrower,Protect|||F|||50|,,,,,Fire]Clefable||GrassySeed|Unaware|FollowMe,Moonblast,LifeDew,KnockOff|||M|||50|,,,,,Steel
|inactive|Battle timer is ON: inactive players will automatically lose when time's up. (requested by digenerateneko)
|inactive|digenerateneko has 60 seconds left.
|inactive|Finger_Bender has 60 seconds left.
|c|☆digenerateneko|there is no way this works
|
|t:|1757211427
|teamsize|p1|4
|teamsize|p2|4
|start
|switch|p1a: Gothitelle|Gothitelle, L50, M|100/100
|switch|p1b: Politoed|Politoed, L50, F|100/100
|switch|p2a: Hydreigon|Hydreigon, L50, F|100/100
|switch|p2b: Altaria|Altaria, L50, M|100/100
|-ability|p2b: Altaria|Cloud Nine
|-weather|RainDance|[from] ability: Drizzle|[of] p1b: Politoed
|turn|1
|
|t:|1757211451
|move|p2a: Hydreigon|Protect|p2a: Hydreigon
|-singleturn|p2a: Hydreigon|Protect
|move|p1a: Gothitelle|Fake Out|p2a: Hydreigon
|-activate|p2a: Hydreigon|move: Protect
|move|p2b: Altaria|Dragon Cheer|p2a: Hydreigon
|-start|p2a: Hydreigon|move: Dragon Cheer
|move|p1b: Politoed|Perish Song|p1b: Politoed
|-start|p1a: Gothitelle|perish3|[silent]
|-start|p1b: Politoed|perish3|[silent]
|-start|p2a: Hydreigon|perish3|[silent]
|-start|p2b: Altaria|perish3|[silent]
|-fieldactivate|move: Perish Song
|
|-weather|RainDance|[upkeep]
|-start|p2a: Hydreigon|perish3
|-start|p2b: Altaria|perish3
|-start|p1b: Politoed|perish3
|-start|p1a: Gothitelle|perish3
|upkeep
|turn|2
|
|t:|1757211468
|move|p1b: Politoed|Protect|p1b: Politoed
|-singleturn|p1b: Politoed|Protect
|move|p1a: Gothitelle|Protect|p1a: Gothitelle
|-singleturn|p1a: Gothitelle|Protect
|move|p2a: Hydreigon|Focus Energy||[still]
|-fail|p2a: Hydreigon
|move|p2b: Altaria|Cotton Guard|p2b: Altaria
|-boost|p2b: Altaria|def|3
|
|-weather|RainDance|[upkeep]
|-start|p2a: Hydreigon|perish2
|-start|p2b: Altaria|perish2
|-start|p1b: Politoed|perish2
|-start|p1a: Gothitelle|perish2
|upkeep
|turn|3
|inactive|digenerateneko has 30 seconds left.
|
|t:|1757211494
|move|p2a: Hydreigon|Draco Meteor|p1a: Gothitelle
|-crit|p1a: Gothitelle
|-damage|p1a: Gothitelle|31/100
|-unboost|p2a: Hydreigon|spa|2
|-enditem|p1a: Gothitelle|Sitrus Berry|[eat]
|-heal|p1a: Gothitelle|56/100|[from] item: Sitrus Berry
|move|p2b: Altaria|Moonblast|p1a: Gothitelle
|-damage|p1a: Gothitelle|43/100
|-unboost|p1a: Gothitelle|spa|1
|move|p1b: Politoed|Encore|p2a: Hydreigon
|-start|p2a: Hydreigon|Encore
|move|p1a: Gothitelle|Psychic|p2b: Altaria
|-damage|p2b: Altaria|84/100
|-unboost|p2b: Altaria|spd|1
|
|-weather|RainDance|[upkeep]
|-start|p2a: Hydreigon|perish1
|-start|p2b: Altaria|perish1
|-start|p1b: Politoed|perish1
|-start|p1a: Gothitelle|perish1
|upkeep
|turn|4
|inactive|digenerateneko has 30 seconds left.
|inactive|digenerateneko has 20 seconds left.
|
|t:|1757211531
|switch|p1b: Dondozo|Dondozo, L50, M|100/100
|switch|p1a: Tatsugiri|Tatsugiri, L50, F|100/100
|-activate|p1a: Tatsugiri|ability: Commander|[of] p1b: Dondozo
|-boost|p1b: Dondozo|atk|2
|-boost|p1b: Dondozo|spa|2
|-boost|p1b: Dondozo|spe|2
|-boost|p1b: Dondozo|def|2
|-boost|p1b: Dondozo|spd|2
|move|p2a: Hydreigon|Draco Meteor|p1a: Tatsugiri|[miss]
|-miss|p2a: Hydreigon|p1a: Tatsugiri
|move|p2b: Altaria|Moonblast|p1a: Tatsugiri|[miss]
|-miss|p2b: Altaria|p1a: Tatsugiri
|
|-weather|RainDance|[upkeep]
|-start|p2a: Hydreigon|perish0
|-start|p2b: Altaria|perish0
|upkeep
|faint|p2a: Hydreigon
|faint|p2b: Altaria
|j| draco misses
|-message|Finger_Bender forfeited.
|
|win|digenerateneko
|l|☆Finger_Bender
|player|p2|
||Finger_Bender is ready for game 2.
||digenerateneko is ready for game 2.
|uhtml|next|Next: Game 2 of 3
|l| draco misses
|j| Graffiti Boy
|j| Actoradoboy fan
|j| child Pikachu
|l| child Pikachu
|l| Actoradoboy fan
|j| Culley
|l| Culley
|l| Graffiti Boy
|n| Spiritnekoalt|digenerateneko
|n| spiritnekoalt|spiritnekoalt
