|j|☆Letmein191
|j|☆frankiln turtle
|html|Letmein191frankiln turtle    
|uhtml|bestof|Game 1 of a best-of-3
|t:|1757639987
|gametype|doubles
|player|p1|Letmein191|101|1222
|player|p2|frankiln turtle|266|1212
|gen|9
|tier|[Gen 9] VGC 2025 Reg H (Bo3)
|rated|
|rule|Species Clause: Limit one of each Pokémon
|rule|Item Clause: Limit 1 of each item
|clearpoke
|poke|p1|Volcarona, L50, F|
|poke|p1|Kingambit, L50, F|
|poke|p1|Dragonite, L50, M|
|poke|p1|Sneasler, L50, M|
|poke|p1|Rillaboom, L50, F|
|poke|p1|Electabuzz, L50, F|
|poke|p2|Dragonite, L50, M|
|poke|p2|Arcanine-Hisui, L50, F|
|poke|p2|Rillaboom, L50, F|
|poke|p2|Sneasler, L50, M|
|poke|p2|Ninetales-Alola, L50, F|
|poke|p2|Gholdengo, L50|
|teampreview|4
|showteam|p1|Volcarona||Leftovers|FlameBody|HeatWave,TeraBlast,QuiverDance,Protect|||F|||50|,,,,,Fairy]Kingambit||BlackGlasses|Defiant|KowtowCleave,SuckerPunch,SwordsDance,Protect|||F|||50|,,,,,Dark]Dragonite||LoadedDice|Multiscale|ScaleShot,ExtremeSpeed,Haze,Protect|||M|||50|,,,,,Steel]Sneasler||FocusSash|PoisonTouch|CloseCombat,DireClaw,FakeOut,Coaching|||M|||50|,,,,,Stellar]Rillaboom||AssaultVest|GrassySurge|WoodHammer,GrassyGlide,HighHorsepower,FakeOut|||F|||50|,,,,,Fire]Electabuzz||Eviolite|VitalSpirit|Thunderbolt,Taunt,FollowMe,Protect|||F|||50|,,,,,Ghost
|showteam|p2|Dragonite||LoadedDice|Multiscale|Protect,ScaleShot,StompingTantrum,Tailwind|||M|||50|,,,,,Ground]Arcanine-Hisui||ClearAmulet|Intimidate|Protect,FlareBlitz,RockBlast,ExtremeSpeed|||F|||50|,,,,,Water]Rillaboom||AssaultVest|GrassySurge|GrassyGlide,DrumBeating,HighHorsepower,FakeOut|||F|||50|,,,,,Fire]Sneasler||WhiteHerb|Unburden|Protect,DireClaw,CloseCombat,Coaching|||M|||50|,,,,,Ghost]Ninetales-Alola||FocusSash|SnowWarning|Blizzard,IcyWind,Encore,AuroraVeil|||F|||50|,,,,,Ghost]Gholdengo||GrassySeed|GoodasGold|Protect,MakeItRain,ShadowBall,NastyPlot||||||50|,,,,,Water
|
|t:|1757640039
|teamsize|p1|4
|teamsize|p2|4
|start
|switch|p1a: Volcarona|Volcarona, L50, F|100/100
|switch|p1b: Sneasler|Sneasler, L50, M|100/100
|switch|p2a: Dragonite|Dragonite, L50, M|100/100
|switch|p2b: Sneasler|Sneasler, L50, M|100/100
|turn|1
|
|t:|1757640061
|-terastallize|p1a: Volcarona|Fairy
|move|p1b: Sneasler|Fake Out|p2b: Sneasler
|-damage|p2b: Sneasler|78/100
|cant|p2b: Sneasler|flinch
|move|p1a: Volcarona|Quiver Dance|p1a: Volcarona
|-boost|p1a: Volcarona|spa|1
|-boost|p1a: Volcarona|spd|1
|-boost|p1a: Volcarona|spe|1
|move|p2a: Dragonite|Tailwind|p2a: Dragonite
|-sidestart|p2: frankiln turtle|move: Tailwind
|
|upkeep
|turn|2
|
|t:|1757640086
|switch|p1b: Electabuzz|Electabuzz, L50, F|100/100
|move|p1a: Volcarona|Protect|p1a: Volcarona
|-singleturn|p1a: Volcarona|Protect
|move|p2b: Sneasler|Dire Claw|p1a: Volcarona
|-activate|p1a: Volcarona|move: Protect
|move|p2a: Dragonite|Scale Shot|p1b: Electabuzz
|-damage|p1b: Electabuzz|88/100
|-damage|p1b: Electabuzz|75/100
|-damage|p1b: Electabuzz|63/100
|-damage|p1b: Electabuzz|51/100
|-hitcount|p1b: Electabuzz|4
|-unboost|p2a: Dragonite|def|1
|-boost|p2a: Dragonite|spe|1
|
|upkeep
|turn|3
|
|t:|1757640132
|-terastallize|p2a: Dragonite|Ground
|move|p1b: Electabuzz|Follow Me|p1b: Electabuzz
|-singleturn|p1b: Electabuzz|move: Follow Me
|move|p2a: Dragonite|Stomping Tantrum|p1b: Electabuzz
|-supereffective|p1b: Electabuzz
|-damage|p1b: Electabuzz|0 fnt
|faint|p1b: Electabuzz
|move|p2b: Sneasler|Dire Claw|p1a: Volcarona
|-supereffective|p1a: Volcarona
|-damage|p1a: Volcarona|8/100
|-status|p1a: Volcarona|slp
|cant|p1a: Volcarona|slp
|
|-heal|p1a: Volcarona|15/100 slp|[from] item: Leftovers
|upkeep
|-message|Letmein191 forfeited.
|
|win|frankiln turtle
|l|☆Letmein191
|player|p1|
||frankiln turtle is ready for game 2.
||Letmein191 is ready for game 2.
|uhtml|next|Next: Game 2 of 3
