|j|☆FunkleVGC
|j|☆cesspollon
|html|FunkleVGCcesspollon    
|uhtml|bestof|Game 3 of a best-of-3
|t:|1782336510
|gametype|doubles
|player|p1|FunkleVGC|fisherman-gen4|1164
|player|p2|cesspollon|tuberf|1100
|gen|9
|tier|[Gen 9 Champions] VGC 2026 Reg M-B (Bo3)
|rated|
|rule|Species Clause: Limit one of each Pokémon
|rule|Item Clause: Limit 1 of each item
|clearpoke
|poke|p1|Froslass, L50, F, shiny|
|poke|p1|Scovillain, L50, M, shiny|
|poke|p1|Lycanroc-Dusk, L50, F, shiny|
|poke|p1|Kingambit, L50, M, shiny|
|poke|p1|Basculegion, L50, M, shiny|
|poke|p1|Sneasler, L50, F, shiny|
|poke|p2|Staraptor, L50, F, shiny|
|poke|p2|Sinistcha-Masterpiece, L50|
|poke|p2|Toxapex, L50, M|
|poke|p2|Grimmsnarl, L50, M, shiny|
|poke|p2|Manectric, L50, M|
|poke|p2|Incineroar, L50, M, shiny|
|teampreview|4
|showteam|p1|Froslass||Froslassite|CursedBody|Blizzard,ShadowBall,AuroraVeil,Protect|Modest||F|||50|]Scovillain||Scovillainite|Moody|Overheat,GigaDrain,RagePowder,Protect|Bold||M|||50|]Lycanroc-Dusk||FocusSash|ToughClaws|RockSlide,CloseCombat,Accelerock,Protect|Adamant||F|||50|]Kingambit||BlackGlasses|Defiant|KowtowCleave,SuckerPunch,SwordsDance,Protect|Adamant||M|||50|]Basculegion||SitrusBerry|Adaptability|WaveCrash,LastRespects,AquaJet,Protect|Adamant||M|||50|]Sneasler||WhiteHerb|Unburden|CloseCombat,GunkShot,FakeOut,Protect|Adamant||F|||50|
|showteam|p2|Staraptor||Staraptite|Intimidate|CloseCombat,BraveBird,Roost,Protect|Adamant||F|||50|]Sinistcha-Masterpiece||SitrusBerry|Hospitality|MatchaGotcha,RagePowder,LifeDew,StrengthSap|Calm|||||50|]Toxapex||ZoomLens|Regenerator|BanefulBunker,GunkShot,Toxic,WideGuard|Relaxed||M|||50|]Grimmsnarl||Leftovers|Prankster|FakeOut,PlayRough,ScaryFace,PartingShot|Brave||M|||50|]Manectric||FocusSash|LightningRod|Thunderbolt,VoltSwitch,ElectroBall,ScaryFace|Modest||M|||50|]Incineroar||ChopleBerry|Intimidate|DarkestLariat,FlareBlitz,FakeOut,PartingShot|Impish||M|||50|
|inactive|Battle timer is ON: inactive players will automatically lose when time's up. (requested by FunkleVGC)
|
|t:|1782336541
|teamsize|p1|4
|teamsize|p2|4
|start
|switch|p1a: Froslass|Froslass, L50, F, shiny|100/100
|switch|p1b: Basculegion|Basculegion, L50, M, shiny|100/100
|switch|p2a: Staraptor|Staraptor, L50, F, shiny|100/100
|switch|p2b: Manectric|Manectric, L50, M|100/100
|-ability|p2a: Staraptor|Intimidate|boost
|-unboost|p1a: Froslass|atk|1
|-unboost|p1b: Basculegion|atk|1
|turn|1
|inactive|cesspollon has 30 seconds left.
|inactive|cesspollon has 20 seconds left.
|
|t:|1782336578
|detailschange|p1a: Froslass|Froslass-Mega, L50, F, shiny
|-mega|p1a: Froslass|Froslass|Froslassite
|-weather|Snowscape|[from] ability: Snow Warning|[of] p1a: Froslass
|detailschange|p2a: Staraptor|Staraptor-Mega, L50, F, shiny
|-mega|p2a: Staraptor|Staraptor|Staraptite
|move|p1a: Froslass|Blizzard|p2b: Manectric|[spread] p2a,p2b
|-supereffective|p2a: Staraptor|1
|-damage|p2a: Staraptor|0 fnt
|-damage|p2b: Manectric|24/100
|faint|p2a: Staraptor
|move|p2b: Manectric|Thunderbolt|p1b: Basculegion
|-supereffective|p1b: Basculegion|1
|-damage|p1b: Basculegion|11/100
|-enditem|p1b: Basculegion|Sitrus Berry|[eat]
|-heal|p1b: Basculegion|36/100|[from] item: Sitrus Berry
|move|p1b: Basculegion|Wave Crash|p2b: Manectric
|-damage|p2b: Manectric|0 fnt
|faint|p2b: Manectric
|-damage|p1b: Basculegion|30/100|[from] Recoil
|
|-weather|Snowscape|[upkeep]
|upkeep
|-message|cesspollon forfeited.
|raw|FunkleVGC's rating: 1164 → 1184(+20 for winning)
|raw|cesspollon's rating: 1100 → 1080(-20 for losing)
|
|win|FunkleVGC
