|j|☆Jsjsjsnsjsjs
|j|☆Nuburu
|html|JsjsjsnsjsjsNuburu    
|uhtml|bestof|Game 1 of a best-of-3
|t:|1757678629
|gametype|doubles
|player|p1|Jsjsjsnsjsjs|doctor|1128
|player|p2|Nuburu|riley|1119
|gen|9
|tier|[Gen 9] VGC 2025 Reg H (Bo3)
|rated|
|rule|Species Clause: Limit one of each Pokémon
|rule|Item Clause: Limit 1 of each item
|clearpoke
|poke|p1|Azumarill, L50, M|
|poke|p1|Archaludon, L50, F|
|poke|p1|Sinistcha-Masterpiece, L50|
|poke|p1|Gholdengo, L50|
|poke|p1|Maushold, L50|
|poke|p1|Clefairy, L50, F|
|poke|p2|Gholdengo, L50|
|poke|p2|Dragonite, L50, M|
|poke|p2|Rillaboom, L50, M|
|poke|p2|Ninetales-Alola, L50, M|
|poke|p2|Ursaluna-Bloodmoon, L50, M|
|poke|p2|Magmar, L50, F|
|teampreview|4
|showteam|p1|Azumarill||SitrusBerry|HugePower|AquaJet,IceSpinner,Protect,BellyDrum|||M|||50|,,,,,Poison]Archaludon||PowerHerb|Sturdy|ElectroShot,Protect,DragonPulse,Thunderbolt|||F|||50|,,,,,Electric]Sinistcha-Masterpiece||Leftovers|Hospitality|MatchaGotcha,Protect,RagePowder,LifeDew||||||50|,,,,,Water]Gholdengo||LifeOrb|GoodasGold|MakeItRain,ShadowBall,NastyPlot,Protect||||||50|,,,,,Water]Maushold||CovertCloak|FriendGuard|FollowMe,Protect,Feint,SuperFang||||||50|,,,,,Poison]Clefairy||Eviolite|FriendGuard|LifeDew,HelpingHand,FollowMe,Protect|||F|||50|,,,,,Poison
|showteam|p2|Gholdengo||LifeOrb|GoodasGold|NastyPlot,ShadowBall,Protect,MakeItRain||||||50|,,,,,Dragon]Dragonite||LoadedDice|Multiscale|Tailwind,ScaleShot,Protect,ExtremeSpeed|||M|||50|,,,,,Steel]Rillaboom||MiracleSeed|GrassySurge|FakeOut,GrassyGlide,HighHorsepower,WoodHammer|||M|||50|,,,,,Fire]Ninetales-Alola||CovertCloak|SnowWarning|Encore,IcyWind,Blizzard,AuroraVeil|||M|||50|,,,,,Steel]Ursaluna-Bloodmoon||AssaultVest|MindsEye|BloodMoon,EarthPower,VacuumWave,HyperVoice|||M|||50|,,,,,Water]Magmar||Eviolite|FlameBody|Overheat,WillOWisp,Protect,FollowMe|||F|||50|,,,,,Grass
|inactive|Battle timer is ON: inactive players will automatically lose when time's up. (requested by Jsjsjsnsjsjs)
|inactive|Jsjsjsnsjsjs has 60 seconds left.
|inactive|Nuburu has 60 seconds left.
|inactive|Jsjsjsnsjsjs has 30 seconds left.
|inactive|Jsjsjsnsjsjs has 20 seconds left.
|inactive|Jsjsjsnsjsjs has 15 seconds left.
|
|t:|1757678706
|teamsize|p1|4
|teamsize|p2|4
|start
|switch|p1a: Azumarill|Azumarill, L50, M|100/100
|switch|p1b: Sinistcha|Sinistcha-Masterpiece, L50|100/100
|switch|p2a: Gholdengo|Gholdengo, L50|100/100
|switch|p2b: Dragonite|Dragonite, L50, M|100/100
|turn|1
|inactive|Jsjsjsnsjsjs has 30 seconds left.
|
|t:|1757678735
|move|p1b: Sinistcha|Rage Powder|p1b: Sinistcha
|-singleturn|p1b: Sinistcha|move: Rage Powder
|move|p2a: Gholdengo|Nasty Plot|p2a: Gholdengo
|-boost|p2a: Gholdengo|spa|2
|move|p2b: Dragonite|Scale Shot|p1b: Sinistcha
|-damage|p1b: Sinistcha|86/100
|-damage|p1b: Sinistcha|74/100
|-damage|p1b: Sinistcha|62/100
|-damage|p1b: Sinistcha|49/100
|-damage|p1b: Sinistcha|35/100
|-hitcount|p1b: Sinistcha|5
|-unboost|p2b: Dragonite|def|1
|-boost|p2b: Dragonite|spe|1
|move|p1a: Azumarill|Belly Drum|p1a: Azumarill
|-damage|p1a: Azumarill|50/100
|-setboost|p1a: Azumarill|atk|6|[from] move: Belly Drum
|-enditem|p1a: Azumarill|Sitrus Berry|[eat]
|-heal|p1a: Azumarill|75/100|[from] item: Sitrus Berry
|
|-heal|p1b: Sinistcha|42/100|[from] item: Leftovers
|upkeep
|turn|2
|inactive|Nuburu has 30 seconds left.
|
|t:|1757678762
|move|p1b: Sinistcha|Protect|p1b: Sinistcha
|-singleturn|p1b: Sinistcha|Protect
|move|p2b: Dragonite|Extreme Speed|p1a: Azumarill
|-damage|p1a: Azumarill|41/100
|move|p1a: Azumarill|Aqua Jet|p2a: Gholdengo
|-damage|p2a: Gholdengo|0 fnt
|faint|p2a: Gholdengo
|
|-heal|p1b: Sinistcha|48/100|[from] item: Leftovers
|upkeep
|
|t:|1757678775
|switch|p2a: Rillaboom|Rillaboom, L50, M|100/100
|-fieldstart|move: Grassy Terrain|[from] ability: Grassy Surge|[of] p2a: Rillaboom
|turn|3
|-message|Nuburu forfeited.
|
|win|Jsjsjsnsjsjs
|l|☆Nuburu
|player|p2|
||Jsjsjsnsjsjs is ready for game 2.
|raw|Jsjsjsnsjsjs's rating: 1128 → 1152(+24 for winning)
|raw|Nuburu's rating: 1119 → 1095(-24 for losing)
|l|☆Jsjsjsnsjsjs
|player|p1|
