|j|☆mygreat
|j|☆lucasmalt
|html|mygreatlucasmalt    
|uhtml|bestof|Game 1 of a best-of-3
|t:|1784682314
|gametype|doubles
|player|p1|mygreat|lance|1308
|player|p2|lucasmalt|265|1374
|gen|9
|tier|[Gen 9 Champions] VGC 2026 Reg M-B (Bo3)
|rated|
|rule|Species Clause: Limit one of each Pokémon
|rule|Item Clause: Limit 1 of each item
|clearpoke
|poke|p1|Whimsicott, L50, M|
|poke|p1|Floette-Eternal, L50, F|
|poke|p1|Charizard, L50, M|
|poke|p1|Garchomp, L50, F|
|poke|p1|Kingambit, L50, F|
|poke|p1|Basculegion, L50, M|
|poke|p2|Blaziken, L50, M, shiny|
|poke|p2|Incineroar, L50, F, shiny|
|poke|p2|Sinistcha, L50|
|poke|p2|Milotic, L50, M, shiny|
|poke|p2|Hydreigon, L50, M|
|poke|p2|Gardevoir, L50, M, shiny|
|teampreview|4
|showteam|p1|Whimsicott||FocusSash|Prankster|Moonblast,SunnyDay,Tailwind,Protect|Modest||M|||50|]Floette-Eternal||Floettite|FlowerVeil|DazzlingGleam,LightofRuin,Moonblast,Protect|Modest||F|||50|]Charizard||CharizarditeY|Blaze|SolarBeam,WeatherBall,HeatWave,Protect|Modest||M|||50|]Garchomp||LifeOrb|RoughSkin|DragonClaw,RockSlide,Earthquake,Protect|Jolly||F|||50|]Kingambit||ChopleBerry|Defiant|LowKick,IronHead,KowtowCleave,SuckerPunch|Adamant||F|||50|]Basculegion||MysticWater|Adaptability|AquaJet,WaveCrash,LastRespects,Protect|Adamant||M|||50|
|showteam|p2|Blaziken||Blazikenite|SpeedBoost|FlareBlitz,CloseCombat,RockSlide,Detect|Adamant||M|||50|]Incineroar||SitrusBerry|Intimidate|FakeOut,FlareBlitz,DarkestLariat,PartingShot|Careful||F|||50|]Sinistcha||KasibBerry|Hospitality|MatchaGotcha,RagePowder,TrickRoom,Protect|Bold|||||50|]Milotic||Leftovers|Competitive|MuddyWater,Coil,Hypnosis,Recover|Calm||M|||50|]Hydreigon||ChoiceScarf|Levitate|Snarl,DracoMeteor,DarkPulse,EarthPower|Modest||M|||50|]Gardevoir||Gardevoirite|Trace|HyperVoice,Psyshock,TrickRoom,Protect|Modest||M|||50|
|inactive|Battle timer is ON: inactive players will automatically lose when time's up. (requested by mygreat)
|inactive|lucasmalt has 60 seconds left.
|
|t:|1784682361
|teamsize|p1|4
|teamsize|p2|4
|start
|switch|p1a: Whimsicott|Whimsicott, L50, M|100/100
|switch|p1b: Floette|Floette-Eternal, L50, F|100/100
|switch|p2a: Gardevoir|Gardevoir, L50, M, shiny|100/100
|switch|p2b: Hydreigon|Hydreigon, L50, M|100/100
|-ability|p2a: Gardevoir|Prankster|Trace|[from] ability: Trace|[of] p1a: Whimsicott
|turn|1
|
|t:|1784682374
|switch|p2b: Incineroar|Incineroar, L50, F, shiny|100/100
|-ability|p2b: Incineroar|Intimidate|boost
|-block|p1a: Whimsicott|ability: Flower Veil|[of] p1b: Floette
|-unboost|p1b: Floette|atk|1
|detailschange|p1b: Floette|Floette-Mega, L50, F
|-mega|p1b: Floette|Floette|Floettite
|-ability|p1b: Floette|Fairy Aura
|detailschange|p2a: Gardevoir|Gardevoir-Mega, L50, M, shiny
|-mega|p2a: Gardevoir|Gardevoir|Gardevoirite
|move|p1a: Whimsicott|Moonblast|p2a: Gardevoir
|-damage|p2a: Gardevoir|62/100
|move|p1b: Floette|Dazzling Gleam|p2a: Gardevoir|[spread] p2a,p2b
|-damage|p2a: Gardevoir|26/100
|-damage|p2b: Incineroar|62/100
|move|p2a: Gardevoir|Hyper Voice|p1b: Floette|[spread] p1a,p1b
|-enditem|p1a: Whimsicott|Focus Sash
|-damage|p1a: Whimsicott|1/100
|-damage|p1b: Floette|45/100
|
|upkeep
|turn|2
|inactive|lucasmalt has 30 seconds left.
|
|t:|1784682404
|move|p2b: Incineroar|Fake Out|p1b: Floette
|-damage|p1b: Floette|33/100
|move|p1a: Whimsicott|Moonblast|p2a: Gardevoir
|-damage|p2a: Gardevoir|0 fnt
|faint|p2a: Gardevoir
|cant|p1b: Floette|flinch
|
|upkeep
|
|t:|1784682412
|switch|p2a: Milotic|Milotic, L50, M, shiny|100/100
|turn|3
|
|t:|1784682421
|move|p1a: Whimsicott|Moonblast|p2a: Milotic
|-damage|p2a: Milotic|68/100
|move|p1b: Floette|Moonblast|p2b: Incineroar
|-crit|p2b: Incineroar
|-damage|p2b: Incineroar|0 fnt
|faint|p2b: Incineroar
|move|p2a: Milotic|Muddy Water|p1b: Floette|[spread] p1a
|-miss|p2a: Milotic|p1b: Floette
|-resisted|p1a: Whimsicott|1
|-damage|p1a: Whimsicott|0 fnt
|faint|p1a: Whimsicott
|
|-heal|p2a: Milotic|74/100|[from] item: Leftovers
|upkeep
|
|t:|1784682429
|switch|p1a: Kingambit|Kingambit, L50, F|100/100
|switch|p2b: Hydreigon|Hydreigon, L50, M|100/100
|turn|4
|
|t:|1784682437
|move|p2b: Hydreigon|Earth Power|p1a: Kingambit
|-supereffective|p1a: Kingambit|1
|-damage|p1a: Kingambit|36/100
|move|p1b: Floette|Dazzling Gleam|p2b: Hydreigon|[spread] p2a,p2b
|-supereffective|p2b: Hydreigon|2
|-damage|p2a: Milotic|39/100
|-damage|p2b: Hydreigon|0 fnt
|faint|p2b: Hydreigon
|move|p2a: Milotic|Muddy Water|p1a: Kingambit|[spread] p1a
|-miss|p2a: Milotic|p1b: Floette
|-damage|p1a: Kingambit|12/100
|-unboost|p1a: Kingambit|accuracy|1
|-ability|p1a: Kingambit|Defiant|boost
|-boost|p1a: Kingambit|atk|2
|move|p1a: Kingambit|Low Kick|p2a: Milotic
|-damage|p2a: Milotic|0 fnt
|faint|p2a: Milotic
|
|win|mygreat
|inactive|mygreat has 30 seconds to confirm battle start!
|inactive|lucasmalt has 30 seconds to confirm battle start!
||mygreat is ready for game 2.
