|j|☆teyvgc
|j|☆TheDark69420
|html|teyvgcTheDark69420    
|uhtml|bestof|Game 1 of a best-of-3
|t:|1782361817
|gametype|doubles
|player|p1|teyvgc|rood|1105
|player|p2|TheDark69420|170|1165
|gen|9
|tier|[Gen 9 Champions] VGC 2026 Reg M-B (Bo3)
|rated|
|rule|Species Clause: Limit one of each Pokémon
|rule|Item Clause: Limit 1 of each item
|clearpoke
|poke|p1|Pyroar, L50, F|
|poke|p1|Ninetales, L50, M|
|poke|p1|Whimsicott, L50, M|
|poke|p1|Floette-Eternal, L50, F|
|poke|p1|Basculegion, L50, M|
|poke|p1|Farigiraf, L50, F|
|poke|p2|Hydreigon, L50, M|
|poke|p2|Garchomp, L50, F|
|poke|p2|Metagross, L50|
|poke|p2|Charizard, L50, M|
|poke|p2|Grimmsnarl, L50, M|
|poke|p2|Toxapex, L50, F|
|teampreview|4
|showteam|p1|Pyroar||Pyroarite|Unnerve|HeatWave,Overheat,SolarBeam,Protect|Timid||F|||50|]Ninetales||ChoiceScarf|Drought|HeatWave,Overheat,SolarBeam,FakeTears|Modest||M|||50|]Whimsicott||FocusSash|Prankster|Moonblast,Tailwind,SunnyDay,Protect|Timid||M|||50|]Floette-Eternal||Floettite|FlowerVeil|Moonblast,LightofRuin,DazzlingGleam,Protect|Modest||F|||50|]Basculegion||LifeOrb|Adaptability|WaveCrash,LastRespects,AquaJet,Protect|Adamant||M|||50|]Farigiraf||SitrusBerry|ArmorTail|Psychic,Thunderbolt,TrickRoom,HelpingHand|Bold||F|||50|
|showteam|p2|Hydreigon||ChoiceScarf|Levitate|HeatWave,DarkPulse,DracoMeteor,Snarl|Modest||M|||50|]Garchomp||SitrusBerry|RoughSkin|Earthquake,RockSlide,DragonClaw,Protect|Adamant||F|||50|]Metagross||Metagrossite|ClearBody|IronHead,HammerArm,BulletPunch,Protect|Adamant|||||50|]Charizard||CharizarditeY|Blaze|Protect,HeatWave,SolarBeam,WeatherBall|Timid||M|||50|]Grimmsnarl||RoseliBerry|Prankster|FakeOut,FoulPlay,Reflect,PartingShot|Relaxed||M|||50|]Toxapex||Leftovers|Regenerator|Infestation,Toxic,BanefulBunker,WideGuard|Bold||F|||50|
|
|t:|1782361868
|teamsize|p1|4
|teamsize|p2|4
|start
|switch|p1a: Pyroar|Pyroar, L50, F|100/100
|switch|p1b: Ninetales|Ninetales, L50, M|100/100
|switch|p2a: Grimmsnarl|Grimmsnarl, L50, M|100/100
|switch|p2b: Metagross|Metagross, L50|100/100
|-ability|p1a: Pyroar|Unnerve
|-weather|SunnyDay|[from] ability: Drought|[of] p1b: Ninetales
|turn|1
|
|t:|1782361885
|switch|p2b: Garchomp|Garchomp, L50, F|100/100
|move|p1a: Pyroar|Protect|p1a: Pyroar
|-singleturn|p1a: Pyroar|Protect
|move|p2a: Grimmsnarl|Fake Out|p1a: Pyroar
|-activate|p1a: Pyroar|move: Protect
|move|p1b: Ninetales|Heat Wave|p2a: Grimmsnarl|[spread] p2b
|-miss|p1b: Ninetales|p2a: Grimmsnarl
|-resisted|p2b: Garchomp|1
|-damage|p2b: Garchomp|77/100
|
|-weather|SunnyDay|[upkeep]
|upkeep
|turn|2
|
|t:|1782361910
|detailschange|p1a: Pyroar|Pyroar-Mega, L50, F
|-mega|p1a: Pyroar|Pyroar|Pyroarite
|move|p1b: Ninetales|Heat Wave|p2b: Garchomp|[spread] p2a,p2b
|-crit|p2a: Grimmsnarl
|-resisted|p2b: Garchomp|1
|-damage|p2a: Grimmsnarl|26/100
|-damage|p2b: Garchomp|56/100
|move|p1a: Pyroar|Heat Wave|p2a: Grimmsnarl|[spread] p2a,p2b
|-resisted|p2b: Garchomp|1
|-damage|p2a: Grimmsnarl|0 fnt
|-damage|p2b: Garchomp|18/100
|-enditem|p2b: Garchomp|Sitrus Berry|[eat]
|-heal|p2b: Garchomp|42/100|[from] item: Sitrus Berry
|faint|p2a: Grimmsnarl
|move|p2b: Garchomp|Earthquake|p1a: Pyroar|[spread] p1a,p1b
|-supereffective|p1a: Pyroar|1
|-supereffective|p1b: Ninetales|1
|-damage|p1a: Pyroar|14/100
|-damage|p1b: Ninetales|0 fnt
|faint|p1b: Ninetales
|
|-weather|SunnyDay|[upkeep]
|upkeep
|
|t:|1782361929
|switch|p1b: Farigiraf|Farigiraf, L50, F|100/100
|switch|p2a: Hydreigon|Hydreigon, L50, M|100/100
|turn|3
|
|t:|1782361944
|move|p1b: Farigiraf|Helping Hand|p1a: Pyroar
|-singleturn|p1a: Pyroar|Helping Hand|[of] p1b: Farigiraf
|move|p2a: Hydreigon|Snarl|p1b: Farigiraf|[spread] p1a,p1b
|-supereffective|p1b: Farigiraf|1
|-damage|p1a: Pyroar|0 fnt
|-damage|p1b: Farigiraf|58/100
|-unboost|p1b: Farigiraf|spa|1
|faint|p1a: Pyroar
|move|p2b: Garchomp|Dragon Claw|p1b: Farigiraf
|-damage|p1b: Farigiraf|26/100
|-enditem|p1b: Farigiraf|Sitrus Berry|[eat]
|-heal|p1b: Farigiraf|51/100|[from] item: Sitrus Berry
|
|-weather|SunnyDay|[upkeep]
|upkeep
|-message|teyvgc forfeited.
|
|win|TheDark69420
