|j|☆jacre22
|j|☆mzasquare
|html|jacre22mzasquare    
|uhtml|bestof|Game 1 of a best-of-3
|t:|1756178643
|gametype|doubles
|player|p1|jacre22|iris-gen5bw2|1293
|player|p2|mzasquare|worker-gen4|1198
|gen|9
|tier|[Gen 9] VGC 2025 Reg H (Bo3)
|rated|
|rule|Species Clause: Limit one of each Pokémon
|rule|Item Clause: Limit 1 of each item
|clearpoke
|poke|p1|Whimsicott, L50, F|
|poke|p1|Garchomp, L50, M|
|poke|p1|Gholdengo, L50|
|poke|p1|Incineroar, L50, M|
|poke|p1|Sneasler, L50, M|
|poke|p1|Dragonite, L50, M|
|poke|p2|Sneasler, L50, F|
|poke|p2|Indeedee, L50, M|
|poke|p2|Volcarona, L50, M|
|poke|p2|Ursaluna-Bloodmoon, L50, M|
|poke|p2|Annihilape, L50, M|
|poke|p2|Tyranitar, L50, M|
|teampreview|4
|showteam|p1|Whimsicott||FocusSash|Prankster|Moonblast,Tailwind,Encore,Protect|||F|||50|,,,,,Ghost]Garchomp||LifeOrb|RoughSkin|Earthquake,DragonClaw,StompingTantrum,Protect|||M|||50|,,,,,Ground]Gholdengo||ChoiceSpecs|GoodasGold|MakeItRain,ShadowBall,Trick,PowerGem||||||50|,,,,,Steel]Incineroar||AssaultVest|Intimidate|FakeOut,FlareBlitz,KnockOff,Uturn|||M|||50|,,,,,Grass]Sneasler||WhiteHerb|Unburden|FakeOut,DireClaw,CloseCombat,Protect|||M|||50|,,,,,Stellar]Dragonite||ChoiceBand|InnerFocus|ExtremeSpeed,Outrage,IceSpinner,StompingTantrum|||M|||50|,,,,,Normal
|showteam|p2|Sneasler||PsychicSeed|Unburden|CloseCombat,DireClaw,ThroatChop,Protect|||F|||50|,,,,,Dark]Indeedee||ChoiceScarf|PsychicSurge|ExpandingForce,TeraBlast,Trick,Protect|||M|||50|,,,,,Psychic]Volcarona||SitrusBerry|FlameBody|Overheat,StruggleBug,RagePowder,Tailwind|||M|||50|,,,,,Grass]Ursaluna-Bloodmoon||LifeOrb|MindsEye|BloodMoon,HyperVoice,EarthPower,Protect|||M|||50|,,,,,Normal]Annihilape||SafetyGoggles|Defiant|CloseCombat,RageFist,Taunt,FinalGambit|||M|||50|,,,,,Fairy]Tyranitar||AssaultVest|SandStream|RockSlide,KnockOff,TeraBlast,LowKick|||M|||50|,,,,,Flying
|
|t:|1756178698
|teamsize|p1|4
|teamsize|p2|4
|start
|switch|p1a: Whimsicott|Whimsicott, L50, F|100/100
|switch|p1b: Gholdengo|Gholdengo, L50|100/100
|switch|p2a: Volcarona|Volcarona, L50, M|100/100
|switch|p2b: Annihilape|Annihilape, L50, M|100/100
|turn|1
|
|t:|1756178725
|-terastallize|p1b: Gholdengo|Steel
|move|p1a: Whimsicott|Tailwind|p1a: Whimsicott
|-sidestart|p1: jacre22|move: Tailwind
|move|p1b: Gholdengo|Make It Rain|p2a: Volcarona|[spread] p2a,p2b
|-resisted|p2a: Volcarona
|-damage|p2a: Volcarona|56/100
|-damage|p2b: Annihilape|0 fnt
|-unboost|p1b: Gholdengo|spa|1
|faint|p2b: Annihilape
|move|p2a: Volcarona|Tailwind|p2a: Volcarona
|-sidestart|p2: mzasquare|move: Tailwind
|
|upkeep
|
|t:|1756178745
|switch|p2b: Ursaluna|Ursaluna-Bloodmoon, L50, M|100/100
|turn|2
|
|t:|1756178762
|switch|p2a: Tyranitar|Tyranitar, L50, M|100/100
|-weather|Sandstorm|[from] ability: Sand Stream|[of] p2a: Tyranitar
|move|p1a: Whimsicott|Encore|p2a: Tyranitar
|-hint|Since gen 7, Dark is immune to Prankster moves.
|-immune|p2a: Tyranitar
|move|p1b: Gholdengo|Make It Rain|p2b: Ursaluna|[spread] p2a,p2b
|-supereffective|p2a: Tyranitar
|-damage|p2a: Tyranitar|46/100
|-damage|p2b: Ursaluna|16/100
|-unboost|p1b: Gholdengo|spa|1
|move|p2b: Ursaluna|Earth Power|p1b: Gholdengo
|-supereffective|p1b: Gholdengo
|-damage|p1b: Gholdengo|0 fnt
|faint|p1b: Gholdengo
|-damage|p2b: Ursaluna|6/100|[from] item: Life Orb
|
|-weather|Sandstorm|[upkeep]
|-damage|p1a: Whimsicott|95/100|[from] Sandstorm
|upkeep
|
|t:|1756178793
|switch|p1b: Dragonite|Dragonite, L50, M|100/100
|turn|3
|
|t:|1756178805
|move|p1a: Whimsicott|Moonblast|p2b: Ursaluna
|-damage|p2b: Ursaluna|0 fnt
|faint|p2b: Ursaluna
|move|p1b: Dragonite|Outrage|p2a: Tyranitar
|-damage|p2a: Tyranitar|0 fnt
|faint|p2a: Tyranitar
|
|-weather|Sandstorm|[upkeep]
|-damage|p1a: Whimsicott|89/100|[from] Sandstorm
|-damage|p1b: Dragonite|95/100|[from] Sandstorm
|upkeep
|
|t:|1756178813
|switch|p2b: Volcarona|Volcarona, L50, M|56/100
|turn|4
|
|t:|1756178821
|move|p1a: Whimsicott|Moonblast|p2b: Volcarona
|-resisted|p2b: Volcarona
|-damage|p2b: Volcarona|38/100
|-enditem|p2b: Volcarona|Sitrus Berry|[eat]
|-heal|p2b: Volcarona|63/100|[from] item: Sitrus Berry
|move|p2b: Volcarona|Struggle Bug|p1b: Dragonite|[spread] p1a,p1b
|-resisted|p1b: Dragonite
|-damage|p1a: Whimsicott|60/100
|-damage|p1b: Dragonite|87/100
|-unboost|p1a: Whimsicott|spa|1
|-unboost|p1b: Dragonite|spa|1
|move|p1b: Dragonite|Outrage|p2b: Volcarona|[from] lockedmove
|-damage|p2b: Volcarona|0 fnt
|-status|p1b: Dragonite|brn|[from] ability: Flame Body|[of] p2b: Volcarona
|faint|p2b: Volcarona
|
|win|jacre22
||jacre22 is ready for game 2.
||mzasquare is ready for game 2.
|uhtml|next|Next: Game 2 of 3
