|j|☆FastForwardMyGame
|j|☆i still have it
|html|FastForwardMyGamei still have it    
|uhtml|bestof|Game 3 of a best-of-3
|t:|1757813294
|gametype|doubles
|player|p1|FastForwardMyGame|cyclist|1115
|player|p2|i still have it|169|1195
|gen|9
|tier|[Gen 9] VGC 2025 Reg H (Bo3)
|rated|
|rule|Species Clause: Limit one of each Pokémon
|rule|Item Clause: Limit 1 of each item
|clearpoke
|poke|p1|Hatterene, L50, F|
|poke|p1|Sunflora, L50, F|
|poke|p1|Indeedee-F, L50, F|
|poke|p1|Torkoal, L50, M|
|poke|p1|Gallade, L50, M|
|poke|p1|Ursaluna, L50, M|
|poke|p2|Sneasler, L50, F|
|poke|p2|Rillaboom, L50, M|
|poke|p2|Kingambit, L50, F|
|poke|p2|Incineroar, L50, F|
|poke|p2|Ninetales-Alola, L50, F|
|poke|p2|Dondozo, L50, F|
|teampreview|4
|showteam|p1|Hatterene||CovertCloak|MagicBounce|TrickRoom,ExpandingForce,DazzlingGleam,Protect|||F|||50|,,,,,Water]Sunflora||LifeOrb|SolarPower|EarthPower,WeatherBall,EnergyBall,Protect|||F|||50|,,,,,Fire]Indeedee-F||EjectButton|PsychicSurge|FollowMe,HelpingHand,TrickRoom,TeraBlast|||F|||50|,,,,,Dark]Torkoal||EjectPack|Drought|Eruption,HelpingHand,SunnyDay,Overheat|||M|||50|,,,,,Grass]Gallade||PsychicSeed|Sharpness|TrickRoom,SacredSword,PsychoCut,WideGuard|||M|||50|,,,,,Fire]Ursaluna||FlameOrb|Guts|Facade,HeadlongRush,Protect,Crunch|||M|||50|,,,,,Ghost
|showteam|p2|Sneasler||FocusSash|PoisonTouch|CloseCombat,DireClaw,Coaching,Protect|||F|||50|,,,,,Stellar]Rillaboom||AssaultVest|GrassySurge|WoodHammer,HighHorsepower,FakeOut,GrassyGlide|||M|||50|,,,,,Fire]Kingambit||DreadPlate|Defiant|KowtowCleave,SwordsDance,SuckerPunch,Protect|||F|||50|,,,,,Dark]Incineroar||SafetyGoggles|Intimidate|FlareBlitz,KnockOff,FakeOut,PartingShot|||F|||50|,,,,,Ghost]Ninetales-Alola||CovertCloak|SnowWarning|Blizzard,AuroraVeil,FreezeDry,Protect|||F|||50|,,,,,Ghost]Dondozo||Leftovers|Unaware|WaveCrash,Fissure,Yawn,Protect|||F|||50|,,,,,Poison
|inactive|Battle timer is ON: inactive players will automatically lose when time's up. (requested by FastForwardMyGame)
|inactive|i still have it has 60 seconds left.
|
|t:|1757813339
|teamsize|p1|4
|teamsize|p2|4
|start
|switch|p1a: Anger|Torkoal, L50, M|100/100
|switch|p1b: Goatllade|Gallade, L50, M, shiny|100/100
|switch|p2a: Sneasler|Sneasler, L50, F|100/100
|switch|p2b: Dondozo|Dondozo, L50, F|100/100
|-weather|SunnyDay|[from] ability: Drought|[of] p1a: Anger
|turn|1
|inactive|FastForwardMyGame has 30 seconds left.
|inactive|FastForwardMyGame has 20 seconds left.
|
|t:|1757813374
|switch|p2a: Incineroar|Incineroar, L50, F|100/100
|-ability|p2a: Incineroar|Intimidate|boost
|-unboost|p1a: Anger|atk|1
|-unboost|p1b: Goatllade|atk|1
|-enditem|p1a: Anger|Eject Pack
|
|t:|1757813379
|switch|p1a: Ancient|Ursaluna, L50, M|100/100
|move|p2b: Dondozo|Yawn|p1b: Goatllade
|-start|p1b: Goatllade|move: Yawn|[of] p2b: Dondozo
|move|p1b: Goatllade|Trick Room|p1b: Goatllade
|-fieldstart|move: Trick Room|[of] p1b: Goatllade
|
|-weather|SunnyDay|[upkeep]
|-status|p1a: Ancient|brn|[from] item: Flame Orb
|upkeep
|turn|2
|inactive|i still have it has 30 seconds left.
|
|t:|1757813409
|switch|p1b: Goatflora|Sunflora, L50, F|100/100
|switch|p2a: Rillaboom|Rillaboom, L50, M|100/100
|-fieldstart|move: Grassy Terrain|[from] ability: Grassy Surge|[of] p2a: Rillaboom
|-terastallize|p1a: Ancient|Ghost
|move|p1a: Ancient|Headlong Rush|p2a: Rillaboom
|-resisted|p2a: Rillaboom
|-damage|p2a: Rillaboom|52/100
|-unboost|p1a: Ancient|def|1
|-unboost|p1a: Ancient|spd|1
|move|p2b: Dondozo|Fissure|p1a: Ancient|[miss]
|-miss|p2b: Dondozo|p1a: Ancient
|
|-weather|SunnyDay|[upkeep]
|-damage|p1b: Goatflora|88/100|[from] ability: Solar Power|[of] p1b: Goatflora
|-heal|p1b: Goatflora|94/100|[from] Grassy Terrain
|-heal|p2a: Rillaboom|58/100|[from] Grassy Terrain
|-damage|p1a: Ancient|94/100 brn|[from] brn
|upkeep
|turn|3
|
|t:|1757813434
|switch|p2a: Incineroar|Incineroar, L50, F|100/100
|-ability|p2a: Incineroar|Intimidate|boost
|-unboost|p1a: Ancient|atk|1
|-unboost|p1b: Goatflora|atk|1
|-terastallize|p2b: Dondozo|Poison
|move|p1b: Goatflora|Energy Ball|p2b: Dondozo
|-resisted|p2b: Dondozo
|-damage|p2b: Dondozo|65/100
|-damage|p1b: Goatflora|85/100|[from] item: Life Orb
|move|p1a: Ancient|Facade|p2a: Incineroar
|-damage|p2a: Incineroar|17/100
|move|p2b: Dondozo|Fissure|p1a: Ancient|[miss]
|-miss|p2b: Dondozo|p1a: Ancient
|
|-weather|SunnyDay|[upkeep]
|-damage|p1b: Goatflora|72/100|[from] ability: Solar Power|[of] p1b: Goatflora
|-heal|p1b: Goatflora|79/100|[from] Grassy Terrain
|-heal|p1a: Ancient|100/100 brn|[from] Grassy Terrain
|-heal|p2b: Dondozo|71/100|[from] Grassy Terrain
|-heal|p2b: Dondozo|77/100|[from] item: Leftovers
|-heal|p2a: Incineroar|23/100|[from] Grassy Terrain
|-damage|p1a: Ancient|94/100 brn|[from] brn
|upkeep
|turn|4
|inactive|i still have it has 30 seconds left.
|
|t:|1757813461
|switch|p2b: Rillaboom|Rillaboom, L50, M|58/100
|move|p2a: Incineroar|Fake Out|p1b: Goatflora
|-damage|p1b: Goatflora|61/100
|cant|p1b: Goatflora|flinch
|move|p1a: Ancient|Facade|p2a: Incineroar
|-damage|p2a: Incineroar|0 fnt
|faint|p2a: Incineroar
|
|-weather|SunnyDay|[upkeep]
|-damage|p1b: Goatflora|49/100|[from] ability: Solar Power|[of] p1b: Goatflora
|-heal|p1b: Goatflora|55/100|[from] Grassy Terrain
|-heal|p1a: Ancient|100/100 brn|[from] Grassy Terrain
|-heal|p2b: Rillaboom|63/100|[from] Grassy Terrain
|-damage|p1a: Ancient|94/100 brn|[from] brn
|upkeep
|-message|i still have it forfeited.
|
|win|FastForwardMyGame
|raw|FastForwardMyGame's rating: 1115 → 1146(+31 for winning)
|raw|i still have it's rating: 1195 → 1164(-31 for losing)
|l|☆FastForwardMyGame
|player|p1|
|l|☆i still have it
|player|p2|
