|j|☆Treecko25
|j|☆andiom123
|html|Treecko25andiom123    
|uhtml|bestof|Game 2 of a best-of-3
|t:|1783300176
|gametype|doubles
|player|p1|Treecko25|hilda|1147
|player|p2|andiom123|red|1178
|gen|9
|tier|[Gen 9 Champions] VGC 2026 Reg M-B (Bo3)
|rated|
|rule|Species Clause: Limit one of each Pokémon
|rule|Item Clause: Limit 1 of each item
|clearpoke
|poke|p1|Sceptile, L50, F, shiny|
|poke|p1|Rotom-Wash, L50|
|poke|p1|Floette-Eternal, L50, F|
|poke|p1|Garchomp, L50, F|
|poke|p1|Kingambit, L50, M|
|poke|p1|Talonflame, L50, F|
|poke|p2|Incineroar, L50, M|
|poke|p2|Farigiraf, L50, M|
|poke|p2|Sylveon, L50, F|
|poke|p2|Torkoal, L50, F|
|poke|p2|Kangaskhan, L50, F|
|poke|p2|Mawile, L50, M|
|teampreview|4
|showteam|p1|Sceptile||Sceptilite|Overgrow|DragonPulse,EnergyBall,EarthPower,Protect|Timid||F|||50|]Rotom-Wash||ChoiceScarf|Levitate|Discharge,HydroPump,Thunderbolt,VoltSwitch|Timid|||||50|]Floette-Eternal||Floettite|FlowerVeil|Moonblast,DazzlingGleam,LightofRuin,Protect|Modest||F|||50|]Garchomp||LifeOrb|RoughSkin|StompingTantrum,DragonClaw,RockSlide,Protect|Jolly||F|||50|]Kingambit||ChopleBerry|Defiant|KowtowCleave,SuckerPunch,IronHead,Protect|Adamant||M|||50|]Talonflame||SharpBeak|GaleWings|DualWingbeat,FlareBlitz,Tailwind,QuickGuard|Jolly||F|||50|
|showteam|p2|Incineroar||MuscleBand|Intimidate|ThroatChop,FlareBlitz,FakeOut,PartingShot|Brave||M|||50|]Farigiraf||SitrusBerry|ArmorTail|FoulPlay,PsychicNoise,TrickRoom,HelpingHand|Relaxed||M|||50|]Sylveon||LifeOrb|Pixilate|HyperVoice,HyperBeam,QuickAttack,Detect|Modest||F|||50|]Torkoal||Charcoal|Drought|Eruption,EarthPower,Flamethrower,Protect|Quiet||F|||50|]Kangaskhan||Kangaskhanite|Scrappy|DoubleEdge,FakeOut,IcePunch,HammerArm|Brave||F|||50|]Mawile||Mawilite|HyperCutter|RockSlide,PlayRough,SuckerPunch,Protect|Brave||M|||50|
|inactive|Battle timer is ON: inactive players will automatically lose when time's up. (requested by Treecko25)
|
|t:|1783300212
|teamsize|p1|4
|teamsize|p2|4
|start
|switch|p1a: Floette|Floette-Eternal, L50, F|100/100
|switch|p1b: ガブリアス|Garchomp, L50, F|100/100
|switch|p2a: Farigiraf|Farigiraf, L50, M|100/100
|switch|p2b: Kangaskhan|Kangaskhan, L50, F|100/100
|turn|1
|
|t:|1783300227
|detailschange|p1a: Floette|Floette-Mega, L50, F
|-mega|p1a: Floette|Floette|Floettite
|-ability|p1a: Floette|Fairy Aura
|detailschange|p2b: Kangaskhan|Kangaskhan-Mega, L50, F
|-mega|p2b: Kangaskhan|Kangaskhan|Kangaskhanite
|move|p2b: Kangaskhan|Fake Out|p1a: Floette
|-damage|p1a: Floette|77/100
|-damage|p1a: Floette|71/100
|-hitcount|p1a: Floette|2
|move|p1b: ガブリアス|Rock Slide|p2a: Farigiraf|[spread] p2b
|-miss|p1b: ガブリアス|p2a: Farigiraf
|-crit|p2b: Kangaskhan
|-damage|p2b: Kangaskhan|70/100
|-damage|p1b: ガブリアス|90/100|[from] item: Life Orb
|cant|p1a: Floette|flinch
|move|p2a: Farigiraf|Trick Room|p2a: Farigiraf
|-fieldstart|move: Trick Room|[of] p2a: Farigiraf
|
|upkeep
|turn|2
|
|t:|1783300248
|switch|p2a: Sylveon|Sylveon, L50, F|100/100
|switch|p1a: Kingambit|Kingambit, L50, M|100/100
|move|p1b: ガブリアス|Protect|p1b: ガブリアス
|-singleturn|p1b: ガブリアス|Protect
|move|p2b: Kangaskhan|Double-Edge|p1a: Kingambit
|-resisted|p1a: Kingambit|1
|-damage|p1a: Kingambit|78/100
|-resisted|p1a: Kingambit|1
|-damage|p1a: Kingambit|73/100
|-hitcount|p1a: Kingambit|2
|-damage|p2b: Kangaskhan|62/100|[from] Recoil
|
|upkeep
|turn|3
|
|t:|1783300270
|move|p1a: Kingambit|Iron Head|p2a: Sylveon
|-supereffective|p2a: Sylveon|1
|-damage|p2a: Sylveon|10/100
|move|p2a: Sylveon|Hyper Voice|p1b: ガブリアス|[spread] p1a,p1b
|-supereffective|p1b: ガブリアス|1
|-damage|p1a: Kingambit|23/100
|-damage|p1b: ガブリアス|0 fnt
|faint|p1b: ガブリアス
|-damage|p2a: Sylveon|1/100|[from] item: Life Orb
|move|p2b: Kangaskhan|Hammer Arm|p1a: Kingambit
|-supereffective|p1a: Kingambit|2
|-enditem|p1a: Kingambit|Chople Berry|[eat]
|-enditem|p1a: Kingambit|Chople Berry|[weaken]
|-damage|p1a: Kingambit|0 fnt
|-unboost|p2b: Kangaskhan|spe|1
|faint|p1a: Kingambit
|
|upkeep
|
|t:|1783300279
|switch|p1a: Floette|Floette-Mega, L50, F|71/100
|switch|p1b: Rotom|Rotom-Wash, L50|100/100
|-ability|p1a: Floette|Fairy Aura
|turn|4
|
|t:|1783300300
|move|p2b: Kangaskhan|Double-Edge|p1a: Floette
|-damage|p1a: Floette|0 fnt
|faint|p1a: Floette
|-damage|p2b: Kangaskhan|44/100|[from] Recoil
|move|p2a: Sylveon|Hyper Voice|p1b: Rotom
|-crit|p1b: Rotom
|-damage|p1b: Rotom|0 fnt
|faint|p1b: Rotom
|-damage|p2a: Sylveon|0 fnt|[from] item: Life Orb
|faint|p2a: Sylveon
|
|win|andiom123
|raw|Treecko25's rating: 1147 → 1124(-23 for losing)
|raw|andiom123's rating: 1178 → 1201(+23 for winning)
|l|☆Treecko25
|player|p1|
