|j|☆MrPhoenixGC
|j|☆blackstormgames
|html|MrPhoenixGCblackstormgames    
|uhtml|bestof|Game 2 of a best-of-3
|t:|1783477253
|gametype|doubles
|player|p1|MrPhoenixGC|steven|1165
|player|p2|blackstormgames|lance|1132
|gen|9
|tier|[Gen 9 Champions] VGC 2026 Reg M-B (Bo3)
|rated|
|rule|Species Clause: Limit one of each Pokémon
|rule|Item Clause: Limit 1 of each item
|clearpoke
|poke|p1|Charizard, L50, F|
|poke|p1|Kingambit, L50, F|
|poke|p1|Sylveon, L50, M|
|poke|p1|Garchomp, L50, M|
|poke|p1|Aerodactyl, L50, M|
|poke|p1|Farigiraf, L50, F|
|poke|p2|Blastoise, L50, F|
|poke|p2|Delphox, L50, F|
|poke|p2|Sinistcha, L50|
|poke|p2|Incineroar, L50, M|
|poke|p2|Sneasler, L50, M|
|poke|p2|Garchomp, L50, M|
|teampreview|4
|showteam|p1|Charizard||CharizarditeY|SolarPower|Protect,HeatWave,SolarBeam,WeatherBall|Modest||F|||50|]Kingambit||FocusSash|Defiant|IronHead,SuckerPunch,KowtowCleave,LowKick|Adamant||F|||50|]Sylveon||FairyFeather|Pixilate|Detect,HyperVoice,HyperBeam,QuickAttack|Modest||M|||50|]Garchomp||LifeOrb|RoughSkin|Protect,DragonClaw,Earthquake,RockSlide|Jolly||M|||50|]Aerodactyl||Aerodactylite|Unnerve|IceFang,RockSlide,Tailwind,DualWingbeat|Jolly||M|||50|]Farigiraf||SitrusBerry|ArmorTail|TrickRoom,Psychic,Thunderbolt,Protect|Bold||F|||50|
|showteam|p2|Blastoise||Blastoisinite|Torrent|WaterSpout,DarkPulse,ShellSmash,Protect|Modest||F|||50|]Delphox||Delphoxite|Blaze|HeatWave,Psychic,NastyPlot,Protect|Bold||F|||50|]Sinistcha||OccaBerry|Hospitality|MatchaGotcha,RagePowder,LifeDew,Protect|Calm|||||50|]Incineroar||SitrusBerry|Intimidate|FakeOut,FlareBlitz,PartingShot,ThroatChop|Careful||M|||50|]Sneasler||FocusSash|Unburden|FakeOut,DireClaw,QuickGuard,CloseCombat|Jolly||M|||50|]Garchomp||LifeOrb|RoughSkin|Earthquake,DragonClaw,RockSlide,Protect|Jolly||M|||50|
|
|t:|1783477272
|teamsize|p1|4
|teamsize|p2|4
|start
|switch|p1a: Aerodactyl|Aerodactyl, L50, M|100/100
|switch|p1b: Kingambit|Kingambit, L50, F|100/100
|switch|p2a: Delphox|Delphox, L50, F|100/100
|switch|p2b: Sneasler|Sneasler, L50, M|100/100
|-ability|p1a: Aerodactyl|Unnerve
|turn|1
|
|t:|1783477308
|detailschange|p1a: Aerodactyl|Aerodactyl-Mega, L50, M
|-mega|p1a: Aerodactyl|Aerodactyl|Aerodactylite
|detailschange|p2a: Delphox|Delphox-Mega, L50, F
|-mega|p2a: Delphox|Delphox|Delphoxite
|move|p1b: Kingambit|Sucker Punch|p2a: Delphox
|-supereffective|p2a: Delphox|1
|-damage|p2a: Delphox|22/100
|move|p1a: Aerodactyl|Dual Wingbeat|p2b: Sneasler
|-supereffective|p2b: Sneasler|1
|-damage|p2b: Sneasler|22/100
|-supereffective|p2b: Sneasler|1
|-damage|p2b: Sneasler|0 fnt
|faint|p2b: Sneasler
|-hitcount|p2: Sneasler|2
|move|p2a: Delphox|Heat Wave|p1a: Aerodactyl|[spread] p1a,p1b
|-resisted|p1a: Aerodactyl|1
|-supereffective|p1b: Kingambit|1
|-damage|p1a: Aerodactyl|77/100
|-damage|p1b: Kingambit|14/100
|
|upkeep
|
|t:|1783477325
|switch|p2b: Sinistcha|Sinistcha, L50|100/100
|-heal|p2a: Delphox|47/100|[from] ability: Hospitality|[of] p2b: Sinistcha
|turn|2
|j| MiXwX_
|
|t:|1783477360
|move|p2a: Delphox|Protect|p2a: Delphox
|-singleturn|p2a: Delphox|Protect
|move|p1a: Aerodactyl|Rock Slide|p2b: Sinistcha|[spread] p2b
|-activate|p2a: Delphox|move: Protect
|-damage|p2b: Sinistcha|77/100
|move|p1b: Kingambit|Kowtow Cleave|p2b: Sinistcha
|-supereffective|p2b: Sinistcha|1
|-damage|p2b: Sinistcha|0 fnt
|faint|p2b: Sinistcha
|
|upkeep
|l| MiXwX_
|-message|blackstormgames forfeited.
|
|win|MrPhoenixGC
|raw|MrPhoenixGC's rating: 1165 → 1188(+23 for winning)
|raw|blackstormgames's rating: 1132 → 1109(-23 for losing)
|l|☆blackstormgames
|player|p2|
