|j|☆spellbreakvgc
|j|☆Er Yayo
|html|spellbreakvgcEr Yayo    
|uhtml|bestof|Game 1 of a best-of-3
|t:|1756199586
|gametype|doubles
|player|p1|spellbreakvgc|lance|1065
|player|p2|Er Yayo|1|1208
|gen|9
|tier|[Gen 9] VGC 2025 Reg H (Bo3)
|rated|
|rule|Species Clause: Limit one of each Pokémon
|rule|Item Clause: Limit 1 of each item
|clearpoke
|poke|p1|Whimsicott, L50, M|
|poke|p1|Typhlosion-Hisui, L50, F|
|poke|p1|Dragapult, L50, F|
|poke|p1|Electabuzz, L50, F|
|poke|p1|Torkoal, L50, M|
|poke|p1|Lilligant-Hisui, L50, F|
|poke|p2|Indeedee-F, L50, F|
|poke|p2|Hatterene, L50, F|
|poke|p2|Torkoal, L50, M|
|poke|p2|Charizard, L50, M|
|poke|p2|Ursaluna, L50, F|
|poke|p2|Gallade, L50, M|
|teampreview|4
|showteam|p1|Whimsicott||CovertCloak|Prankster|Tailwind,SunnyDay,Encore,Moonblast|||M|||50|,,,,,Ghost]Typhlosion-Hisui||ChoiceSpecs|Blaze|Eruption,HeatWave,ShadowBall,Overheat|||F|||50|,,,,,Fire]Dragapult||ChoiceBand|ClearBody|DragonDarts,Outrage,SuckerPunch,Uturn|||F|||50|,,,,,Dragon]Electabuzz||Eviolite|VitalSpirit|VoltSwitch,FollowMe,Feint,Protect|||F|||50|,,,,,Ghost]Torkoal||LifeOrb|Drought|Eruption,HeatWave,WeatherBall,EarthPower|||M|||50|,,,,,Fire]Lilligant-Hisui||FocusSash|Chlorophyll|CloseCombat,SleepPowder,AfterYou,LeafBlade|||F|||50|,,,,,Ghost
|showteam|p2|Indeedee-F||PsychicSeed|PsychicSurge|TrickRoom,FollowMe,HelpingHand,Psychic|||F|||50|,,,,,Grass]Hatterene||LifeOrb|MagicBounce|ExpandingForce,DazzlingGleam,TrickRoom,Protect|||F|||50|,,,,,Water]Torkoal||ChoiceSpecs|Drought|Eruption,HeatWave,WeatherBall,ClearSmog|||M|||50|,,,,,Fire]Charizard||ChoiceScarf|SolarPower|DragonPulse,HeatWave,Overheat,AirSlash|||M|||50|,,,,,Fire]Ursaluna||FlameOrb|Guts|Facade,HeadlongRush,Earthquake,Protect|||F|||50|,,,,,Ghost]Gallade||ClearAmulet|Sharpness|TrickRoom,SacredSword,WideGuard,PsychoCut|||M|||50|,,,,,Normal
|inactive|Battle timer is ON: inactive players will automatically lose when time's up. (requested by spellbreakvgc)
|
|t:|1756199623
|teamsize|p1|4
|teamsize|p2|4
|start
|switch|p1a: Typhlosion|Typhlosion-Hisui, L50, F|100/100
|switch|p1b: Dragapult|Dragapult, L50, F|100/100
|switch|p2a: Indeedee|Indeedee-F, L50, F|100/100
|switch|p2b: Hatterene|Hatterene, L50, F|100/100
|-fieldstart|move: Psychic Terrain|[from] ability: Psychic Surge|[of] p2a: Indeedee
|-enditem|p2a: Indeedee|Psychic Seed
|-boost|p2a: Indeedee|spd|1|[from] item: Psychic Seed
|turn|1
|
|t:|1756199639
|-terastallize|p1a: Typhlosion|Fire
|-terastallize|p2b: Hatterene|Water
|move|p1b: Dragapult|U-turn|p2b: Hatterene
|-damage|p2b: Hatterene|54/100
|
|t:|1756199645
|switch|p1b: Torkoal|Torkoal, L50, M|100/100|[from] U-turn
|-weather|SunnyDay|[from] ability: Drought|[of] p1b: Torkoal
|move|p1a: Typhlosion|Eruption|p2a: Indeedee|[spread] p2a,p2b
|-resisted|p2b: Hatterene
|-damage|p2a: Indeedee|0 fnt
|-damage|p2b: Hatterene|0 fnt
|faint|p2a: Indeedee
|faint|p2b: Hatterene
|
|-weather|SunnyDay|[upkeep]
|upkeep
|
|t:|1756199657
|switch|p2a: Torkoal|Torkoal, L50, M|100/100
|switch|p2b: Gallade|Gallade, L50, M|100/100
|turn|2
|
|t:|1756199675
|switch|p1a: Lilligant|Lilligant-Hisui, L50, F|100/100
|move|p2b: Gallade|Wide Guard|p2b: Gallade
|-singleturn|p2b: Gallade|Wide Guard
|move|p2a: Torkoal|Eruption|p1a: Lilligant|[spread] p1a,p1b
|-supereffective|p1a: Lilligant
|-resisted|p1b: Torkoal
|-enditem|p1a: Lilligant|Focus Sash
|-damage|p1a: Lilligant|1/100
|-damage|p1b: Torkoal|33/100
|move|p1b: Torkoal|Heat Wave|p2b: Gallade|[spread] 
|-activate|p2a: Torkoal|move: Wide Guard
|-activate|p2b: Gallade|move: Wide Guard
|
|-weather|SunnyDay|[upkeep]
|upkeep
|turn|3
|inactive|Er Yayo has 30 seconds left.
|
|t:|1756199707
|move|p1a: Lilligant|After You|p1b: Torkoal
|-activate|p1b: Torkoal|move: After You
|move|p1b: Torkoal|Earth Power|p2a: Torkoal
|-supereffective|p2a: Torkoal
|-crit|p2a: Torkoal
|-damage|p2a: Torkoal|0 fnt
|faint|p2a: Torkoal
|-damage|p1b: Torkoal|24/100|[from] item: Life Orb
|move|p2b: Gallade|Trick Room|p2b: Gallade
|-fieldstart|move: Trick Room|[of] p2b: Gallade
|
|-weather|SunnyDay|[upkeep]
|upkeep
|turn|4
|-message|Er Yayo forfeited.
|
|win|spellbreakvgc
|l|☆Er Yayo
|player|p2|
||Er Yayo is ready for game 2.
||spellbreakvgc is ready for game 2.
|uhtml|next|Next: Game 2 of 3
