|j|☆hamlessmel
|j|☆11DiamondsaurVGC
|html|hamlessmel11DiamondsaurVGC    
|uhtml|bestof|Game 2 of a best-of-3
|t:|1757705234
|gametype|doubles
|player|p1|hamlessmel|dawn-gen4pt|1204
|player|p2|11DiamondsaurVGC|skier|1132
|gen|9
|tier|[Gen 9] VGC 2025 Reg H (Bo3)
|rated|
|rule|Species Clause: Limit one of each Pokémon
|rule|Item Clause: Limit 1 of each item
|clearpoke
|poke|p1|Excadrill, L50, M|
|poke|p1|Tyranitar, L50, F|
|poke|p1|Sneasler, L50, F|
|poke|p1|Indeedee, L50, M|
|poke|p1|Annihilape, L50, F|
|poke|p1|Corviknight, L50, F|
|poke|p2|Bellibolt, L50, F|
|poke|p2|Dusknoir, L50, F|
|poke|p2|Torkoal, L50, M|
|poke|p2|Ursaluna-Bloodmoon, L50, M|
|poke|p2|Farigiraf, L50, M|
|poke|p2|Annihilape, L50, M|
|teampreview|4
|showteam|p1|Excadrill||FocusSash|SandRush|Protect,IronHead,HighHorsepower,Earthquake|||M|||50|,,,,,Stellar]Tyranitar||AssaultVest|SandStream|KnockOff,RockSlide,TeraBlast,LowKick|||F|||50|,,,,,Flying]Sneasler||PsychicSeed|Unburden|ThroatChop,CloseCombat,Protect,DireClaw|||F|||50|,,,,,Dark]Indeedee||ChoiceScarf|PsychicSurge|TeraBlast,ExpandingForce,Protect,Trick|||M|||50|,,,,,Fighting]Annihilape||SafetyGoggles|Defiant|Taunt,RageFist,CloseCombat,FinalGambit|||F|||50|,,,,,Water]Corviknight||Leftovers|MirrorArmor|Tailwind,BraveBird,Roost,BulkUp|||F|||50|,,,,,Dragon
|showteam|p2|Bellibolt||WeaknessPolicy|Electromorphosis|Discharge,ElectricTerrain,Thunderbolt,Protect|||F|||50|,,,,,Electric]Dusknoir||SafetyGoggles|Frisk|TrickRoom,Haze,Earthquake,Protect|||F|||50|,,,,,Water]Torkoal||ChoiceSpecs|Drought|Eruption,WeatherBall,EarthPower,Flamethrower|||M|||50|,,,,,Fire]Ursaluna-Bloodmoon||LifeOrb|MindsEye|HyperVoice,BloodMoon,EarthPower,Protect|||M|||50|,,,,,Normal]Farigiraf||MentalHerb|ArmorTail|HyperVoice,TrickRoom,Imprison,Protect|||M|||50|,,,,,Water]Annihilape||ChoiceScarf|VitalSpirit|CloseCombat,FinalGambit,ShadowClaw,Uturn|||M|||50|,,,,,Fire
|inactive|Battle timer is ON: inactive players will automatically lose when time's up. (requested by 11DiamondsaurVGC)
|
|t:|1757705261
|teamsize|p1|4
|teamsize|p2|4
|start
|switch|p1a: Tyranitar|Tyranitar, L50, F, shiny|100/100
|switch|p1b: Excadrill|Excadrill, L50, M, shiny|100/100
|switch|p2a: Jefferson|Farigiraf, L50, M|100/100
|switch|p2b: Max|Annihilape, L50, M|100/100
|-weather|Sandstorm|[from] ability: Sand Stream|[of] p1a: Tyranitar
|turn|1
|
|t:|1757705275
|-terastallize|p1a: Tyranitar|Flying
|move|p1b: Excadrill|Earthquake|p2b: Max|[spread] p2a,p2b
|-immune|p1a: Tyranitar
|-damage|p2a: Jefferson|60/100
|-damage|p2b: Max|59/100
|move|p2b: Max|Final Gambit|p1a: Tyranitar
|-damage|p1a: Tyranitar|32/100
|faint|p2b: Max
|move|p1a: Tyranitar|Knock Off|p2a: Jefferson
|-supereffective|p2a: Jefferson
|-damage|p2a: Jefferson|0 fnt
|-enditem|p2a: Jefferson|Mental Herb|[from] move: Knock Off|[of] p1a: Tyranitar
|faint|p2a: Jefferson
|
|-weather|Sandstorm|[upkeep]
|-damage|p1a: Tyranitar|26/100|[from] Sandstorm
|upkeep
|
|t:|1757705280
|switch|p2b: GloblWarming|Torkoal, L50, M|100/100
|switch|p2a: Skoliosis|Ursaluna-Bloodmoon, L50, M|100/100
|-weather|SunnyDay|[from] ability: Drought|[of] p2b: GloblWarming
|turn|2
|
|t:|1757705300
|switch|p1a: Indeedee|Indeedee, L50, M|100/100
|-fieldstart|move: Psychic Terrain|[from] ability: Psychic Surge|[of] p1a: Indeedee
|move|p1b: Excadrill|Earthquake|p2a: Skoliosis|[spread] p1a,p2a,p2b
|-supereffective|p2b: GloblWarming
|-damage|p1a: Indeedee|9/100
|-damage|p2a: Skoliosis|69/100
|-damage|p2b: GloblWarming|33/100
|move|p2a: Skoliosis|Hyper Voice|p1a: Indeedee|[spread] p1a,p1b
|-resisted|p1b: Excadrill
|-damage|p1a: Indeedee|0 fnt
|-damage|p1b: Excadrill|63/100
|faint|p1a: Indeedee
|-damage|p2a: Skoliosis|59/100|[from] item: Life Orb
|move|p2b: GloblWarming|Flamethrower|p1b: Excadrill
|-supereffective|p1b: Excadrill
|-damage|p1b: Excadrill|0 fnt
|faint|p1b: Excadrill
|
|-weather|SunnyDay|[upkeep]
|upkeep
|
|t:|1757705316
|switch|p1a: Sneasler|Sneasler, L50, F|100/100
|switch|p1b: Tyranitar|Tyranitar, L50, F, shiny, tera:Flying|26/100
|-weather|Sandstorm|[from] ability: Sand Stream|[of] p1b: Tyranitar
|-enditem|p1a: Sneasler|Psychic Seed
|-boost|p1a: Sneasler|spd|1|[from] item: Psychic Seed
|turn|3
|
|t:|1757705334
|move|p2a: Skoliosis|Protect|p2a: Skoliosis
|-singleturn|p2a: Skoliosis|Protect
|move|p1a: Sneasler|Close Combat|p2a: Skoliosis
|-activate|p2a: Skoliosis|move: Protect
|move|p1b: Tyranitar|Knock Off|p2b: GloblWarming
|-damage|p2b: GloblWarming|0 fnt
|-enditem|p2b: GloblWarming|Choice Specs|[from] move: Knock Off|[of] p1b: Tyranitar
|faint|p2b: GloblWarming
|
|-weather|Sandstorm|[upkeep]
|-damage|p1a: Sneasler|95/100|[from] Sandstorm
|-damage|p1b: Tyranitar|20/100|[from] Sandstorm
|upkeep
|turn|4
|
|t:|1757705345
|-terastallize|p2a: Skoliosis|Normal
|move|p1a: Sneasler|Close Combat|p2a: Skoliosis
|-supereffective|p2a: Skoliosis
|-damage|p2a: Skoliosis|0 fnt
|-unboost|p1a: Sneasler|def|1
|-unboost|p1a: Sneasler|spd|1
|faint|p2a: Skoliosis
|
|win|hamlessmel
||hamlessmel is ready for game 3.
||11DiamondsaurVGC is ready for game 3.
|uhtml|next|Next: Game 3 of 3
|l|☆hamlessmel
|player|p1|
|l|☆11DiamondsaurVGC
|player|p2|
