|j|☆MegaMetaBestMeta
|j|☆naibot2814
|html|MegaMetaBestMetanaibot2814    
|uhtml|bestof|Game 1 of a best-of-3
|t:|1757714315
|gametype|doubles
|player|p1|MegaMetaBestMeta|265|1187
|player|p2|naibot2814|ghetsis|1190
|gen|9
|tier|[Gen 9] VGC 2025 Reg H (Bo3)
|rated|
|rule|Species Clause: Limit one of each Pokémon
|rule|Item Clause: Limit 1 of each item
|clearpoke
|poke|p1|Garchomp, L50, M|
|poke|p1|Weezing-Galar, L50, M|
|poke|p1|Archaludon, L50, M|
|poke|p1|Gholdengo, L50|
|poke|p1|Talonflame, L50, F|
|poke|p1|Annihilape, L50, F|
|poke|p2|Gholdengo, L50|
|poke|p2|Porygon2, L50|
|poke|p2|Ursaluna, L50, M|
|poke|p2|Mienshao, L50, F|
|poke|p2|Amoonguss, L50, M|
|poke|p2|Incineroar, L50, M|
|teampreview|4
|showteam|p1|Garchomp||LifeOrb|RoughSkin|DragonClaw,Earthquake,StompingTantrum,Protect|||M|||50|,,,,,Ground]Weezing-Galar||FocusSash|NeutralizingGas|Protect,SludgeBomb,Taunt,StrangeSteam|||M|||50|,,,,,Flying]Archaludon||PowerHerb|Sturdy|ElectroShot,Thunderbolt,DracoMeteor,Protect|||M|||50|,,,,,Electric]Gholdengo||ChoiceSpecs|GoodasGold|ShadowBall,DazzlingGleam,PowerGem,MakeItRain||||||50|,,,,,Fairy]Talonflame||CovertCloak|GaleWings|Tailwind,DualWingbeat,WillOWisp,FlareBlitz|||F|||50|,,,,,Fairy]Annihilape||AssaultVest|Defiant|CloseCombat,RageFist,FinalGambit,IcePunch|||F|||50|,,,,,Grass
|showteam|p2|Gholdengo||LifeOrb|GoodasGold|MakeItRain,NastyPlot,Protect,ShadowBall||||||50|,,,,,Water]Porygon2||Eviolite|Download|TeraBlast,Recover,TrickRoom,IceBeam||||||50|,,,,,Fighting]Ursaluna||FlameOrb|Guts|Earthquake,Protect,Facade,HeadlongRush|||M|||50|,,,,,Ghost]Mienshao||FocusSash|InnerFocus|CloseCombat,FakeOut,WideGuard,IceSpinner|||F|||50|,,,,,Stellar]Amoonguss||CovertCloak|Regenerator|PollenPuff,RagePowder,Spore,ClearSmog|||M|||50|,,,,,Fairy]Incineroar||SafetyGoggles|Intimidate|FlareBlitz,FakeOut,PartingShot,KnockOff|||M|||50|,,,,,Ghost
|c|☆MegaMetaBestMeta|hf
|inactive|Battle timer is ON: inactive players will automatically lose when time's up. (requested by naibot2814)
|
|t:|1757714484
|teamsize|p1|4
|teamsize|p2|4
|start
|switch|p1a: Weezing|Weezing-Galar, L50, M|100/100
|switch|p1b: Garchomp|Garchomp, L50, M|100/100
|switch|p2a: Porygon2|Porygon2, L50|100/100
|switch|p2b: Incineroar|Incineroar, L50, M|100/100
|-ability|p1a: Weezing|Neutralizing Gas
|turn|1
|inactive|naibot2814 has 30 seconds left.
|
|t:|1757714513
|switch|p2b: Amoonguss|Amoonguss, L50, M|100/100
|move|p1b: Garchomp|Stomping Tantrum|p2b: Amoonguss
|-damage|p2b: Amoonguss|57/100
|-damage|p1b: Garchomp|91/100|[from] item: Life Orb
|move|p1a: Weezing|Taunt|p2a: Porygon2
|-start|p2a: Porygon2|move: Taunt
|cant|p2a: Porygon2|move: Taunt|Trick Room
|
|upkeep
|turn|2
|inactive|MegaMetaBestMeta has 30 seconds left.
|inactive|naibot2814 has 30 seconds left.
|inactive|MegaMetaBestMeta has 20 seconds left.
|inactive|MegaMetaBestMeta has 15 seconds left.
|
|t:|1757714557
|-terastallize|p1a: Weezing|Flying
|move|p1b: Garchomp|Earthquake|p2b: Amoonguss|[spread] p2a,p2b
|-immune|p1a: Weezing
|-damage|p2a: Porygon2|71/100
|-damage|p2b: Amoonguss|15/100
|-damage|p1b: Garchomp|81/100|[from] item: Life Orb
|move|p1a: Weezing|Sludge Bomb|p2b: Amoonguss
|-crit|p2b: Amoonguss
|-damage|p2b: Amoonguss|0 fnt
|faint|p2b: Amoonguss
|move|p2a: Porygon2|Ice Beam|p1b: Garchomp
|-supereffective|p1b: Garchomp
|-damage|p1b: Garchomp|0 fnt
|faint|p1b: Garchomp
|
|upkeep
|inactive|MegaMetaBestMeta has 30 seconds left.
|
|t:|1757714584
|switch|p1b: Annihilape|Annihilape, L50, F|100/100
|switch|p2b: Gholdengo|Gholdengo, L50, shiny|100/100
|turn|3
|inactive|MegaMetaBestMeta has 30 seconds left.
|inactive|MegaMetaBestMeta has 20 seconds left.
|inactive|MegaMetaBestMeta has 15 seconds left.
|inactive|MegaMetaBestMeta has 10 seconds left.
|
|t:|1757714633
|move|p1b: Annihilape|Rage Fist|p2b: Gholdengo
|-supereffective|p2b: Gholdengo
|-damage|p2b: Gholdengo|57/100
|move|p1a: Weezing|Strange Steam|p2b: Gholdengo
|-resisted|p2b: Gholdengo
|-damage|p2b: Gholdengo|38/100
|move|p2b: Gholdengo|Nasty Plot|p2b: Gholdengo
|-boost|p2b: Gholdengo|spa|2
|move|p2a: Porygon2|Ice Beam|p1a: Weezing
|-supereffective|p1a: Weezing
|-damage|p1a: Weezing|24/100
|-status|p1a: Weezing|frz
|
|-end|p2a: Porygon2|move: Taunt
|upkeep
|turn|4
|inactive|MegaMetaBestMeta has 30 seconds left.
|inactive|MegaMetaBestMeta has 20 seconds left.
|inactive|MegaMetaBestMeta has 15 seconds left.
|inactive|MegaMetaBestMeta has 10 seconds left.
|
|t:|1757714679
|-terastallize|p2a: Porygon2|Fighting
|move|p2b: Gholdengo|Protect|p2b: Gholdengo
|-singleturn|p2b: Gholdengo|Protect
|move|p1b: Annihilape|Close Combat|p2a: Porygon2
|-damage|p2a: Porygon2|38/100
|-unboost|p1b: Annihilape|def|1
|-unboost|p1b: Annihilape|spd|1
|cant|p1a: Weezing|frz
|move|p2a: Porygon2|Trick Room|p2a: Porygon2
|-fieldstart|move: Trick Room|[of] p2a: Porygon2
|
|upkeep
|turn|5
|inactive|MegaMetaBestMeta has 30 seconds left.
|
|t:|1757714711
|move|p2a: Porygon2|Ice Beam|p1a: Weezing
|-supereffective|p1a: Weezing
|-crit|p1a: Weezing
|-damage|p1a: Weezing|0 fnt
|faint|p1a: Weezing
|-end|p1a: Weezing|ability: Neutralizing Gas
|-ability|p2a: Porygon2|Download|boost
|-boost|p2a: Porygon2|atk|1
|move|p2b: Gholdengo|Shadow Ball|p1b: Annihilape
|-supereffective|p1b: Annihilape
|-damage|p1b: Annihilape|0 fnt
|faint|p1b: Annihilape
|-damage|p2b: Gholdengo|29/100|[from] item: Life Orb
|
|upkeep
|
|t:|1757714721
|switch|p1b: Gholdengo|Gholdengo, L50|100/100
|turn|6
|
|t:|1757714730
|move|p2a: Porygon2|Recover|p2a: Porygon2
|-heal|p2a: Porygon2|88/100
|move|p2b: Gholdengo|Shadow Ball|p1b: Gholdengo
|-supereffective|p1b: Gholdengo
|-damage|p1b: Gholdengo|0 fnt
|faint|p1b: Gholdengo
|-damage|p2b: Gholdengo|19/100|[from] item: Life Orb
|
|win|naibot2814
||MegaMetaBestMeta is ready for game 2.
|inactive|naibot2814 has 30 seconds to confirm battle start!
||naibot2814 is ready for game 2.
|uhtml|next|Next: Game 2 of 3
