|j|☆FlowerBoyFan
|j|☆battle sim trainer
|html|FlowerBoyFanbattle sim trainer    
|uhtml|bestof|Game 2 of a best-of-3
|t:|1757628618
|gametype|doubles
|player|p1|FlowerBoyFan|marshal|1366
|player|p2|battle sim trainer|turo|1225
|gen|9
|tier|[Gen 9] VGC 2025 Reg H (Bo3)
|rated|
|rule|Species Clause: Limit one of each Pokémon
|rule|Item Clause: Limit 1 of each item
|clearpoke
|poke|p1|Ursaluna, L50, M|
|poke|p1|Incineroar, L50, F|
|poke|p1|Tyranitar, L50, M|
|poke|p1|Amoonguss, L50, F|
|poke|p1|Porygon2, L50|
|poke|p1|Gholdengo, L50|
|poke|p2|Bronzong, L50|
|poke|p2|Ursaluna, L50, F|
|poke|p2|Gallade, L50, M|
|poke|p2|Torkoal, L50, M|
|poke|p2|Exeggutor, L50, F|
|poke|p2|Indeedee-F, L50, F|
|teampreview|4
|showteam|p1|Ursaluna||FlameOrb|Guts|Facade,HeadlongRush,Substitute,Protect|||M|||50|,,,,,Ghost]Incineroar||SafetyGoggles|Intimidate|FlareBlitz,KnockOff,FakeOut,PartingShot|||F|||50|,,,,,Grass]Tyranitar||AssaultVest|SandStream|RockSlide,KnockOff,LowKick,TeraBlast|||M|||50|,,,,,Flying]Amoonguss||SitrusBerry|Regenerator|ClearSmog,PollenPuff,Spore,RagePowder|||F|||50|,,,,,Psychic]Porygon2||Eviolite|Download|TeraBlast,IceBeam,Recover,TrickRoom||||||50|,,,,,Fighting]Gholdengo||LifeOrb|GoodasGold|MakeItRain,ShadowBall,NastyPlot,Protect||||||50|,,,,,Dragon
|showteam|p2|Bronzong||PsychicSeed|Levitate|TrickRoom,BodyPress,GyroBall,IronDefense||||||50|,,,,,Poison]Ursaluna||FlameOrb|Guts|Facade,Protect,Earthquake,HeadlongRush|||F|||50|,,,,,Ghost]Gallade||ClearAmulet|Sharpness|PsychoCut,TrickRoom,WideGuard,SacredSword|||M|||50|,,,,,Fire]Torkoal||Charcoal|Drought|Eruption,WeatherBall,ClearSmog,Protect|||M|||50|,,,,,Fire]Exeggutor||FocusSash|Chlorophyll|Imprison,ExpandingForce,EnergyBall,TrickRoom|||F|||50|,,,,,Psychic]Indeedee-F||SafetyGoggles|PsychicSurge|FollowMe,TrickRoom,HelpingHand,Psychic|||F|||50|,,,,,Fairy
|inactive|Battle timer is ON: inactive players will automatically lose when time's up. (requested by FlowerBoyFan)
|
|t:|1757628647
|teamsize|p1|4
|teamsize|p2|4
|start
|switch|p1a: Incineroar|Incineroar, L50, F|100/100
|switch|p1b: Gholdengo|Gholdengo, L50|100/100
|switch|p2a: Swordman|Gallade, L50, M|100/100
|switch|p2b: Indeedeed|Indeedee-F, L50, F|100/100
|-ability|p1a: Incineroar|Intimidate|boost
|-fail|p2a: Swordman|unboost|[from] item: Clear Amulet|[of] p2a: Swordman
|-unboost|p2b: Indeedeed|atk|1
|-fieldstart|move: Psychic Terrain|[from] ability: Psychic Surge|[of] p2b: Indeedeed
|turn|1
|
|t:|1757628668
|move|p1b: Gholdengo|Nasty Plot|p1b: Gholdengo
|-boost|p1b: Gholdengo|spa|2
|move|p1a: Incineroar|Knock Off|p2b: Indeedeed
|-supereffective|p2b: Indeedeed
|-damage|p2b: Indeedeed|19/100
|-enditem|p2b: Indeedeed|Safety Goggles|[from] move: Knock Off|[of] p1a: Incineroar
|move|p2a: Swordman|Sacred Sword|p1a: Incineroar
|-supereffective|p1a: Incineroar
|-damage|p1a: Incineroar|0 fnt
|faint|p1a: Incineroar
|move|p2b: Indeedeed|Trick Room|p2b: Indeedeed
|-fieldstart|move: Trick Room|[of] p2b: Indeedeed
|
|upkeep
|
|t:|1757628678
|switch|p1a: Amoonguss|Amoonguss, L50, F|100/100
|turn|2
|inactive|FlowerBoyFan has 30 seconds left.
|
|t:|1757628715
|move|p2b: Indeedeed|Follow Me|p2b: Indeedeed
|-singleturn|p2b: Indeedeed|move: Follow Me
|move|p1a: Amoonguss|Pollen Puff|p2b: Indeedeed
|-supereffective|p2b: Indeedeed
|-damage|p2b: Indeedeed|0 fnt
|faint|p2b: Indeedeed
|move|p2a: Swordman|Psycho Cut|p1b: Gholdengo
|-resisted|p1b: Gholdengo
|-damage|p1b: Gholdengo|58/100
|move|p1b: Gholdengo|Shadow Ball|p2a: Swordman
|-supereffective|p2a: Swordman
|-damage|p2a: Swordman|0 fnt
|faint|p2a: Swordman
|-damage|p1b: Gholdengo|48/100|[from] item: Life Orb
|
|upkeep
|inactive|battle sim trainer has 30 seconds left.
|
|t:|1757628741
|switch|p2b: Free Hugs|Bronzong, L50|100/100
|switch|p2a: Gummi Bear|Ursaluna, L50, F|100/100
|-enditem|p2b: Free Hugs|Psychic Seed
|-boost|p2b: Free Hugs|spd|1|[from] item: Psychic Seed
|turn|3
|inactive|FlowerBoyFan has 30 seconds left.
|inactive|battle sim trainer has 30 seconds left.
|
|t:|1757628775
|move|p2a: Gummi Bear|Protect|p2a: Gummi Bear
|-singleturn|p2a: Gummi Bear|Protect
|move|p2b: Free Hugs|Iron Defense|p2b: Free Hugs
|-boost|p2b: Free Hugs|def|2
|move|p1a: Amoonguss|Spore|p2a: Gummi Bear
|-activate|p2a: Gummi Bear|move: Protect
|move|p1b: Gholdengo|Shadow Ball|p2b: Free Hugs
|-supereffective|p2b: Free Hugs
|-damage|p2b: Free Hugs|0 fnt
|faint|p2b: Free Hugs
|-damage|p1b: Gholdengo|39/100|[from] item: Life Orb
|
|-status|p2a: Gummi Bear|brn|[from] item: Flame Orb
|upkeep
|turn|4
|
|t:|1757628788
|-terastallize|p1b: Gholdengo|Dragon
|move|p1a: Amoonguss|Pollen Puff|p1b: Gholdengo
|-heal|p1b: Gholdengo|88/100
|move|p2a: Gummi Bear|Earthquake|p1a: Amoonguss|[spread] p1a,p1b
|-damage|p1a: Amoonguss|44/100
|-damage|p1b: Gholdengo|21/100
|-enditem|p1a: Amoonguss|Sitrus Berry|[eat]
|-heal|p1a: Amoonguss|69/100|[from] item: Sitrus Berry
|move|p1b: Gholdengo|Make It Rain|p2a: Gummi Bear
|-damage|p2a: Gummi Bear|0 fnt
|-unboost|p1b: Gholdengo|spa|1
|faint|p2a: Gummi Bear
|-damage|p1b: Gholdengo|11/100|[from] item: Life Orb
|
|win|FlowerBoyFan
|raw|FlowerBoyFan's rating: 1366 → 1378(+12 for winning)
|raw|battle sim trainer's rating: 1225 → 1210(-15 for losing)
|l|☆FlowerBoyFan
|player|p1|
