|j|☆Deletta
|j|☆alitadark
|html|Delettaalitadark    
|uhtml|bestof|Game 1 of a best-of-3
|t:|1783400249
|gametype|doubles
|player|p1|Deletta|101|1000
|player|p2|alitadark|102|1119
|gen|9
|tier|[Gen 9 Champions] VGC 2026 Reg M-B (Bo3)
|rated|
|rule|Species Clause: Limit one of each Pokémon
|rule|Item Clause: Limit 1 of each item
|clearpoke
|poke|p1|Drampa, L50, F|
|poke|p1|Farigiraf, L50, M|
|poke|p1|Hatterene, L50, F|
|poke|p1|Kingambit, L50, M|
|poke|p1|Whimsicott, L50, F|
|poke|p1|Dragapult, L50, M|
|poke|p2|Falinks, L50, shiny|
|poke|p2|Dragalge, L50, F, shiny|
|poke|p2|Aerodactyl, L50, F, shiny|
|poke|p2|Kingambit, L50, F, shiny|
|poke|p2|Farigiraf, L50, F, shiny|
|poke|p2|Sylveon, L50, F|
|teampreview|4
|showteam|p1|Drampa||Drampanite|Berserk|DracoMeteor,CalmMind,HyperVoice,ShadowBall|Quiet||F|||50|]Farigiraf||SitrusBerry|ArmorTail|TrickRoom,HelpingHand,Psychic,HyperVoice|Quiet||M|||50|]Hatterene||FairyFeather|MagicBounce|DazzlingGleam,DrainingKiss,Protect,Trick|Sassy||F|||50|]Kingambit||BlackGlasses|Defiant|KowtowCleave,IronHead,SwordsDance,SuckerPunch|Brave||M|||50|]Whimsicott||FocusSash|Prankster|Taunt,Moonblast,Tailwind,CottonSpore|Bold||F|||50|]Dragapult||KingsRock|Infiltrator|DragonDarts,PsychicFangs,PhantomForce,DragonDance|Adamant||M|||50|
|showteam|p2|Falinks||Falinksite|Defiant|CloseCombat,SeedBomb,KnockOff,Protect|Adamant|||||50|]Dragalge||LifeOrb|Adaptability|DracoMeteor,SludgeBomb,FocusBlast,Protect|Modest||F|||50|]Aerodactyl||Aerodactylite|Unnerve|RockSlide,DualWingbeat,IceFang,Tailwind|Jolly||F|||50|]Kingambit||FocusSash|Defiant|KowtowCleave,IronHead,SuckerPunch,LowKick|Adamant||F|||50|]Farigiraf||SitrusBerry|ArmorTail|Psychic,TrickRoom,HelpingHand,Protect|Bold||F|||50|]Sylveon||FairyFeather|Pixilate|HyperVoice,HyperBeam,QuickAttack,Detect|Modest||F|||50|
|
|t:|1783400298
|teamsize|p1|4
|teamsize|p2|4
|start
|switch|p1a: Farigiraf|Farigiraf, L50, M|100/100
|switch|p1b: Hatterene|Hatterene, L50, F|100/100
|switch|p2a: Farigiraf|Farigiraf, L50, F, shiny|100/100
|switch|p2b: SylPievon|Sylveon, L50, F|100/100
|turn|1
|
|t:|1783400315
|move|p1b: Hatterene|Protect|p1b: Hatterene
|-singleturn|p1b: Hatterene|Protect
|move|p2b: SylPievon|Hyper Voice|p1a: Farigiraf|[spread] p1a
|-activate|p1b: Hatterene|move: Protect
|-damage|p1a: Farigiraf|45/100
|-enditem|p1a: Farigiraf|Sitrus Berry|[eat]
|-heal|p1a: Farigiraf|70/100|[from] item: Sitrus Berry
|move|p2a: Farigiraf|Trick Room|p2a: Farigiraf
|-fieldstart|move: Trick Room|[of] p2a: Farigiraf
|move|p1a: Farigiraf|Trick Room|p1a: Farigiraf
|-fieldend|move: Trick Room
|
|upkeep
|turn|2
|
|t:|1783400333
|move|p2a: Farigiraf|Helping Hand|p2b: SylPievon
|-singleturn|p2b: SylPievon|Helping Hand|[of] p2a: Farigiraf
|move|p2b: SylPievon|Hyper Voice|p1a: Farigiraf|[spread] p1a,p1b
|-damage|p1a: Farigiraf|0 fnt
|-damage|p1b: Hatterene|45/100
|faint|p1a: Farigiraf
|move|p1b: Hatterene|Dazzling Gleam|p2a: Farigiraf|[spread] p2a,p2b
|-damage|p2a: Farigiraf|73/100
|-damage|p2b: SylPievon|74/100
|
|upkeep
|
|t:|1783400343
|switch|p1a: Kingambit|Kingambit, L50, M|100/100
|turn|3
|
|t:|1783400355
|move|p2a: Farigiraf|Helping Hand|p2b: SylPievon
|-singleturn|p2b: SylPievon|Helping Hand|[of] p2a: Farigiraf
|move|p2b: SylPievon|Hyper Voice|p1b: Hatterene|[spread] p1a,p1b
|-damage|p1a: Kingambit|33/100
|-damage|p1b: Hatterene|0 fnt
|faint|p1b: Hatterene
|move|p1a: Kingambit|Swords Dance|p1a: Kingambit
|-boost|p1a: Kingambit|atk|2
|
|upkeep
|
|t:|1783400363
|switch|p1b: Drampa|Drampa, L50, F|100/100
|turn|4
|
|t:|1783400373
|detailschange|p1b: Drampa|Drampa-Mega, L50, F
|-mega|p1b: Drampa|Drampa|Drampanite
|move|p2a: Farigiraf|Helping Hand|p2b: SylPievon
|-singleturn|p2b: SylPievon|Helping Hand|[of] p2a: Farigiraf
|move|p1a: Kingambit|Sucker Punch||[still]
|cant|p2a: Farigiraf|ability: Armor Tail|Sucker Punch|[of] p1a: Kingambit
|move|p2b: SylPievon|Hyper Voice|p1b: Drampa|[spread] p1a,p1b
|-supereffective|p1b: Drampa|1
|-damage|p1a: Kingambit|0 fnt
|-damage|p1b: Drampa|0 fnt
|faint|p1a: Kingambit
|faint|p1b: Drampa
|
|win|alitadark
||Deletta is ready for game 2.
|inactive|alitadark has 30 seconds to confirm battle start!
|l|☆Deletta
|player|p1|
