|j|☆burnerblovsky
|j|☆TeyOnTheRox
|html|burnerblovskyTeyOnTheRox    
|uhtml|bestof|Game 2 of a best-of-3
|t:|1757775226
|gametype|doubles
|player|p1|burnerblovsky|101|1219
|player|p2|TeyOnTheRox|benga|1219
|gen|9
|tier|[Gen 9] VGC 2025 Reg H (Bo3)
|rated|
|rule|Species Clause: Limit one of each Pokémon
|rule|Item Clause: Limit 1 of each item
|clearpoke
|poke|p1|Indeedee-F, L50, F|
|poke|p1|Hatterene, L50, F|
|poke|p1|Kingambit, L50, F|
|poke|p1|Ursaluna, L50, F|
|poke|p1|Annihilape, L50, M|
|poke|p1|Torkoal, L50, F|
|poke|p2|Tyranitar, L50, F|
|poke|p2|Excadrill, L50, M|
|poke|p2|Sneasler, L50, M|
|poke|p2|Indeedee, L50, M|
|poke|p2|Corviknight, L50, M|
|poke|p2|Annihilape, L50, F|
|teampreview|4
|showteam|p1|Indeedee-F||PsychicSeed|PsychicSurge|FollowMe,TrickRoom,HelpingHand,Psychic|||F|||50|,,,,,Water]Hatterene||CovertCloak|MagicBounce|Psychic,ExpandingForce,DazzlingGleam,TrickRoom|||F|||50|,,,,,Psychic]Kingambit||BlackGlasses|Defiant|KowtowCleave,LowKick,SuckerPunch,Protect|||F|||50|,,,,,Fire]Ursaluna||FlameOrb|Guts|HeadlongRush,Earthquake,Protect,Facade|||F|||50|,,,,,Fire]Annihilape||ChoiceScarf|VitalSpirit|FinalGambit,CloseCombat,RageFist,Coaching|||M|||50|,,,,,Fighting]Torkoal||Charcoal|Drought|Eruption,WeatherBall,AncientPower,ClearSmog|||F|||50|,,,,,Fire
|showteam|p2|Tyranitar||AssaultVest|SandStream|RockSlide,KnockOff,TeraBlast,LowKick|||F|||50|,,,,,Flying]Excadrill||FocusSash|SandRush|IronHead,HighHorsepower,Earthquake,Protect|||M|||50|,,,,,Stellar]Sneasler||PsychicSeed|Unburden|DireClaw,CloseCombat,ThroatChop,Protect|||M|||50|,,,,,Dark]Indeedee||ChoiceScarf|PsychicSurge|ExpandingForce,TeraBlast,Protect,Trick|||M|||50|,,,,,Psychic]Corviknight||Leftovers|MirrorArmor|BraveBird,BulkUp,Roost,Tailwind|||M|||50|,,,,,Dragon]Annihilape||SafetyGoggles|Defiant|CloseCombat,FinalGambit,RageFist,Taunt|||F|||50|,,,,,Water
|inactive|Battle timer is ON: inactive players will automatically lose when time's up. (requested by burnerblovsky)
|
|t:|1757775256
|teamsize|p1|4
|teamsize|p2|4
|start
|switch|p1a: Indeedee|Indeedee-F, L50, F|100/100
|switch|p1b: Hatterene|Hatterene, L50, F|100/100
|switch|p2a: Doc Hudson|Tyranitar, L50, F, shiny|100/100
|switch|p2b: Toe Master|Excadrill, L50, M|100/100
|-weather|Sandstorm|[from] ability: Sand Stream|[of] p2a: Doc Hudson
|-fieldstart|move: Psychic Terrain|[from] ability: Psychic Surge|[of] p1a: Indeedee
|-enditem|p1a: Indeedee|Psychic Seed
|-boost|p1a: Indeedee|spd|1|[from] item: Psychic Seed
|turn|1
|
|t:|1757775275
|switch|p1b: Ursaluna|Ursaluna, L50, F|100/100
|-terastallize|p2a: Doc Hudson|Flying
|-terastallize|p1a: Indeedee|Water
|move|p2b: Toe Master|Earthquake|p1a: Indeedee|[spread] p1a,p1b
|-immune|p2a: Doc Hudson
|-damage|p1a: Indeedee|50/100
|-damage|p1b: Ursaluna|64/100
|move|p2a: Doc Hudson|Rock Slide|p1b: Ursaluna|[spread] p1a,p1b
|-resisted|p1b: Ursaluna
|-damage|p1a: Indeedee|14/100
|-damage|p1b: Ursaluna|52/100
|cant|p1a: Indeedee|flinch
|
|-weather|Sandstorm|[upkeep]
|-damage|p2a: Doc Hudson|95/100|[from] Sandstorm
|-damage|p1a: Indeedee|7/100|[from] Sandstorm
|-status|p1b: Ursaluna|brn|[from] item: Flame Orb
|upkeep
|turn|2
|-message|burnerblovsky forfeited.
|
|win|TeyOnTheRox
