|j|☆pedriesta
|j|☆fetru
|html|pedriestafetru    
|uhtml|bestof|Game 1 of a best-of-3
|t:|1782614457
|gametype|doubles
|player|p1|pedriesta|102|1070
|player|p2|fetru|266|1000
|gen|9
|tier|[Gen 9 Champions] VGC 2026 Reg M-B (Bo3)
|rated|
|rule|Species Clause: Limit one of each Pokémon
|rule|Item Clause: Limit 1 of each item
|clearpoke
|poke|p1|Kingambit, L50, F|
|poke|p1|Charizard, L50, M|
|poke|p1|Sylveon, L50, M|
|poke|p1|Garchomp, L50, M|
|poke|p1|Aerodactyl, L50, M|
|poke|p1|Farigiraf, L50, M|
|poke|p2|Hydreigon, L50, F|
|poke|p2|Garchomp, L50, M|
|poke|p2|Metagross, L50|
|poke|p2|Charizard, L50, M|
|poke|p2|Grimmsnarl, L50, M|
|poke|p2|Toxapex, L50, F|
|teampreview|4
|showteam|p1|Kingambit||FocusSash|Defiant|KowtowCleave,SuckerPunch,LowKick,IronHead|Adamant||F|||50|]Charizard||CharizarditeY|Blaze|HeatWave,SolarBeam,WeatherBall,Protect|Modest||M|||50|]Sylveon||FairyFeather|Pixilate|HyperBeam,HyperVoice,QuickAttack,Detect|Modest||M|||50|]Garchomp||LifeOrb|RoughSkin|DragonClaw,Earthquake,StompingTantrum,Protect|Jolly||M|||50|]Aerodactyl||Aerodactylite|Unnerve|RockSlide,Tailwind,DualWingbeat,IceFang|Jolly||M|||50|]Farigiraf||SitrusBerry|ArmorTail|Psychic,Thunderbolt,GrassKnot,TrickRoom|Bold||M|||50|
|showteam|p2|Hydreigon||ChoiceScarf|Levitate|HeatWave,DarkPulse,DracoMeteor,Snarl|Modest||F|||50|]Garchomp||SitrusBerry|RoughSkin|Earthquake,RockSlide,DragonClaw,Protect|Adamant||M|||50|]Metagross||Metagrossite|ClearBody|IronHead,HammerArm,BulletPunch,Protect|Adamant|||||50|]Charizard||CharizarditeY|Blaze|Protect,HeatWave,SolarBeam,WeatherBall|Timid||M|||50|]Grimmsnarl||RoseliBerry|Prankster|FakeOut,FoulPlay,Reflect,PartingShot|Sassy||M|||50|]Toxapex||Leftovers|Regenerator|Infestation,Toxic,BanefulBunker,WideGuard|Bold||F|||50|
|inactive|Battle timer is ON: inactive players will automatically lose when time's up. (requested by pedriesta)
|inactive|pedriesta has 60 seconds left.
|inactive|fetru has 60 seconds left.
|
|t:|1782614513
|teamsize|p1|4
|teamsize|p2|4
|start
|switch|p1a: Garchomp|Garchomp, L50, M|100/100
|switch|p1b: Aerodactyl|Aerodactyl, L50, M|100/100
|switch|p2a: Hydreigon|Hydreigon, L50, F|100/100
|switch|p2b: Metagross|Metagross, L50|100/100
|-ability|p1b: Aerodactyl|Unnerve
|turn|1
|inactive|pedriesta has 30 seconds left.
|inactive|pedriesta has 20 seconds left.
|inactive|pedriesta has 15 seconds left.
|inactive|pedriesta has 10 seconds left.
|inactive|pedriesta has 5 seconds left.
|
|t:|1782614568
|detailschange|p2b: Metagross|Metagross-Mega, L50
|-mega|p2b: Metagross|Metagross|Metagrossite
|move|p2b: Metagross|Bullet Punch|p1b: Aerodactyl
|-supereffective|p1b: Aerodactyl|1
|-damage|p1b: Aerodactyl|5/100
|move|p2a: Hydreigon|Dark Pulse|p1b: Aerodactyl
|-damage|p1b: Aerodactyl|0 fnt
|faint|p1b: Aerodactyl
|move|p1a: Garchomp|Dragon Claw|p2b: Metagross
|-resisted|p2b: Metagross|1
|-damage|p2b: Metagross|83/100
|-damage|p1a: Garchomp|90/100|[from] item: Life Orb
|
|upkeep
|
|t:|1782614584
|switch|p1b: Kingambit|Kingambit, L50, F|100/100
|turn|2
|inactive|pedriesta has 30 seconds left.
|
|t:|1782614616
|switch|p1b: Farigiraf|Farigiraf, L50, M|100/100
|move|p2a: Hydreigon|Dark Pulse|p1a: Garchomp
|-damage|p1a: Garchomp|45/100
|move|p1a: Garchomp|Earthquake|p2a: Hydreigon|[spread] p1b,p2b
|-immune|p2a: Hydreigon|[from] ability: Levitate
|-supereffective|p2b: Metagross|1
|-damage|p1b: Farigiraf|64/100
|-damage|p2b: Metagross|11/100
|-damage|p1a: Garchomp|36/100|[from] item: Life Orb
|move|p2b: Metagross|Hammer Arm|p1b: Farigiraf
|-damage|p1b: Farigiraf|24/100
|-unboost|p2b: Metagross|spe|1
|-enditem|p1b: Farigiraf|Sitrus Berry|[eat]
|-heal|p1b: Farigiraf|49/100|[from] item: Sitrus Berry
|
|upkeep
|turn|3
|-message|pedriesta forfeited.
|
|win|fetru
||pedriesta is ready for game 2.
|inactive|fetru has 30 seconds to confirm battle start!
||fetru is ready for game 2.
|uhtml|next|Next: Game 2 of 3
|l|☆pedriesta
|player|p1|
