|j|☆meikh_neiht
|j|☆Pineyfressh
|html|meikh_neihtPineyfressh    
|uhtml|bestof|Game 2 of a best-of-3
|t:|1782531767
|gametype|doubles
|player|p1|meikh_neiht|lucas|1137
|player|p2|Pineyfressh|102|1062
|gen|9
|tier|[Gen 9 Champions] VGC 2026 Reg M-B (Bo3)
|rated|
|rule|Species Clause: Limit one of each Pokémon
|rule|Item Clause: Limit 1 of each item
|clearpoke
|poke|p1|Staraptor, L50, F|
|poke|p1|Sinistcha, L50|
|poke|p1|Maushold, L50|
|poke|p1|Kingambit, L50, M|
|poke|p1|Sneasler, L50, F|
|poke|p1|Delphox, L50, F|
|poke|p2|Starmie, L50|
|poke|p2|Aegislash, L50, F|
|poke|p2|Meganium, L50, M|
|poke|p2|Primarina, L50, M|
|poke|p2|Arcanine-Hisui, L50, F|
|poke|p2|Politoed, L50, M|
|teampreview|4
|showteam|p1|Staraptor||Staraptite|Intimidate|CloseCombat,BraveBird,Roost,Protect|Adamant||F|||50|]Sinistcha||SitrusBerry|Hospitality|RagePowder,MatchaGotcha,TrickRoom,LifeDew|Calm|||||50|]Maushold||ChopleBerry|FriendGuard|Encore,Charm,FollowMe,Protect|Timid|||||50|]Kingambit||OccaBerry|Defiant|KowtowCleave,SuckerPunch,SwordsDance,Protect|Adamant||M|||50|]Sneasler||WhiteHerb|Unburden|DireClaw,Protect,FakeOut,CloseCombat|Jolly||F|||50|]Delphox||Delphoxite|Blaze|HeatWave,Psyshock,NastyPlot,Protect|Timid||F|||50|
|showteam|p2|Starmie||Starminite|Illuminate|Liquidation,PsychoCut,Protect,SelfDestruct|Jolly|||||50|]Aegislash||FocusSash|StanceChange|SwordsDance,ShadowSneak,KingsShield,IronHead|Adamant||F|||50|]Meganium||Meganiumite|Overgrow|SolarBeam,Synthesis,DazzlingGleam,Protect|Timid||M|||50|]Primarina||SitrusBerry|LiquidVoice|HyperVoice,DazzlingGleam,Protect,EnergyBall|Modest||M|||50|]Arcanine-Hisui||Leftovers|Intimidate|Howl,RockSlide,Protect,ExtremeSpeed|Jolly||F|||50|]Politoed||DampRock|Drizzle|WeatherBall,PerishSong,Encore,Protect|Calm||M|||50|
|
|t:|1782531812
|teamsize|p1|4
|teamsize|p2|4
|start
|switch|p1a: Kingambit|Kingambit, L50, M|100/100
|switch|p1b: Sneasler|Sneasler, L50, F|100/100
|switch|p2a: Arcanine|Arcanine-Hisui, L50, F|100/100
|switch|p2b: Starmie|Starmie, L50|100/100
|-ability|p2a: Arcanine|Intimidate|boost
|-unboost|p1a: Kingambit|atk|1
|-ability|p1a: Kingambit|Defiant|boost
|-boost|p1a: Kingambit|atk|2
|-unboost|p1b: Sneasler|atk|1
|-enditem|p1b: Sneasler|White Herb
|-clearnegativeboost|p1b: Sneasler|[silent]
|turn|1
|
|t:|1782531830
|detailschange|p2b: Starmie|Starmie-Mega, L50
|-mega|p2b: Starmie|Starmie|Starminite
|move|p2b: Starmie|Protect|p2b: Starmie
|-singleturn|p2b: Starmie|Protect
|move|p1a: Kingambit|Sucker Punch||[still]
|-fail|p1a: Kingambit
|move|p1b: Sneasler|Close Combat|p2a: Arcanine
|-supereffective|p2a: Arcanine|1
|-damage|p2a: Arcanine|0 fnt
|-unboost|p1b: Sneasler|def|1
|-unboost|p1b: Sneasler|spd|1
|faint|p2a: Arcanine
|
|upkeep
|
|t:|1782531846
|switch|p2a: Politoed|Politoed, L50, M|100/100
|-weather|RainDance|[from] ability: Drizzle|[of] p2a: Politoed
|turn|2
|
|t:|1782531879
|switch|p1b: Maushold|Maushold, L50|100/100
|move|p2a: Politoed|Protect|p2a: Politoed
|-singleturn|p2a: Politoed|Protect
|move|p1a: Kingambit|Sucker Punch|p2b: Starmie
|-supereffective|p2b: Starmie|1
|-damage|p2b: Starmie|0 fnt
|faint|p2b: Starmie
|
|-weather|RainDance|[upkeep]
|upkeep
|-message|Pineyfressh forfeited.
|raw|meikh_neiht's rating: 1137 → 1157(+20 for winning)
|raw|Pineyfressh's rating: 1062 → 1047(-15 for losing)
|
|win|meikh_neiht
|l|☆Pineyfressh
|player|p2|
