|j|☆certified urgl
|j|☆sbhaga34
|html|certified urglsbhaga34    
|uhtml|bestof|Game 3 of a best-of-3
|t:|1754758045
|gametype|doubles
|player|p1|certified urgl|102|1197
|player|p2|sbhaga34|hugh|1263
|gen|9
|tier|[Gen 9] VGC 2025 Reg H (Bo3)
|rated|
|rule|Species Clause: Limit one of each Pokémon
|rule|Item Clause: Limit 1 of each item
|clearpoke
|poke|p1|Volcarona, L50, F|
|poke|p1|Sneasler, L50, M|
|poke|p1|Dragapult, L50, F|
|poke|p1|Electabuzz, L50, F|
|poke|p1|Primarina, L50, M|
|poke|p1|Rillaboom, L50, M|
|poke|p2|Indeedee-F, L50, F|
|poke|p2|Kilowattrel, L50, M|
|poke|p2|Tyranitar, L50, M|
|poke|p2|Excadrill, L50, M|
|poke|p2|Gardevoir, L50, M|
|poke|p2|Incineroar, L50, M|
|teampreview|4
|showteam|p1|Volcarona||Leftovers|FlameBody|QuiverDance,Flamethrower,GigaDrain,Protect|||F|||50|,,,,,Grass]Sneasler||FocusSash|PoisonTouch|CloseCombat,DireClaw,FakeOut,Protect|||M|||50|,,,,,Stellar]Dragapult||ChoiceBand|ClearBody|DragonDarts,Outrage,Uturn,PhantomForce|||F|||50|,,,,,Dragon]Electabuzz||Eviolite|VitalSpirit|FollowMe,Taunt,Electroweb,Protect|||F|||50|,,,,,Fairy]Primarina||ThroatSpray|LiquidVoice|HyperVoice,Moonblast,Haze,Protect|||M|||50|,,,,,Steel]Rillaboom||AssaultVest|GrassySurge|WoodHammer,GrassyGlide,FakeOut,Uturn|||M|||50|,,,,,Fire
|showteam|p2|Indeedee-F||RockyHelmet|PsychicSurge|FollowMe,TrickRoom,Imprison,Psychic|||F|||50|,,,,,Water]Kilowattrel||CovertCloak|Competitive|VoltSwitch,Discharge,AirSlash,Tailwind|||M|||50|,,,,,Electric]Tyranitar||SmoothRock|SandStream|RockSlide,KnockOff,LowKick,Protect|||M|||50|,,,,,Flying]Excadrill||FocusSash|SandRush|Earthquake,IronHead,SwordsDance,Protect|||M|||50|,,,,,Ground]Gardevoir||ChoiceScarf|Telepathy|ExpandingForce,DazzlingGleam,Moonblast,IcyWind|||M|||50|,,,,,Psychic]Incineroar||SafetyGoggles|Intimidate|FakeOut,FlareBlitz,KnockOff,PartingShot|||M|||50|,,,,,Ghost
|inactive|Battle timer is ON: inactive players will automatically lose when time's up. (requested by certified urgl)
|inactive|certified urgl has 60 seconds left.
|
|t:|1754758088
|teamsize|p1|4
|teamsize|p2|4
|start
|switch|p1a: Sneasler|Sneasler, L50, M|100/100
|switch|p1b: Primarina|Primarina, L50, M|100/100
|switch|p2a: Gardevoir|Gardevoir, L50, M, shiny|100/100
|switch|p2b: Tyranitar|Tyranitar, L50, M|100/100
|-weather|Sandstorm|[from] ability: Sand Stream|[of] p2b: Tyranitar
|turn|1
|inactive|certified urgl has 30 seconds left.
|inactive|sbhaga34 has 30 seconds left.
|inactive|certified urgl has 20 seconds left.
|inactive|certified urgl has 15 seconds left.
|inactive|sbhaga34 has 20 seconds left.
|inactive|certified urgl has 10 seconds left.
|inactive|sbhaga34 has 15 seconds left.
|inactive|certified urgl has 5 seconds left.
|
|t:|1754758138
|-terastallize|p2a: Gardevoir|Psychic
|move|p2a: Gardevoir|Expanding Force|p1a: Sneasler
|-supereffective|p1a: Sneasler
|-enditem|p1a: Sneasler|Focus Sash
|-damage|p1a: Sneasler|1/100
|move|p1a: Sneasler|Dire Claw|p2a: Gardevoir
|-damage|p2a: Gardevoir|24/100
|-status|p2a: Gardevoir|psn|[from] ability: Poison Touch|[of] p1a: Sneasler
|move|p1b: Primarina|Hyper Voice|p2b: Tyranitar|[spread] p2a,p2b
|-supereffective|p2b: Tyranitar
|-damage|p2a: Gardevoir|0 fnt
|-damage|p2b: Tyranitar|51/100
|faint|p2a: Gardevoir
|-enditem|p1b: Primarina|Throat Spray
|-boost|p1b: Primarina|spa|1|[from] item: Throat Spray
|move|p2b: Tyranitar|Knock Off|p1b: Primarina
|-resisted|p1b: Primarina
|-damage|p1b: Primarina|79/100
|
|-weather|Sandstorm|[upkeep]
|-damage|p1a: Sneasler|0 fnt|[from] Sandstorm
|-damage|p1b: Primarina|73/100|[from] Sandstorm
|faint|p1a: Sneasler
|upkeep
|
|t:|1754758161
|switch|p1a: Dragapult|Dragapult, L50, F|100/100
|switch|p2a: Excadrill|Excadrill, L50, M, shiny|100/100
|turn|2
|inactive|certified urgl has 30 seconds left.
|inactive|sbhaga34 has 30 seconds left.
|
|t:|1754758195
|move|p1b: Primarina|Protect|p1b: Primarina
|-singleturn|p1b: Primarina|Protect
|move|p2b: Tyranitar|Protect|p2b: Tyranitar
|-singleturn|p2b: Tyranitar|Protect
|move|p2a: Excadrill|Earthquake|p1a: Dragapult|[spread] p1a
|-activate|p2b: Tyranitar|move: Protect
|-activate|p1b: Primarina|move: Protect
|-damage|p1a: Dragapult|38/100
|move|p1a: Dragapult|U-turn|p2a: Excadrill
|-resisted|p2a: Excadrill
|-damage|p2a: Excadrill|74/100
|
|t:|1754758206
|switch|p1a: Rillaboom|Rillaboom, L50, M|100/100|[from] U-turn
|-fieldstart|move: Grassy Terrain|[from] ability: Grassy Surge|[of] p1a: Rillaboom
|
|-weather|Sandstorm|[upkeep]
|-damage|p1a: Rillaboom|95/100|[from] Sandstorm
|-damage|p1b: Primarina|67/100|[from] Sandstorm
|-heal|p2a: Excadrill|80/100|[from] Grassy Terrain
|-heal|p1a: Rillaboom|100/100|[from] Grassy Terrain
|-heal|p1b: Primarina|73/100|[from] Grassy Terrain
|-heal|p2b: Tyranitar|57/100|[from] Grassy Terrain
|upkeep
|turn|3
|
|t:|1754758216
|switch|p2b: Indeedee|Indeedee-F, L50, F|100/100
|-fieldstart|move: Psychic Terrain|[from] ability: Psychic Surge|[of] p2b: Indeedee
|move|p2a: Excadrill|Earthquake|p1b: Primarina|[spread] p2b,p1a,p1b
|-resisted|p1a: Rillaboom
|-damage|p2b: Indeedee|54/100
|-damage|p1a: Rillaboom|82/100
|-damage|p1b: Primarina|23/100
|move|p1a: Rillaboom|Wood Hammer|p2a: Excadrill
|-damage|p2a: Excadrill|0 fnt
|faint|p2a: Excadrill
|-damage|p1a: Rillaboom|58/100|[from] Recoil
|move|p1b: Primarina|Hyper Voice|p2b: Indeedee
|-damage|p2b: Indeedee|0 fnt
|faint|p2b: Indeedee
|
|-weather|Sandstorm|[upkeep]
|-damage|p1a: Rillaboom|52/100|[from] Sandstorm
|-damage|p1b: Primarina|18/100|[from] Sandstorm
|upkeep
|-message|sbhaga34 forfeited.
|
|win|certified urgl
|raw|certified urgl's rating: 1197 → 1227(+30 for winning)
|raw|sbhaga34's rating: 1263 → 1233(-30 for losing)
|l|☆sbhaga34
|player|p2|
