|j|☆Daniw9
|j|☆felasmiguel
|html|Daniw9felasmiguel    
|uhtml|bestof|Game 1 of a best-of-3
|t:|1756485476
|gametype|doubles
|player|p1|Daniw9|2|1203
|player|p2|felasmiguel|scientist|1111
|gen|9
|tier|[Gen 9] VGC 2025 Reg H (Bo3)
|rated|
|rule|Species Clause: Limit one of each Pokémon
|rule|Item Clause: Limit 1 of each item
|clearpoke
|poke|p1|Garchomp, L50, F|
|poke|p1|Tyranitar, L50, F|
|poke|p1|Delphox, L50, F|
|poke|p1|Indeedee-F, L50, F|
|poke|p1|Gallade, L50, M|
|poke|p1|Whimsicott, L50, F|
|poke|p2|Metagross, L50|
|poke|p2|Mienshao, L50, M|
|poke|p2|Sinistcha, L50|
|poke|p2|Frosmoth, L50, M|
|poke|p2|Glimmora, L50, F|
|poke|p2|Ninetales-Alola, L50, M|
|teampreview|4
|showteam|p1|Garchomp||LifeOrb|SandVeil|Earthquake,StompingTantrum,Protect,DragonClaw|||F|||50|,,,,,Steel]Tyranitar||AssaultVest|SandStream|RockSlide,TeraBlast,KnockOff,LowKick|||F|||50|,,,,,Flying]Delphox||PsychicSeed|Magician|ExpandingForce,HeatWave,TeraBlast,Protect|||F|||50|,,,,,Fairy]Indeedee-F||SafetyGoggles|PsychicSurge|DazzlingGleam,TrickRoom,FollowMe,HelpingHand|||F|||50|,,,,,Water]Gallade||ClearAmulet|Sharpness|SacredSword,PsychoCut,TrickRoom,Protect|||M|||50|,,,,,Grass]Whimsicott||CovertCloak|Prankster|Moonblast,Tailwind,Encore,Protect|||F|||50|,,,,,Ghost
|showteam|p2|Metagross||AssaultVest|ClearBody|HardPress,PsychicFangs,BulletPunch,StompingTantrum||||||50|,,,,,Dragon]Mienshao||FocusSash|InnerFocus|CloseCombat,WideGuard,Taunt,Coaching|||M|||50|,,,,,Fighting]Sinistcha||RockyHelmet|Hospitality|LifeDew,MatchaGotcha,RagePowder,TrickRoom||||||50|,,,,,Dark]Frosmoth||SafetyGoggles|IceScales|QuiverDance,IceBeam,TeraBlast,Protect|||M|||50|,,,,,Electric]Glimmora||PowerHerb|Corrosion|MeteorBeam,Toxic,SpikyShield,EarthPower|||F|||50|,,,,,Grass]Ninetales-Alola||LightClay|SnowWarning|AuroraVeil,FreezeDry,Encore,Protect|||M|||50|,,,,,Ghost
|
|t:|1756485525
|teamsize|p1|4
|teamsize|p2|4
|start
|switch|p1a: Indeedee|Indeedee-F, L50, F|100/100
|switch|p1b: Delphox|Delphox, L50, F|100/100
|switch|p2a: Metagross|Metagross, L50|100/100
|switch|p2b: Mienshao|Mienshao, L50, M|100/100
|-fieldstart|move: Psychic Terrain|[from] ability: Psychic Surge|[of] p1a: Indeedee
|-enditem|p1b: Delphox|Psychic Seed
|-boost|p1b: Delphox|spd|1|[from] item: Psychic Seed
|turn|1
|
|t:|1756485566
|switch|p1a: Tyranitar|Tyranitar, L50, F|100/100
|-weather|Sandstorm|[from] ability: Sand Stream|[of] p1a: Tyranitar
|-terastallize|p1b: Delphox|Fairy
|move|p2b: Mienshao|Coaching|p2a: Metagross
|-boost|p2a: Metagross|atk|1
|-boost|p2a: Metagross|def|1
|move|p1b: Delphox|Tera Blast|p2b: Mienshao|[anim] Tera Blast Fairy
|-supereffective|p2b: Mienshao
|-crit|p2b: Mienshao
|-enditem|p2b: Mienshao|Focus Sash
|-damage|p2b: Mienshao|1/100
|move|p2a: Metagross|Stomping Tantrum|p1b: Delphox
|-damage|p1b: Delphox|28/100
|
|-weather|Sandstorm|[upkeep]
|-damage|p2b: Mienshao|0 fnt|[from] Sandstorm
|-damage|p1b: Delphox|22/100|[from] Sandstorm
|faint|p2b: Mienshao
|upkeep
|
|t:|1756485580
|switch|p2b: Ninetales|Ninetales-Alola, L50, M|100/100
|-weather|Snowscape|[from] ability: Snow Warning|[of] p2b: Ninetales
|turn|2
|
|t:|1756485600
|switch|p1a: Gallade|Gallade, L50, M|100/100
|move|p2b: Ninetales|Encore|p1b: Delphox
|-start|p1b: Delphox|Encore
|move|p1b: Delphox|Tera Blast|p2a: Metagross|[anim] Tera Blast Fairy
|-resisted|p2a: Metagross
|-damage|p2a: Metagross|86/100
|-item|p1b: Delphox|Assault Vest|[from] ability: Magician|[of] p2a: Metagross
|move|p2a: Metagross|Hard Press|p1a: Gallade
|-damage|p1a: Gallade|0 fnt
|faint|p1a: Gallade
|
|-weather|Snowscape|[upkeep]
|upkeep
|
|t:|1756485614
|switch|p1a: Tyranitar|Tyranitar, L50, F|100/100
|-weather|Sandstorm|[from] ability: Sand Stream|[of] p1a: Tyranitar
|turn|3
|
|t:|1756485631
|move|p2b: Ninetales|Protect|p2b: Ninetales
|-singleturn|p2b: Ninetales|Protect
|move|p1b: Delphox|Tera Blast|p2b: Ninetales|[anim] Tera Blast Fairy
|-activate|p2b: Ninetales|move: Protect
|move|p1a: Tyranitar|Knock Off|p2a: Metagross
|-supereffective|p2a: Metagross
|-damage|p2a: Metagross|48/100
|move|p2a: Metagross|Hard Press|p1a: Tyranitar
|-supereffective|p1a: Tyranitar
|-damage|p1a: Tyranitar|0 fnt
|faint|p1a: Tyranitar
|
|-weather|Sandstorm|[upkeep]
|-damage|p2b: Ninetales|94/100|[from] Sandstorm
|-damage|p1b: Delphox|16/100|[from] Sandstorm
|upkeep
|
|t:|1756485642
|switch|p1a: Indeedee|Indeedee-F, L50, F|100/100
|turn|4
|-message|Daniw9 forfeited.
|
|win|felasmiguel
|l|☆Daniw9
|player|p1|
||Daniw9 is ready for game 2.
||felasmiguel is ready for game 2.
|uhtml|next|Next: Game 2 of 3
|l|☆felasmiguel
|player|p2|
|j|☆Daniw9
|player|p1|Daniw9|2|
