|j|☆C.blaze
|j|☆MuseigenTest
|html|C.blazeMuseigenTest    
|uhtml|bestof|Game 2 of a best-of-3
|t:|1756788711
|gametype|doubles
|player|p1|C.blaze|170|1221
|player|p2|MuseigenTest|266|1259
|gen|9
|tier|[Gen 9] VGC 2025 Reg H (Bo3)
|rated|
|rule|Species Clause: Limit one of each Pokémon
|rule|Item Clause: Limit 1 of each item
|clearpoke
|poke|p1|Pelipper, L50, F|
|poke|p1|Archaludon, L50, F|
|poke|p1|Ursaluna, L50, M|
|poke|p1|Farigiraf, L50, M|
|poke|p1|Amoonguss, L50, M|
|poke|p1|Annihilape, L50, F|
|poke|p2|Sneasler, L50, F|
|poke|p2|Indeedee, L50, M|
|poke|p2|Volcarona, L50, F|
|poke|p2|Ursaluna-Bloodmoon, L50, M|
|poke|p2|Annihilape, L50, M|
|poke|p2|Tyranitar, L50, M|
|teampreview|4
|showteam|p1|Pelipper||FocusSash|Drizzle|WeatherBall,Hurricane,Protect,Tailwind|||F|||50|,,,,,Ghost]Archaludon||AssaultVest|Stamina|DracoMeteor,ElectroShot,BodyPress,FlashCannon|||F|||50|,,,,,Grass]Ursaluna||FlameOrb|Guts|Facade,HeadlongRush,Protect,Earthquake|||M|||50|,,,,,Ghost]Farigiraf||RockyHelmet|ArmorTail|DazzlingGleam,HelpingHand,Imprison,TrickRoom|||M|||50|,,,,,Grass]Amoonguss||MentalHerb|Regenerator|PollenPuff,ClearSmog,Spore,RagePowder|||M|||50|,,,,,Water]Annihilape||SafetyGoggles|Defiant|RageFist,DrainPunch,Protect,BulkUp|||F|||50|,,,,,Fire
|showteam|p2|Sneasler||PsychicSeed|Unburden|CloseCombat,DireClaw,ThroatChop,Protect|||F|||50|,,,,,Dark]Indeedee||ChoiceScarf|PsychicSurge|ExpandingForce,TeraBlast,Trick,Protect|||M|||50|,,,,,Psychic]Volcarona||SitrusBerry|FlameBody|Overheat,StruggleBug,RagePowder,Tailwind|||F|||50|,,,,,Grass]Ursaluna-Bloodmoon||LifeOrb|MindsEye|BloodMoon,HyperVoice,EarthPower,Protect|||M|||50|,,,,,Normal]Annihilape||SafetyGoggles|Defiant|CloseCombat,RageFist,Taunt,FinalGambit|||M|||50|,,,,,Fairy]Tyranitar||AssaultVest|SandStream|RockSlide,KnockOff,TeraBlast,LowKick|||M|||50|,,,,,Flying
|inactive|Battle timer is ON: inactive players will automatically lose when time's up. (requested by C.blaze)
|
|t:|1756788759
|teamsize|p1|4
|teamsize|p2|4
|start
|switch|p1a: Amoonguss|Amoonguss, L50, M|100/100
|switch|p1b: Farigiraf|Farigiraf, L50, M|100/100
|switch|p2a: Indeedee|Indeedee, L50, M|100/100
|switch|p2b: Ursaluna|Ursaluna-Bloodmoon, L50, M|100/100
|-fieldstart|move: Psychic Terrain|[from] ability: Psychic Surge|[of] p2a: Indeedee
|turn|1
|
|t:|1756788777
|-terastallize|p2b: Ursaluna|Normal
|-terastallize|p1a: Amoonguss|Water
|move|p2a: Indeedee|Expanding Force|p1b: Farigiraf|[spread] p1a,p1b
|-resisted|p1b: Farigiraf
|-damage|p1a: Amoonguss|63/100
|-damage|p1b: Farigiraf|82/100
|move|p2b: Ursaluna|Hyper Voice|p1b: Farigiraf|[spread] p1a,p1b
|-damage|p1a: Amoonguss|19/100
|-damage|p1b: Farigiraf|35/100
|-damage|p2b: Ursaluna|91/100|[from] item: Life Orb
|move|p1a: Amoonguss|Spore|p2b: Ursaluna
|-status|p2b: Ursaluna|slp|[from] move: Spore
|move|p1b: Farigiraf|Trick Room|p1b: Farigiraf
|-fieldstart|move: Trick Room|[of] p1b: Farigiraf
|
|upkeep
|turn|2
|inactive|MuseigenTest has 30 seconds left.
|inactive|MuseigenTest has 20 seconds left.
|inactive|MuseigenTest has 15 seconds left.
|inactive|MuseigenTest has 10 seconds left.
|inactive|MuseigenTest has 5 seconds left.
|
|t:|1756788831
|switch|p1b: Ursaluna|Ursaluna, L50, M|100/100
|move|p1a: Amoonguss|Spore|p2a: Indeedee
|-status|p2a: Indeedee|slp|[from] move: Spore
|cant|p2b: Ursaluna|slp
|cant|p2a: Indeedee|slp
|
|-status|p1b: Ursaluna|brn|[from] item: Flame Orb
|upkeep
|turn|3
|inactive|C.blaze has 30 seconds left.
|inactive|MuseigenTest has 30 seconds left.
|inactive|MuseigenTest has 20 seconds left.
|inactive|MuseigenTest has 15 seconds left.
|
|t:|1756788872
|switch|p2a: Tyranitar|Tyranitar, L50, M|100/100
|-weather|Sandstorm|[from] ability: Sand Stream|[of] p2a: Tyranitar
|move|p1a: Amoonguss|Pollen Puff|p2a: Tyranitar
|-supereffective|p2a: Tyranitar
|-crit|p2a: Tyranitar
|-damage|p2a: Tyranitar|76/100
|move|p1b: Ursaluna|Facade|p2b: Ursaluna
|-damage|p2b: Ursaluna|0 fnt
|faint|p2b: Ursaluna
|
|-weather|Sandstorm|[upkeep]
|-damage|p1a: Amoonguss|13/100|[from] Sandstorm
|-damage|p1b: Ursaluna|95/100 brn|[from] brn
|upkeep
|
|t:|1756788889
|switch|p2b: Sneasler|Sneasler, L50, F|100/100
|-enditem|p2b: Sneasler|Psychic Seed
|-boost|p2b: Sneasler|spd|1|[from] item: Psychic Seed
|turn|4
|inactive|MuseigenTest has 30 seconds left.
|inactive|MuseigenTest has 20 seconds left.
|inactive|MuseigenTest has 15 seconds left.
|inactive|MuseigenTest has 10 seconds left.
|inactive|MuseigenTest has 5 seconds left.
|
|t:|1756788941
|switch|p1a: Pelipper|Pelipper, L50, F|100/100
|-weather|RainDance|[from] ability: Drizzle|[of] p1a: Pelipper
|move|p2b: Sneasler|Protect|p2b: Sneasler
|-singleturn|p2b: Sneasler|Protect
|move|p1b: Ursaluna|Earthquake|p2a: Tyranitar|[spread] p2a
|-activate|p2b: Sneasler|move: Protect
|-immune|p1a: Pelipper
|-supereffective|p2a: Tyranitar
|-damage|p2a: Tyranitar|0 fnt
|faint|p2a: Tyranitar
|
|-weather|RainDance|[upkeep]
|-damage|p1b: Ursaluna|89/100 brn|[from] brn
|upkeep
|
|t:|1756788952
|switch|p2a: Indeedee|Indeedee, L50, M|100/100 slp
|turn|5
|
|t:|1756788963
|move|p2b: Sneasler|Protect||[still]
|-fail|p2b: Sneasler
|move|p1b: Ursaluna|Earthquake|p2b: Sneasler|[spread] p2a,p2b
|-immune|p1a: Pelipper
|-supereffective|p2b: Sneasler
|-damage|p2a: Indeedee|0 fnt
|-damage|p2b: Sneasler|0 fnt
|faint|p2a: Indeedee
|faint|p2b: Sneasler
|
|win|C.blaze
||MuseigenTest is ready for game 3.
||C.blaze is ready for game 3.
|uhtml|next|Next: Game 3 of 3
|l|☆C.blaze
|player|p1|
