|j|☆sky yeh
|j|☆seis sietee
|html|sky yehseis sietee    
|uhtml|bestof|Game 2 of a best-of-3
|t:|1783759812
|gametype|doubles
|player|p1|sky yeh|perrin|1323
|player|p2|seis sietee|169|1429
|gen|9
|tier|[Gen 9 Champions] VGC 2026 Reg M-B (Bo3)
|rated|
|rule|Species Clause: Limit one of each Pokémon
|rule|Item Clause: Limit 1 of each item
|clearpoke
|poke|p1|Charizard, L50, M, shiny|
|poke|p1|Aerodactyl, L50, M|
|poke|p1|Garchomp, L50, M|
|poke|p1|Sylveon, L50, M|
|poke|p1|Farigiraf, L50, F, shiny|
|poke|p1|Incineroar, L50, M, shiny|
|poke|p2|Aerodactyl, L50, F|
|poke|p2|Charizard, L50, M|
|poke|p2|Kingambit, L50, F|
|poke|p2|Sylveon, L50, M|
|poke|p2|Farigiraf, L50, M|
|poke|p2|Garchomp, L50, F|
|teampreview|4
|showteam|p1|Charizard||CharizarditeY|Blaze|WeatherBall,HeatWave,SolarBeam,Protect|Modest||M|||50|]Aerodactyl||FocusSash|Unnerve|RockSlide,WideGuard,Tailwind,Protect|Jolly||M|||50|]Garchomp||LifeOrb|RoughSkin|Earthquake,StompingTantrum,DragonClaw,Protect|Jolly||M|||50|]Sylveon||FairyFeather|Pixilate|HyperVoice,QuickAttack,Yawn,Detect|Modest||M|||50|]Farigiraf||SitrusBerry|ArmorTail|Psyshock,TrickRoom,HelpingHand,Roar|Calm||F|||50|]Incineroar||Charcoal|Intimidate|FlareBlitz,DarkestLariat,PartingShot,FakeOut|Adamant||M|||50|
|showteam|p2|Aerodactyl||Aerodactylite|Unnerve|RockSlide,DualWingbeat,Tailwind,IceFang|Jolly||F|||50|]Charizard||CharizarditeY|Blaze|HeatWave,WeatherBall,SolarBeam,Protect|Modest||M|||50|]Kingambit||FocusSash|Defiant|KowtowCleave,SuckerPunch,LowKick,IronHead|Adamant||F|||50|]Sylveon||FairyFeather|Pixilate|HyperVoice,HyperBeam,QuickAttack,Protect|Modest||M|||50|]Farigiraf||SitrusBerry|ArmorTail|TwinBeam,Thunderbolt,TrickRoom,Roar|Bold||M|||50|]Garchomp||LifeOrb|RoughSkin|DragonClaw,StompingTantrum,Earthquake,Protect|Jolly||F|||50|
|inactive|Battle timer is ON: inactive players will automatically lose when time's up. (requested by seis sietee)
|inactive|sky yeh has 60 seconds left.
|inactive|sky yeh has 30 seconds left.
|
|t:|1783759890
|teamsize|p1|4
|teamsize|p2|4
|start
|switch|p1a: Charizard|Charizard, L50, M, shiny|100/100
|switch|p1b: Aerodactyl|Aerodactyl, L50, M|100/100
|switch|p2a: Kingambit|Kingambit, L50, F|100/100
|switch|p2b: Aerodactyl|Aerodactyl, L50, F|100/100
|-ability|p2b: Aerodactyl|Unnerve
|-ability|p1b: Aerodactyl|Unnerve
|turn|1
|inactive|sky yeh has 30 seconds left.
|inactive|seis sietee has 30 seconds left.
|inactive|sky yeh has 20 seconds left.
|
|t:|1783759927
|detailschange|p2b: Aerodactyl|Aerodactyl-Mega, L50, F
|-mega|p2b: Aerodactyl|Aerodactyl|Aerodactylite
|move|p1a: Charizard|Protect|p1a: Charizard
|-singleturn|p1a: Charizard|Protect
|move|p2b: Aerodactyl|Tailwind|p2b: Aerodactyl
|-sidestart|p2: seis sietee|move: Tailwind
|move|p2a: Kingambit|Kowtow Cleave|p1a: Charizard
|-activate|p1a: Charizard|move: Protect
|move|p1b: Aerodactyl|Tailwind|p1b: Aerodactyl
|-sidestart|p1: sky yeh|move: Tailwind
|
|upkeep
|turn|2
|inactive|sky yeh has 30 seconds left.
|
|t:|1783759957
|detailschange|p1a: Charizard|Charizard-Mega-Y, L50, M, shiny
|-mega|p1a: Charizard|Charizard|Charizardite Y
|-weather|SunnyDay|[from] ability: Drought|[of] p1a: Charizard
|move|p1b: Aerodactyl|Wide Guard|p1b: Aerodactyl
|-singleturn|p1b: Aerodactyl|Wide Guard
|move|p2b: Aerodactyl|Ice Fang|p1b: Aerodactyl
|-supereffective|p1b: Aerodactyl|1
|-damage|p1b: Aerodactyl|9/100
|move|p1a: Charizard|Heat Wave|p2b: Aerodactyl|[spread] p2a,p2b
|-supereffective|p2a: Kingambit|1
|-resisted|p2b: Aerodactyl|1
|-enditem|p2a: Kingambit|Focus Sash
|-damage|p2a: Kingambit|1/100
|-damage|p2b: Aerodactyl|67/100
|move|p2a: Kingambit|Kowtow Cleave|p1a: Charizard
|-damage|p1a: Charizard|43/100
|
|-weather|SunnyDay|[upkeep]
|upkeep
|turn|3
|inactive|sky yeh has 30 seconds left.
|inactive|sky yeh has 20 seconds left.
|inactive|sky yeh has 15 seconds left.
|inactive|sky yeh has 10 seconds left.
|inactive|sky yeh has 5 seconds left.
|
|t:|1783760009
|switch|p1a: Farigiraf|Farigiraf, L50, F, shiny|100/100
|move|p1b: Aerodactyl|Protect||[still]
|-fail|p1b: Aerodactyl
|move|p2a: Kingambit|Sucker Punch||[still]
|cant|p1a: Farigiraf|ability: Armor Tail|Sucker Punch|[of] p2a: Kingambit
|move|p2b: Aerodactyl|Dual Wingbeat|p1a: Farigiraf
|-damage|p1a: Farigiraf|79/100
|-damage|p1a: Farigiraf|57/100
|-hitcount|p1a: Farigiraf|2
|
|-weather|SunnyDay|[upkeep]
|upkeep
|turn|4
|
|t:|1783760034
|switch|p1b: Incineroar|Incineroar, L50, M, shiny|100/100
|-ability|p1b: Incineroar|Intimidate|boost
|-unboost|p2a: Kingambit|atk|1
|-ability|p2a: Kingambit|Defiant|boost
|-boost|p2a: Kingambit|atk|2
|-unboost|p2b: Aerodactyl|atk|1
|move|p2b: Aerodactyl|Ice Fang|p1b: Incineroar
|-resisted|p1b: Incineroar|1
|-damage|p1b: Incineroar|92/100
|move|p2a: Kingambit|Kowtow Cleave|p1a: Farigiraf
|-supereffective|p1a: Farigiraf|1
|-damage|p1a: Farigiraf|0 fnt
|faint|p1a: Farigiraf
|
|-weather|SunnyDay|[upkeep]
|-sideend|p1: sky yeh|move: Tailwind
|-sideend|p2: seis sietee|move: Tailwind
|upkeep
|
|t:|1783760043
|switch|p1a: Aerodactyl|Aerodactyl, L50, M|9/100
|-ability|p1a: Aerodactyl|Unnerve
|turn|5
|-message|sky yeh forfeited.
|
|win|seis sietee
|raw|sky yeh's rating: 1323 → 1309(-14 for losing)
|raw|seis sietee's rating: 1429 → 1443(+14 for winning)
|l|☆sky yeh
|player|p1|
|l|☆seis sietee
|player|p2|
|j|☆sky yeh
|player|p1|sky yeh|perrin|
