|j|☆Sodamario
|j|☆Nova2309
|html|SodamarioNova2309    
|uhtml|bestof|Game 2 of a best-of-3
|t:|1783437251
|gametype|doubles
|player|p1|Sodamario|cynthia-gen4|1441
|player|p2|Nova2309|266|1468
|gen|9
|tier|[Gen 9 Champions] VGC 2026 Reg M-B (Bo3)
|rated|
|rule|Species Clause: Limit one of each Pokémon
|rule|Item Clause: Limit 1 of each item
|clearpoke
|poke|p1|Ceruledge, L50, F|
|poke|p1|Milotic, L50, M|
|poke|p1|Incineroar, L50, F|
|poke|p1|Raichu, L50, F|
|poke|p1|Ninetales-Alola, L50, F|
|poke|p1|Sinistcha, L50|
|poke|p2|Venusaur, L50, F|
|poke|p2|Grimmsnarl, L50, M|
|poke|p2|Pelipper, L50, M|
|poke|p2|Archaludon, L50, M|
|poke|p2|Charizard, L50, M|
|poke|p2|Basculegion, L50, M|
|teampreview|4
|showteam|p1|Ceruledge||ColburBerry|FlashFire|BitterBlade,ShadowSneak,BulkUp,Protect|Adamant||F|||50|]Milotic||Leftovers|Competitive|MuddyWater,Coil,Hypnosis,Protect|Bold||M|||50|]Incineroar||SitrusBerry|Intimidate|FlareBlitz,PartingShot,FakeOut,DarkestLariat|Impish||F|||50|]Raichu||RaichuniteY|LightningRod|ZapCannon,FocusBlast,FakeOut,Protect|Timid||F|||50|]Ninetales-Alola||NeverMeltIce|SnowWarning|Blizzard,FreezeDry,AuroraVeil,Protect|Timid||F|||50|]Sinistcha||KasibBerry|Hospitality|MatchaGotcha,RagePowder,TrickRoom,Protect|Bold|||||50|
|showteam|p2|Venusaur||Venusaurite|Chlorophyll|Protect,SludgeBomb,GigaDrain,EarthPower|Modest||F|||50|]Grimmsnarl||LightClay|Prankster|SpiritBreak,Reflect,LightScreen,PartingShot|Careful||M|||50|]Pelipper||SitrusBerry|Drizzle|Hurricane,WeatherBall,Tailwind,WideGuard|Modest||M|||50|]Archaludon||Leftovers|Stamina|Protect,ElectroShot,DragonPulse,FlashCannon|Modest||M|||50|]Charizard||CharizarditeY|Blaze|HeatWave,SolarBeam,WeatherBall,Protect|Modest||M|||50|]Basculegion||ChoiceScarf|Adaptability|FlipTurn,WaveCrash,LastRespects,AquaJet|Jolly||M|||50|
|inactive|Battle timer is ON: inactive players will automatically lose when time's up. (requested by Nova2309)
|
|t:|1783437293
|teamsize|p1|4
|teamsize|p2|4
|start
|switch|p1a: Incineroar|Incineroar, L50, F|100/100
|switch|p1b: Raichu|Raichu, L50, F|100/100
|switch|p2a: Basculegion|Basculegion, L50, M|100/100
|switch|p2b: Archaludon|Archaludon, L50, M|100/100
|-ability|p1a: Incineroar|Intimidate|boost
|-unboost|p2a: Basculegion|atk|1
|-unboost|p2b: Archaludon|atk|1
|turn|1
|inactive|Nova2309 has 30 seconds left.
|inactive|Nova2309 has 20 seconds left.
|inactive|Nova2309 has 15 seconds left.
|inactive|Nova2309 has 10 seconds left.
|
|t:|1783437340
|switch|p2b: Pelipper|Pelipper, L50, M|100/100
|-weather|RainDance|[from] ability: Drizzle|[of] p2b: Pelipper
|move|p1b: Raichu|Protect|p1b: Raichu
|-singleturn|p1b: Raichu|Protect
|move|p2a: Basculegion|Wave Crash|p1b: Raichu
|-activate|p1b: Raichu|move: Protect
|move|p1a: Incineroar|Parting Shot|p2a: Basculegion
|-unboost|p2a: Basculegion|atk|1
|-unboost|p2a: Basculegion|spa|1
|l|☆Nova2309
|inactive|Nova2309 disconnected and has a minute to reconnect!
|player|p2|
|
|t:|1783437346
|switch|p1a: Ninetales|Ninetales-Alola, L50, F|100/100|[from] Parting Shot
|-weather|Snowscape|[from] ability: Snow Warning|[of] p1a: Ninetales
|
|-weather|Snowscape|[upkeep]
|upkeep
|turn|2
|inactive|Nova2309 has 30 seconds left.
|inactive|Nova2309 has 20 seconds left.
|inactive|Nova2309 has 15 seconds left.
|inactive|Nova2309 has 10 seconds left.
|inactive|Nova2309 has 5 seconds left.
|-message|Nova2309 lost due to inactivity.
|
|win|Sodamario
|raw|Sodamario's rating: 1441 → 1463(+22 for winning)
|raw|Nova2309's rating: 1468 → 1446(-22 for losing)
