|j|☆WestyLiam
|j|☆65th
|html|WestyLiam65th    
|uhtml|bestof|Game 1 of a best-of-3
|t:|1756742545
|gametype|doubles
|player|p1|WestyLiam|169|
|player|p2|65th|red|
|gen|9
|tier|[Gen 9] VGC 2025 Reg H (Bo3)
|rule|Species Clause: Limit one of each Pokémon
|rule|Item Clause: Limit 1 of each item
|clearpoke
|poke|p1|Garchomp, L50, M|
|poke|p1|Jumpluff, L50, F|
|poke|p1|Torkoal, L50, F|
|poke|p1|Dragonite, L50, M|
|poke|p1|Kingambit, L50, F|
|poke|p1|Typhlosion-Hisui, L50, F|
|poke|p2|Gallade, L50, M|
|poke|p2|Ursaluna, L50, F|
|poke|p2|Torkoal, L50, F|
|poke|p2|Indeedee-F, L50, F|
|poke|p2|Hatterene, L50, F|
|poke|p2|Maushold, L50|
|teampreview|4
|showteam|p1|Garchomp||LifeOrb|RoughSkin|DragonClaw,StompingTantrum,Earthquake,Protect|||M|||50|,,,,,Fairy]Jumpluff||CovertCloak|Chlorophyll|LeafStorm,SleepPowder,Encore,Tailwind|||F|||50|,,,,,Poison]Torkoal||EjectPack|Drought|Overheat,BurningJealousy,HelpingHand,Protect|||F|||50|,,,,,Flying]Dragonite||LoadedDice|Multiscale|ScaleShot,ExtremeSpeed,IceSpinner,Protect|||M|||50|,,,,,Fairy]Kingambit||AssaultVest|Defiant|IronHead,SuckerPunch,Assurance,LowKick|||F|||50|,,,,,Flying]Typhlosion-Hisui||ChoiceSpecs|Blaze|Eruption,ShadowBall,HeatWave,Overheat|||F|||50|,,,,,Fire
|showteam|p2|Gallade||ClearAmulet|Sharpness|SacredSword,PsychoCut,WideGuard,TrickRoom|||M|||50|,,,,,Grass]Ursaluna||FlameOrb|Guts|Facade,HeadlongRush,Protect,Earthquake|||F|||50|,,,,,Ghost]Torkoal||ChoiceSpecs|Drought|Eruption,WeatherBall,HeatWave,EarthPower|||F|||50|,,,,,Fire]Indeedee-F||PsychicSeed|PsychicSurge|FollowMe,TrickRoom,Psychic,HelpingHand|||F|||50|,,,,,Water]Hatterene||LifeOrb|MagicBounce|ExpandingForce,DazzlingGleam,TeraBlast,TrickRoom|||F|||50|,,,,,Fire]Maushold||WideLens|Technician|PopulationBomb,Taunt,FollowMe,Protect||||||50|,,,,,Poison
|inactive|Battle timer is ON: inactive players will automatically lose when time's up. (requested by 65th)
|c|☆65th|glhf
|inactive|65th has 60 seconds left.
|
|t:|1756742576
|teamsize|p1|4
|teamsize|p2|4
|start
|switch|p1a: Garchomp|Garchomp, L50, M|100/100
|switch|p1b: Dragonite|Dragonite, L50, M|100/100
|switch|p2a: Hatterene|Hatterene, L50, F|100/100
|switch|p2b: Indeedee|Indeedee-F, L50, F|100/100
|-fieldstart|move: Psychic Terrain|[from] ability: Psychic Surge|[of] p2b: Indeedee
|-enditem|p2b: Indeedee|Psychic Seed
|-boost|p2b: Indeedee|spd|1|[from] item: Psychic Seed
|turn|1
|c|☆WestyLiam|glhf
|
|t:|1756742595
|switch|p2b: Ursaluna|Ursaluna, L50, F|100/100
|move|p1a: Garchomp|Earthquake|p2b: Ursaluna|[spread] p2a,p2b
|-immune|p1b: Dragonite
|-damage|p2a: Hatterene|41/100
|-damage|p2b: Ursaluna|61/100
|-damage|p1a: Garchomp|91/100|[from] item: Life Orb
|move|p1b: Dragonite|Ice Spinner|p2b: Ursaluna
|-supereffective|p2b: Ursaluna
|-damage|p2b: Ursaluna|19/100
|-fieldend|move: Psychic Terrain
|move|p2a: Hatterene|Trick Room|p2a: Hatterene
|-fieldstart|move: Trick Room|[of] p2a: Hatterene
|
|-status|p2b: Ursaluna|brn|[from] item: Flame Orb
|upkeep
|turn|2
|inactive|WestyLiam has 30 seconds left.
|inactive|65th has 30 seconds left.
|inactive|65th has 20 seconds left.
|
|t:|1756742637
|switch|p1a: Kingambit|Kingambit, L50, F|100/100
|-terastallize|p2b: Ursaluna|Ghost
|move|p2a: Hatterene|Dazzling Gleam|p1a: Kingambit|[spread] p1a,p1b
|-supereffective|p1b: Dragonite
|-damage|p1a: Kingambit|68/100
|-damage|p1b: Dragonite|54/100
|-damage|p2a: Hatterene|32/100|[from] item: Life Orb
|move|p2b: Ursaluna|Facade|p1b: Dragonite
|-damage|p1b: Dragonite|0 fnt
|faint|p1b: Dragonite
|
|-damage|p2b: Ursaluna|13/100 brn|[from] brn
|upkeep
|
|t:|1756742641
|switch|p1b: Garchomp|Garchomp, L50, M|91/100
|turn|3
|inactive|WestyLiam has 30 seconds left.
|inactive|65th has 30 seconds left.
|inactive|WestyLiam has 20 seconds left.
|inactive|65th has 20 seconds left.
|inactive|WestyLiam has 15 seconds left.
|inactive|65th has 15 seconds left.
|inactive|65th has 10 seconds left.
|
|t:|1756742691
|switch|p2a: Indeedee|Indeedee-F, L50, F|100/100
|-fieldstart|move: Psychic Terrain|[from] ability: Psychic Surge|[of] p2a: Indeedee
|-terastallize|p1a: Kingambit|Flying
|move|p1b: Garchomp|Protect|p1b: Garchomp
|-singleturn|p1b: Garchomp|Protect
|move|p2b: Ursaluna|Facade|p1b: Garchomp
|-activate|p1b: Garchomp|move: Protect
|move|p1a: Kingambit|Iron Head|p2a: Indeedee
|-damage|p2a: Indeedee|59/100
|
|-damage|p2b: Ursaluna|7/100 brn|[from] brn
|upkeep
|turn|4
|inactive|WestyLiam has 30 seconds left.
|
|t:|1756742727
|switch|p1b: Typhlosion|Typhlosion-Hisui, L50, F|100/100
|move|p2b: Ursaluna|Facade|p1b: Typhlosion
|-immune|p1b: Typhlosion
|move|p2a: Indeedee|Psychic|p1b: Typhlosion
|-damage|p1b: Typhlosion|45/100
|move|p1a: Kingambit|Assurance|p2b: Ursaluna
|-supereffective|p2b: Ursaluna
|-damage|p2b: Ursaluna|0 fnt
|faint|p2b: Ursaluna
|
|upkeep
|
|t:|1756742736
|switch|p2b: Torkoal|Torkoal, L50, F|100/100
|-weather|SunnyDay|[from] ability: Drought|[of] p2b: Torkoal
|turn|5
|
|t:|1756742757
|switch|p1b: Garchomp|Garchomp, L50, M|91/100
|move|p2a: Indeedee|Helping Hand|p2b: Torkoal
|-singleturn|p2b: Torkoal|Helping Hand|[of] p2a: Indeedee
|move|p2b: Torkoal|Heat Wave|p1a: Kingambit|[spread] p1b
|-miss|p2b: Torkoal|p1a: Kingambit
|-resisted|p1b: Garchomp
|-damage|p1b: Garchomp|31/100
|move|p1a: Kingambit|Assurance|p2b: Torkoal
|-damage|p2b: Torkoal|75/100
|
|-weather|SunnyDay|[upkeep]
|-fieldend|move: Trick Room
|upkeep
|turn|6
|
|t:|1756742771
|move|p2a: Indeedee|Follow Me|p2a: Indeedee
|-singleturn|p2a: Indeedee|move: Follow Me
|move|p1b: Garchomp|Stomping Tantrum|p2a: Indeedee
|-damage|p2a: Indeedee|9/100
|-damage|p1b: Garchomp|22/100|[from] item: Life Orb
|move|p1a: Kingambit|Assurance|p2a: Indeedee
|-supereffective|p2a: Indeedee
|-damage|p2a: Indeedee|0 fnt
|faint|p2a: Indeedee
|move|p2b: Torkoal|Heat Wave|p1b: Garchomp|[spread] p1a,p1b
|-resisted|p1b: Garchomp
|-damage|p1a: Kingambit|21/100
|-damage|p1b: Garchomp|0 fnt
|faint|p1b: Garchomp
|
|-weather|SunnyDay|[upkeep]
|upkeep
|
|t:|1756742778
|switch|p1b: Typhlosion|Typhlosion-Hisui, L50, F|45/100
|switch|p2a: Hatterene|Hatterene, L50, F|32/100
|turn|7
|-message|65th forfeited.
|
|win|WestyLiam
||65th is ready for game 2.
||WestyLiam is ready for game 2.
|uhtml|next|Next: Game 2 of 3
