|j|☆hp_45
|j|☆NerdConsultant
|html|hp_45NerdConsultant    
|uhtml|bestof|Game 2 of a best-of-3
|t:|1756458591
|gametype|doubles
|player|p1|hp_45|101|1083
|player|p2|NerdConsultant|roxie|1148
|gen|9
|tier|[Gen 9] VGC 2025 Reg H (Bo3)
|rated|
|rule|Species Clause: Limit one of each Pokémon
|rule|Item Clause: Limit 1 of each item
|clearpoke
|poke|p1|Bronzong, L50|
|poke|p1|Incineroar, L50, M|
|poke|p1|Amoonguss, L50, F|
|poke|p1|Primarina, L50, F|
|poke|p1|Ursaluna, L50, M|
|poke|p1|Gholdengo, L50|
|poke|p2|Kingambit, L50, M|
|poke|p2|Rillaboom, L50, M|
|poke|p2|Archaludon, L50, F|
|poke|p2|Basculegion, L50, M|
|poke|p2|Electabuzz, L50, M|
|poke|p2|Pelipper, L50, M|
|teampreview|4
|showteam|p1|Bronzong||CovertCloak|Levitate|TrickRoom,IceSpinner,GyroBall,Reflect||||||50|,,,,,Electric]Incineroar||SafetyGoggles|Intimidate|FakeOut,PartingShot,FlareBlitz,KnockOff|||M|||50|,,,,,Ghost]Amoonguss||SitrusBerry|Regenerator|Protect,Spore,RagePowder,PollenPuff|||F|||50|,,,,,Fairy]Primarina||LifeOrb|Torrent|Protect,HyperVoice,Moonblast,Haze|||F|||50|,,,,,Steel]Ursaluna||FlameOrb|Guts|Protect,Earthquake,Facade,HeadlongRush|||M|||50|,,,,,Dragon]Gholdengo||ChoiceSpecs|GoodasGold|MakeItRain,ShadowBall,Thunderbolt,DazzlingGleam||||||50|,,,,,Normal
|showteam|p2|Kingambit||BlackGlasses|Defiant|KowtowCleave,SwordsDance,SuckerPunch,Protect|||M|||50|,,,,,Dark]Rillaboom||LoadedDice|GrassySurge|HighHorsepower,GrassyGlide,BulletSeed,FakeOut|||M|||50|,,,,,Fire]Archaludon||AssaultVest|Stamina|ElectroShot,BodyPress,DracoMeteor,FlashCannon|||F|||50|,,,,,Bug]Basculegion||ChoiceBand|SwiftSwim|WaveCrash,AquaJet,LastRespects,FlipTurn|||M|||50|,,,,,Grass]Electabuzz||Eviolite|VitalSpirit|Electroweb,Taunt,FollowMe,Protect|||M|||50|,,,,,Ghost]Pelipper||FocusSash|Drizzle|Tailwind,WeatherBall,Hurricane,Protect|||M|||50|,,,,,Ghost
|
|t:|1756458632
|teamsize|p1|4
|teamsize|p2|4
|start
|switch|p1a: Amoonguss|Amoonguss, L50, F|100/100
|switch|p1b: Gholdengo|Gholdengo, L50|100/100
|switch|p2a: Basculegion|Basculegion, L50, M|100/100
|switch|p2b: Pelipper|Pelipper, L50, M|100/100
|-weather|RainDance|[from] ability: Drizzle|[of] p2b: Pelipper
|turn|1
|
|t:|1756458666
|-terastallize|p2a: Basculegion|Grass
|-terastallize|p1b: Gholdengo|Normal
|move|p2a: Basculegion|Wave Crash|p1b: Gholdengo
|-damage|p1b: Gholdengo|0 fnt
|faint|p1b: Gholdengo
|-damage|p2a: Basculegion|72/100|[from] Recoil
|move|p2b: Pelipper|Tailwind|p2b: Pelipper
|-sidestart|p2: NerdConsultant|move: Tailwind
|move|p1a: Amoonguss|Spore|p2a: Basculegion
|-immune|p2a: Basculegion
|
|-weather|RainDance|[upkeep]
|upkeep
|-message|hp_45 forfeited.
|
|win|NerdConsultant
|raw|hp_45's rating: 1083 → 1065(-18 for losing)
|raw|NerdConsultant's rating: 1148 → 1168(+20 for winning)
|l|☆hp_45
|player|p1|
|c|☆NerdConsultant|gg
