|j|☆CookieSpark
|j|☆PittsburghSkylines
|html|CookieSparkPittsburghSkylines    
|uhtml|bestof|Game 2 of a best-of-3
|t:|1757821237
|gametype|doubles
|player|p1|CookieSpark|swimmer|1049
|player|p2|PittsburghSkylines|blue|1270
|gen|9
|tier|[Gen 9] VGC 2025 Reg H (Bo3)
|rated|
|rule|Species Clause: Limit one of each Pokémon
|rule|Item Clause: Limit 1 of each item
|clearpoke
|poke|p1|Ursaluna-Bloodmoon, L50, M|
|poke|p1|Gholdengo, L50|
|poke|p1|Grimmsnarl, L50, M|
|poke|p1|Pawmot, L50, F|
|poke|p1|Magmortar, L50, F|
|poke|p1|Ninetales-Alola, L50, M|
|poke|p2|Sneasler, L50, M|
|poke|p2|Whimsicott, L50, M|
|poke|p2|Gholdengo, L50|
|poke|p2|Hydreigon, L50, M|
|poke|p2|Garchomp, L50, M|
|poke|p2|Incineroar, L50, M|
|teampreview|4
|showteam|p1|Ursaluna-Bloodmoon||AssaultVest|MindsEye|HyperVoice,BloodMoon,EarthPower,Moonblast|||M|||50|,,,,,Normal]Gholdengo||ExpertBelt|GoodasGold|MakeItRain,NastyPlot,ShadowBall,Protect||||||50|,,,,,Water]Grimmsnarl||CovertCloak|Prankster|BrickBreak,FoulPlay,Reflect,LightScreen|||M|||50|,,,,,Ghost]Pawmot||FocusSash|IronFist|CloseCombat,FakeOut,DoubleShock,ThunderWave|||F|||50|,,,,,Fighting]Magmortar||Leftovers|FlameBody|ClearSmog,FollowMe,Overheat,Protect|||F|||50|,,,,,Grass]Ninetales-Alola||ChoiceSpecs|SnowWarning|IcyWind,Blizzard,FreezeDry,Moonblast|||M|||50|,,,,,Water
|showteam|p2|Sneasler||WhiteHerb|Unburden|CloseCombat,DireClaw,FakeOut,Protect|||M|||50|,,,,,Stellar]Whimsicott||FocusSash|Prankster|Moonblast,FakeTears,Tailwind,Protect|||M|||50|,,,,,Ghost]Gholdengo||ChoiceSpecs|GoodasGold|MakeItRain,ShadowBall,PowerGem,Trick||||||50|,,,,,Steel]Hydreigon||SitrusBerry|Levitate|DracoMeteor,DarkPulse,Snarl,Protect|||M|||50|,,,,,Ghost]Garchomp||LifeOrb|RoughSkin|Earthquake,StompingTantrum,RockSlide,Protect|||M|||50|,,,,,Ground]Incineroar||AssaultVest|Intimidate|FlareBlitz,KnockOff,Uturn,FakeOut|||M|||50|,,,,,Grass
|
|t:|1757821254
|teamsize|p1|4
|teamsize|p2|4
|start
|switch|p1a: Ninetales|Ninetales-Alola, L50, M|100/100
|switch|p1b: Gholdengo|Gholdengo, L50|100/100
|switch|p2a: Whimsicott|Whimsicott, L50, M|100/100
|switch|p2b: Gholdengo|Gholdengo, L50|100/100
|-weather|Snowscape|[from] ability: Snow Warning|[of] p1a: Ninetales
|turn|1
|
|t:|1757821266
|-terastallize|p2b: Gholdengo|Steel
|move|p2a: Whimsicott|Tailwind|p2a: Whimsicott
|-sidestart|p2: PittsburghSkylines|move: Tailwind
|move|p2b: Gholdengo|Make It Rain|p1a: Ninetales|[spread] p1a,p1b
|-supereffective|p1a: Ninetales
|-resisted|p1b: Gholdengo
|-damage|p1a: Ninetales|0 fnt
|-damage|p1b: Gholdengo|44/100
|-unboost|p2b: Gholdengo|spa|1
|faint|p1a: Ninetales
|move|p1b: Gholdengo|Shadow Ball|p2b: Gholdengo
|-damage|p2b: Gholdengo|52/100
|-unboost|p2b: Gholdengo|spd|1
|
|-weather|Snowscape|[upkeep]
|upkeep
|
|t:|1757821275
|switch|p1a: Ursaluna|Ursaluna-Bloodmoon, L50, M|100/100
|turn|2
|
|t:|1757821289
|-terastallize|p1a: Ursaluna|Normal
|move|p1b: Gholdengo|Protect|p1b: Gholdengo
|-singleturn|p1b: Gholdengo|Protect
|move|p2a: Whimsicott|Fake Tears|p1a: Ursaluna
|-unboost|p1a: Ursaluna|spd|2
|move|p2b: Gholdengo|Make It Rain|p1b: Gholdengo|[spread] p1a
|-activate|p1b: Gholdengo|move: Protect
|-damage|p1a: Ursaluna|0 fnt
|-unboost|p2b: Gholdengo|spa|1
|faint|p1a: Ursaluna
|
|-weather|Snowscape|[upkeep]
|upkeep
|
|t:|1757821298
|switch|p1a: Grimmsnarl|Grimmsnarl, L50, M|100/100
|turn|3
|c|☆CookieSpark|gg wp
|
|t:|1757821306
|move|p1a: Grimmsnarl|Light Screen|p1a: Grimmsnarl
|-sidestart|p1: CookieSpark|move: Light Screen
|move|p2a: Whimsicott|Moonblast|p1a: Grimmsnarl
|-supereffective|p1a: Grimmsnarl
|-damage|p1a: Grimmsnarl|63/100
|move|p2b: Gholdengo|Make It Rain|p1b: Gholdengo|[spread] p1a,p1b
|-supereffective|p1a: Grimmsnarl
|-resisted|p1b: Gholdengo
|-damage|p1a: Grimmsnarl|14/100
|-damage|p1b: Gholdengo|22/100
|-unboost|p2b: Gholdengo|spa|1
|move|p1b: Gholdengo|Make It Rain|p2a: Whimsicott|[spread] p2a,p2b
|-supereffective|p2a: Whimsicott
|-resisted|p2b: Gholdengo
|-enditem|p2a: Whimsicott|Focus Sash
|-damage|p2a: Whimsicott|1/100
|-damage|p2b: Gholdengo|10/100
|-unboost|p1b: Gholdengo|spa|1
|
|-weather|Snowscape|[upkeep]
|upkeep
|turn|4
|
|t:|1757821323
|move|p2a: Whimsicott|Moonblast|p1b: Gholdengo
|-resisted|p1b: Gholdengo
|-damage|p1b: Gholdengo|7/100
|move|p2b: Gholdengo|Make It Rain|p1b: Gholdengo|[spread] p1a,p1b
|-supereffective|p1a: Grimmsnarl
|-resisted|p1b: Gholdengo
|-damage|p1a: Grimmsnarl|0 fnt
|-damage|p1b: Gholdengo|0 fnt
|-unboost|p2b: Gholdengo|spa|1
|faint|p1a: Grimmsnarl
|faint|p1b: Gholdengo
|
|win|PittsburghSkylines
|c|☆PittsburghSkylines|u2
|inactive|CookieSpark has 30 seconds to confirm battle start!
|inactive|PittsburghSkylines has 30 seconds to confirm battle start!
||CookieSpark is ready for game 3.
||PittsburghSkylines is ready for game 3.
|uhtml|next|Next: Game 3 of 3
