|j|☆C.blaze
|j|☆ryanpowneyissoslay
|html|C.blazeryanpowneyissoslay    
|uhtml|bestof|Game 1 of a best-of-3
|t:|1757766421
|gametype|doubles
|player|p1|C.blaze|102|1343
|player|p2|ryanpowneyissoslay|ghetsis|1375
|gen|9
|tier|[Gen 9] VGC 2025 Reg H (Bo3)
|rated|
|rule|Species Clause: Limit one of each Pokémon
|rule|Item Clause: Limit 1 of each item
|clearpoke
|poke|p1|Tyranitar, L50, F|
|poke|p1|Gholdengo, L50|
|poke|p1|Salamence, L50, M|
|poke|p1|Amoonguss, L50, M|
|poke|p1|Porygon2, L50|
|poke|p1|Tauros-Paldea-Blaze, L50, M|
|poke|p2|Pelipper, L50, M|
|poke|p2|Dragonite, L50, M|
|poke|p2|Sinistcha, L50|
|poke|p2|Incineroar, L50, M|
|poke|p2|Archaludon, L50, F|
|poke|p2|Ursaluna, L50, M|
|teampreview|4
|showteam|p1|Tyranitar||AssaultVest|SandStream|RockSlide,KnockOff,TeraBlast,LowKick|||F|||50|,,,,,Flying]Gholdengo||LifeOrb|GoodasGold|MakeItRain,ShadowBall,Protect,NastyPlot||||||50|,,,,,Water]Salamence||CovertCloak|Intimidate|DracoMeteor,Flamethrower,Protect,Tailwind|||M|||50|,,,,,Steel]Amoonguss||MentalHerb|Regenerator|ClearSmog,PollenPuff,Spore,RagePowder|||M|||50|,,,,,Water]Porygon2||Eviolite|Download|TeraBlast,IceBeam,Recover,TrickRoom||||||50|,,,,,Fighting]Tauros-Paldea-Blaze||SafetyGoggles|Intimidate|RagingBull,WillOWisp,Protect,CloseCombat|||M|||50|,,,,,Water
|showteam|p2|Pelipper||FocusSash|Drizzle|MuddyWater,Hurricane,Tailwind,Protect|||M|||50|,,,,,Stellar]Dragonite||LoadedDice|Multiscale|ScaleShot,Tailwind,Haze,Protect|||M|||50|,,,,,Steel]Sinistcha||SitrusBerry|Hospitality|MatchaGotcha,RagePowder,LifeDew,TrickRoom||||||50|,,,,,Water]Incineroar||SafetyGoggles|Intimidate|KnockOff,Taunt,PartingShot,FakeOut|||M|||50|,,,,,Ghost]Archaludon||AssaultVest|Stamina|FlashCannon,Snarl,BodyPress,ElectroShot|||F|||50|,,,,,Fighting]Ursaluna||FlameOrb|Guts|Facade,HeadlongRush,Earthquake,Protect|||M|||50|,,,,,Fairy
|inactive|Battle timer is ON: inactive players will automatically lose when time's up. (requested by ryanpowneyissoslay)
|inactive|ryanpowneyissoslay has 60 seconds left.
|
|t:|1757766464
|teamsize|p1|4
|teamsize|p2|4
|start
|switch|p1a: Salamence|Salamence, L50, M|100/100
|switch|p1b: Gholdengo|Gholdengo, L50|100/100
|switch|p2a: Ursaluna|Ursaluna, L50, M|100/100
|switch|p2b: Dragonite|Dragonite, L50, M|100/100
|-ability|p1a: Salamence|Intimidate|boost
|-unboost|p2a: Ursaluna|atk|1
|-unboost|p2b: Dragonite|atk|1
|turn|1
|
|t:|1757766477
|-terastallize|p2b: Dragonite|Steel
|move|p1a: Salamence|Tailwind|p1a: Salamence
|-sidestart|p1: C.blaze|move: Tailwind
|move|p1b: Gholdengo|Shadow Ball|p2b: Dragonite
|-crit|p2b: Dragonite
|-damage|p2b: Dragonite|56/100
|-damage|p1b: Gholdengo|91/100|[from] item: Life Orb
|move|p2b: Dragonite|Scale Shot|p1a: Salamence|[miss]
|-miss|p2b: Dragonite|p1a: Salamence
|move|p2a: Ursaluna|Earthquake|p1a: Salamence|[spread] p2b,p1b
|-immune|p1a: Salamence
|-supereffective|p2b: Dragonite
|-supereffective|p1b: Gholdengo
|-damage|p2b: Dragonite|0 fnt
|-damage|p1b: Gholdengo|37/100
|faint|p2b: Dragonite
|
|-status|p2a: Ursaluna|brn|[from] item: Flame Orb
|upkeep
|
|t:|1757766500
|switch|p2b: Sinistcha|Sinistcha, L50|100/100
|turn|2
|
|t:|1757766519
|switch|p2b: Pelipper|Pelipper, L50, M|100/100
|-weather|RainDance|[from] ability: Drizzle|[of] p2b: Pelipper
|move|p1a: Salamence|Flamethrower|p2b: Pelipper
|-resisted|p2b: Pelipper
|-damage|p2b: Pelipper|87/100
|move|p1b: Gholdengo|Shadow Ball|p2b: Pelipper
|-damage|p2b: Pelipper|0 fnt
|faint|p2b: Pelipper
|-damage|p1b: Gholdengo|27/100|[from] item: Life Orb
|move|p2a: Ursaluna|Facade|p1a: Salamence
|-damage|p1a: Salamence|7/100
|
|-weather|RainDance|[upkeep]
|-damage|p2a: Ursaluna|94/100 brn|[from] brn
|upkeep
|
|t:|1757766532
|switch|p2b: Sinistcha|Sinistcha, L50|100/100
|-heal|p2a: Ursaluna|100/100 brn|[from] ability: Hospitality|[of] p2b: Sinistcha
|turn|3
|
|t:|1757766540
|move|p1a: Salamence|Draco Meteor|p2b: Sinistcha
|-damage|p2b: Sinistcha|45/100
|-unboost|p1a: Salamence|spa|2
|-enditem|p2b: Sinistcha|Sitrus Berry|[eat]
|-heal|p2b: Sinistcha|70/100|[from] item: Sitrus Berry
|move|p1b: Gholdengo|Shadow Ball|p2b: Sinistcha
|-supereffective|p2b: Sinistcha
|-damage|p2b: Sinistcha|0 fnt
|faint|p2b: Sinistcha
|-damage|p1b: Gholdengo|18/100|[from] item: Life Orb
|move|p2a: Ursaluna|Headlong Rush|p1b: Gholdengo
|-supereffective|p1b: Gholdengo
|-damage|p1b: Gholdengo|0 fnt
|-unboost|p2a: Ursaluna|def|1
|-unboost|p2a: Ursaluna|spd|1
|faint|p1b: Gholdengo
|
|-weather|RainDance|[upkeep]
|-damage|p2a: Ursaluna|94/100 brn|[from] brn
|upkeep
|
|t:|1757766552
|switch|p1b: Porygon2|Porygon2, L50|100/100
|-ability|p1b: Porygon2|Download|boost
|-boost|p1b: Porygon2|spa|1
|turn|4
|
|t:|1757766559
|-terastallize|p1b: Porygon2|Fighting
|move|p1a: Salamence|Draco Meteor|p2a: Ursaluna
|-damage|p2a: Ursaluna|50/100 brn
|-unboost|p1a: Salamence|spa|2
|move|p1b: Porygon2|Tera Blast|p2a: Ursaluna|[anim] Tera Blast Fighting
|-supereffective|p2a: Ursaluna
|-damage|p2a: Ursaluna|0 fnt
|faint|p2a: Ursaluna
|
|win|C.blaze
||ryanpowneyissoslay is ready for game 2.
|inactive|C.blaze has 30 seconds to confirm battle start!
||C.blaze is ready for game 2.
|uhtml|next|Next: Game 2 of 3
|l|☆ryanpowneyissoslay
|player|p2|
|l|☆C.blaze
|player|p1|
