|j|☆SkullHammer257
|j|☆NorfOrSomething
|html|SkullHammer257NorfOrSomething    
|uhtml|bestof|Game 1 of a best-of-3
|t:|1757101149
|gametype|doubles
|player|p1|SkullHammer257|caitlin|
|player|p2|NorfOrSomething|artist-gen4|
|gen|9
|tier|[Gen 9] VGC 2025 Reg H (Bo3)
|rule|Species Clause: Limit one of each Pokémon
|rule|Item Clause: Limit 1 of each item
|clearpoke
|poke|p1|Incineroar, L50, F|
|poke|p1|Porygon2, L50|
|poke|p1|Yanmega, L50, M|
|poke|p1|Sneasler, L50, M|
|poke|p1|Ursaluna, L50, F|
|poke|p1|Archaludon, L50, F|
|poke|p2|Tyranitar, L50, F|
|poke|p2|Excadrill, L50, F|
|poke|p2|Indeedee, L50, M|
|poke|p2|Sneasler, L50, M|
|poke|p2|Annihilape, L50, M|
|poke|p2|Dragonite, L50, F|
|teampreview|4
|showteam|p1|Incineroar||SafetyGoggles|Intimidate|FakeOut,PartingShot,FlareBlitz,KnockOff|||F|||50|,,,,,Ghost]Porygon2||Eviolite|Download|Recover,IceBeam,TeraBlast,TrickRoom||||||50|,,,,,Flying]Yanmega||FocusSash|SpeedBoost|Detect,AirSlash,BugBuzz,Tailwind|||M|||50|,,,,,Ghost]Sneasler||WhiteHerb|Unburden|Protect,CloseCombat,ThroatChop,DireClaw|||M|||50|,,,,,Stellar]Ursaluna||FlameOrb|Guts|Protect,Earthquake,Facade,HeadlongRush|||F|||50|,,,,,Ghost]Archaludon||PowerHerb|Stalwart|Protect,ElectroShot,DragonPulse,Thunderbolt|||F|||50|,,,,,Electric
|showteam|p2|Tyranitar||AssaultVest|SandStream|KnockOff,LowKick,RockSlide,TeraBlast|||F|||50|,,,,,Flying]Excadrill||FocusSash|SandRush|Earthquake,IronHead,HighHorsepower,Protect|||F|||50|,,,,,Stellar]Indeedee||ChoiceScarf|PsychicSurge|ExpandingForce,TeraBlast,Trick,Psyshock|||M|||50|,,,,,Ground]Sneasler||PsychicSeed|Unburden|CloseCombat,DireClaw,LashOut,Protect|||M|||50|,,,,,Stellar]Annihilape||SafetyGoggles|Defiant|CloseCombat,RageFist,FinalGambit,Coaching|||M|||50|,,,,,Stellar]Dragonite||LoadedDice|Multiscale|ScaleShot,Tailwind,Protect,StompingTantrum|||F|||50|,,,,,Steel
|c|☆SkullHammer257|Gl hf
|c|☆NorfOrSomething|intriguing
|c|☆NorfOrSomething|you too!
|
|t:|1757101195
|teamsize|p1|4
|teamsize|p2|4
|start
|switch|p1a: Yanmega|Yanmega, L50, M|100/100
|switch|p1b: Incineroar|Incineroar, L50, F|100/100
|switch|p2a: Annihilape|Annihilape, L50, M|100/100
|switch|p2b: Dragonite|Dragonite, L50, F|100/100
|-ability|p1b: Incineroar|Intimidate|boost
|-unboost|p2a: Annihilape|atk|1
|-ability|p2a: Annihilape|Defiant|boost
|-boost|p2a: Annihilape|atk|2
|-unboost|p2b: Dragonite|atk|1
|turn|1
|
|t:|1757101241
|switch|p2a: Excadrill|Excadrill, L50, F|100/100
|move|p1a: Yanmega|Detect|p1a: Yanmega
|-singleturn|p1a: Yanmega|Protect
|move|p1b: Incineroar|Fake Out|p2a: Excadrill
|-resisted|p2a: Excadrill
|-damage|p2a: Excadrill|93/100
|move|p2b: Dragonite|Tailwind|p2b: Dragonite
|-sidestart|p2: NorfOrSomething|move: Tailwind
|
|-ability|p1a: Yanmega|Speed Boost|boost
|-boost|p1a: Yanmega|spe|1
|upkeep
|turn|2
|
|t:|1757101266
|move|p2a: Excadrill|High Horsepower|p1b: Incineroar|[miss]
|-miss|p2a: Excadrill|p1b: Incineroar
|move|p2b: Dragonite|Scale Shot|p1a: Yanmega
|-damage|p1a: Yanmega|89/100
|-damage|p1a: Yanmega|76/100
|-damage|p1a: Yanmega|62/100
|-damage|p1a: Yanmega|49/100
|-hitcount|p1a: Yanmega|4
|-unboost|p2b: Dragonite|def|1
|-boost|p2b: Dragonite|spe|1
|move|p1a: Yanmega|Tailwind|p1a: Yanmega
|-sidestart|p1: SkullHammer257|move: Tailwind
|move|p1b: Incineroar|Parting Shot|p2b: Dragonite
|-unboost|p2b: Dragonite|atk|1
|-unboost|p2b: Dragonite|spa|1
|c|☆NorfOrSomething|wow that did no damage, even if i didnt have intimidate that wouldnt KO.
|
|t:|1757101297
|switch|p1b: Sneasler|Sneasler, L50, M|100/100|[from] Parting Shot
|
|-ability|p1a: Yanmega|Speed Boost|boost
|-boost|p1a: Yanmega|spe|1
|upkeep
|turn|3
|
|t:|1757101323
|switch|p2b: Big John|Tyranitar, L50, F|100/100
|-weather|Sandstorm|[from] ability: Sand Stream|[of] p2b: Big John
|-terastallize|p1b: Sneasler|Stellar
|move|p1a: Yanmega|Detect|p1a: Yanmega
|-singleturn|p1a: Yanmega|Protect
|move|p2a: Excadrill|High Horsepower|p1b: Sneasler
|-supereffective|p1b: Sneasler
|-damage|p1b: Sneasler|0 fnt
|faint|p1b: Sneasler
|
|-weather|Sandstorm|[upkeep]
|-damage|p1a: Yanmega|43/100|[from] Sandstorm
|-ability|p1a: Yanmega|Speed Boost|boost
|-boost|p1a: Yanmega|spe|1
|upkeep
|c|☆SkullHammer257|Shit
|
|t:|1757101347
|switch|p1b: Incineroar|Incineroar, L50, F|100/100
|-ability|p1b: Incineroar|Intimidate|boost
|-unboost|p2a: Excadrill|atk|1
|-unboost|p2b: Big John|atk|1
|turn|4
|
|t:|1757101361
|move|p1b: Incineroar|Fake Out|p2b: Big John
|-resisted|p2b: Big John
|-damage|p2b: Big John|96/100
|move|p1a: Yanmega|Air Slash|p2a: Excadrill
|-resisted|p2a: Excadrill
|-damage|p2a: Excadrill|66/100
|cant|p2a: Excadrill|flinch
|cant|p2b: Big John|flinch
|
|-weather|Sandstorm|[upkeep]
|-damage|p1a: Yanmega|37/100|[from] Sandstorm
|-sideend|p2: NorfOrSomething|move: Tailwind
|-ability|p1a: Yanmega|Speed Boost|boost
|-boost|p1a: Yanmega|spe|1
|upkeep
|turn|5
|c|☆NorfOrSomething|lmaoooo
|c|☆SkullHammer257|YOOOO
|c|☆SkullHammer257|I got that Wolfe glick luck
|c|☆NorfOrSomething|goated
|
|t:|1757101408
|move|p1a: Yanmega|Detect|p1a: Yanmega
|-singleturn|p1a: Yanmega|Protect
|move|p2a: Excadrill|Protect|p2a: Excadrill
|-singleturn|p2a: Excadrill|Protect
|move|p1b: Incineroar|Flare Blitz|p2a: Excadrill
|-activate|p2a: Excadrill|move: Protect
|move|p2b: Big John|Rock Slide|p1a: Yanmega|[spread] p1b
|-activate|p1a: Yanmega|move: Protect
|-supereffective|p1b: Incineroar
|-damage|p1b: Incineroar|56/100
|
|-weather|Sandstorm|[upkeep]
|-damage|p1a: Yanmega|30/100|[from] Sandstorm
|-sideend|p1: SkullHammer257|move: Tailwind
|-ability|p1a: Yanmega|Speed Boost|boost
|-boost|p1a: Yanmega|spe|1
|upkeep
|turn|6
|c|☆SkullHammer257|Oof good read
|
|t:|1757101437
|switch|p2a: Dragonite|Dragonite, L50, F|100/100
|switch|p1b: Archaludon|Archaludon, L50, F|100/100
|move|p1a: Yanmega|Tailwind|p1a: Yanmega
|-sidestart|p1: SkullHammer257|move: Tailwind
|move|p2b: Big John|Rock Slide|p1a: Yanmega|[spread] p1a,p1b
|-supereffective|p1a: Yanmega
|-resisted|p1b: Archaludon
|-damage|p1a: Yanmega|0 fnt
|-damage|p1b: Archaludon|93/100
|faint|p1a: Yanmega
|
|-weather|Sandstorm|[upkeep]
|-damage|p2a: Dragonite|94/100|[from] Sandstorm
|upkeep
|
|t:|1757101453
|switch|p1a: Incineroar|Incineroar, L50, F|56/100
|-ability|p1a: Incineroar|Intimidate|boost
|-unboost|p2a: Dragonite|atk|1
|-unboost|p2b: Big John|atk|1
|turn|7
|
|t:|1757101480
|move|p2a: Dragonite|Protect|p2a: Dragonite
|-singleturn|p2a: Dragonite|Protect
|move|p1a: Incineroar|Fake Out|p2a: Dragonite
|-activate|p2a: Dragonite|move: Protect
|move|p1b: Archaludon|Electro Shot||[still]
|-prepare|p1b: Archaludon|Electro Shot
|-boost|p1b: Archaludon|spa|1
|-enditem|p1b: Archaludon|Power Herb
|-anim|p1b: Archaludon|Electro Shot|p2b: Big John
|-damage|p2b: Big John|71/100
|move|p2b: Big John|Rock Slide|p1a: Incineroar|[spread] p1a,p1b
|-supereffective|p1a: Incineroar
|-resisted|p1b: Archaludon
|-damage|p1a: Incineroar|24/100
|-damage|p1b: Archaludon|88/100
|
|-weather|none
|upkeep
|turn|8
|c|☆SkullHammer257|That did nothing
|c|☆SkullHammer257|On both sides
|
|t:|1757101521
|move|p1b: Archaludon|Dragon Pulse|p2b: Big John
|-damage|p2b: Big John|32/100
|move|p1a: Incineroar|Flare Blitz|p2a: Dragonite
|-resisted|p2a: Dragonite
|-damage|p2a: Dragonite|67/100
|-damage|p1a: Incineroar|16/100|[from] Recoil
|move|p2a: Dragonite|Scale Shot|p1a: Incineroar
|-damage|p1a: Incineroar|7/100
|-damage|p1a: Incineroar|0 fnt
|faint|p1a: Incineroar
|-hitcount|p1: Incineroar|2
|-unboost|p2a: Dragonite|def|1
|-boost|p2a: Dragonite|spe|1
|move|p2b: Big John|Low Kick|p1b: Archaludon
|-supereffective|p1b: Archaludon
|-damage|p1b: Archaludon|65/100
|
|upkeep
|turn|9
|
|t:|1757101551
|switch|p2b: Excadrill|Excadrill, L50, F|66/100
|move|p2a: Dragonite|Protect|p2a: Dragonite
|-singleturn|p2a: Dragonite|Protect
|move|p1b: Archaludon|Thunderbolt|p2a: Dragonite
|-activate|p2a: Dragonite|move: Protect
|
|-sideend|p1: SkullHammer257|move: Tailwind
|upkeep
|turn|10
|
|t:|1757101563
|move|p2a: Dragonite|Scale Shot|p1b: Archaludon|[miss]
|-miss|p2a: Dragonite|p1b: Archaludon
|move|p2b: Excadrill|Earthquake|p1b: Archaludon|[spread] p1b
|-immune|p2a: Dragonite
|-supereffective|p1b: Archaludon
|-damage|p1b: Archaludon|4/100
|move|p1b: Archaludon|Thunderbolt|p2a: Dragonite
|-damage|p2a: Dragonite|19/100
|
|upkeep
|turn|11
|c|☆NorfOrSomething|lol
|c|☆SkullHammer257|Possibly GG
|
|t:|1757101583
|move|p2a: Dragonite|Scale Shot|p1b: Archaludon
|-crit|p1b: Archaludon
|-damage|p1b: Archaludon|0 fnt
|faint|p1b: Archaludon
|-hitcount|p1: Archaludon|1
|
|win|NorfOrSomething
|c|☆NorfOrSomething|horrible job, dnite
||NorfOrSomething is ready for game 2.
||SkullHammer257 is ready for game 2.
|uhtml|next|Next: Game 2 of 3
