|j|☆JakAttack626
|j|☆okkoso
|html|JakAttack626okkoso    
|uhtml|bestof|Game 2 of a best-of-3
|t:|1756344888
|gametype|doubles
|player|p1|JakAttack626|blue|1000
|player|p2|okkoso|waiter-gen4dp|1018
|gen|9
|tier|[Gen 9] VGC 2025 Reg H (Bo3)
|rated|
|rule|Species Clause: Limit one of each Pokémon
|rule|Item Clause: Limit 1 of each item
|clearpoke
|poke|p1|Annihilape, L50, M|
|poke|p1|Ninetales-Alola, L50, M|
|poke|p1|Garchomp, L50, F|
|poke|p1|Dragonite, L50, M|
|poke|p1|Sneasler, L50, M|
|poke|p1|Incineroar, L50, F|
|poke|p2|Muk-Alola, L50, F|
|poke|p2|Smeargle, L50, F|
|poke|p2|Maushold-Four, L50|
|poke|p2|Annihilape, L50, M|
|poke|p2|Sinistcha, L50|
|poke|p2|Archaludon, L50, M|
|teampreview|4
|showteam|p1|Annihilape||AssaultVest|Defiant|RageFist,DrainPunch,RockTomb,FinalGambit|||M|||50|,,,,,Fire]Ninetales-Alola||ChoiceSpecs|SnowWarning|Blizzard,Moonblast,FreezeDry,IcyWind|||M|||50|,,,,,Ghost]Garchomp||LifeOrb|RoughSkin|Earthquake,StompingTantrum,DragonClaw,Protect|||F|||50|,,,,,Steel]Dragonite||LoadedDice|Multiscale|ScaleShot,Tailwind,Protect,Haze|||M|||50|,,,,,Fairy]Sneasler||FocusSash|Unburden|CloseCombat,DireClaw,FakeOut,Coaching|||M|||50|,,,,,Ghost]Incineroar||SafetyGoggles|Intimidate|KnockOff,Taunt,FakeOut,PartingShot|||F|||50|,,,,,Fairy
|showteam|p2|Muk-Alola||BlackSludge|PowerofAlchemy|Minimize,KnockOff,Protect,DrainPunch|||F|||50|,,,,,Poison]Smeargle||FocusSash|Moody|FakeOut,Spore,Decorate,FollowMe|||F|||50|,,,,,Grass]Maushold-Four||SafetyGoggles|FriendGuard|PopulationBomb,Protect,FollowMe,BeatUp||||||50|,,,,,Ghost]Annihilape||ExpertBelt|Defiant|BulkUp,DrainPunch,RageFist,Protect|||M|||50|,,,,,Water]Sinistcha||SitrusBerry|Hospitality|MatchaGotcha,ShadowBall,CalmMind,RagePowder||||||50|,,,,,Ghost]Archaludon||AssaultVest|Stamina|DracoMeteor,ElectroShot,BodyPress,DragonPulse|||M|||50|,,,,,Water
|
|t:|1756344906
|teamsize|p1|4
|teamsize|p2|4
|start
|switch|p1a: Ninetales|Ninetales-Alola, L50, M, shiny|100/100
|switch|p1b: Dragonite|Dragonite, L50, M, shiny|100/100
|switch|p2a: Annihilape|Annihilape, L50, M|100/100
|switch|p2b: Maushold|Maushold-Four, L50|100/100
|-weather|Snowscape|[from] ability: Snow Warning|[of] p1a: Ninetales
|turn|1
|inactive|Battle timer is ON: inactive players will automatically lose when time's up. (requested by JakAttack626)
|
|t:|1756344926
|-terastallize|p1a: Ninetales|Ghost
|move|p2b: Maushold|Beat Up|p2a: Annihilape
|-damage|p2a: Annihilape|98/100
|-damage|p2a: Annihilape|96/100
|-damage|p2a: Annihilape|94/100
|-damage|p2a: Annihilape|93/100
|-hitcount|p2a: Annihilape|4
|move|p1a: Ninetales|Blizzard|p2b: Maushold|[spread] p2a,p2b
|-damage|p2a: Annihilape|62/100
|-damage|p2b: Maushold|47/100
|move|p1b: Dragonite|Scale Shot|p2a: Annihilape
|-damage|p2a: Annihilape|50/100
|-damage|p2a: Annihilape|39/100
|-damage|p2a: Annihilape|27/100
|-damage|p2a: Annihilape|16/100
|-hitcount|p2a: Annihilape|4
|-unboost|p1b: Dragonite|def|1
|-boost|p1b: Dragonite|spe|1
|move|p2a: Annihilape|Rage Fist|p1a: Ninetales
|-supereffective|p1a: Ninetales
|-damage|p1a: Ninetales|0 fnt
|faint|p1a: Ninetales
|
|-weather|Snowscape|[upkeep]
|upkeep
|
|t:|1756344933
|switch|p1a: Garchomp|Garchomp, L50, F|100/100
|turn|2
|inactive|okkoso has 30 seconds left.
|inactive|okkoso has 20 seconds left.
|inactive|okkoso has 15 seconds left.
|inactive|okkoso has 10 seconds left.
|
|t:|1756344979
|move|p2b: Maushold|Follow Me|p2b: Maushold
|-singleturn|p2b: Maushold|move: Follow Me
|move|p1b: Dragonite|Scale Shot|p2b: Maushold
|-damage|p2b: Maushold|26/100
|-damage|p2b: Maushold|5/100
|-damage|p2b: Maushold|0 fnt
|faint|p2b: Maushold
|-hitcount|p2: Maushold|3
|-unboost|p1b: Dragonite|def|1
|-boost|p1b: Dragonite|spe|1
|move|p1a: Garchomp|Earthquake|p2a: Annihilape|[spread] p2a
|-immune|p1b: Dragonite
|-damage|p2a: Annihilape|0 fnt
|faint|p2a: Annihilape
|-damage|p1a: Garchomp|91/100|[from] item: Life Orb
|
|-weather|Snowscape|[upkeep]
|upkeep
|inactive|okkoso has 30 seconds left.
|inactive|okkoso has 20 seconds left.
|inactive|okkoso has 15 seconds left.
|inactive|okkoso has 10 seconds left.
|inactive|okkoso has 5 seconds left.
|
|t:|1756345034
|switch|p2b: Sinistcha|Sinistcha, L50|100/100
|switch|p2a: Archaludon|Archaludon, L50, M, shiny|100/100
|turn|3
|inactive|okkoso has 30 seconds left.
|inactive|JakAttack626 has 30 seconds left.
|inactive|okkoso has 20 seconds left.
|inactive|okkoso has 15 seconds left.
|inactive|okkoso has 10 seconds left.
|inactive|okkoso has 5 seconds left.
|
|t:|1756345089
|move|p1b: Dragonite|Scale Shot|p2b: Sinistcha
|-damage|p2b: Sinistcha|87/100
|-damage|p2b: Sinistcha|72/100
|-damage|p2b: Sinistcha|57/100
|-damage|p2b: Sinistcha|42/100
|-enditem|p2b: Sinistcha|Sitrus Berry|[eat]
|-heal|p2b: Sinistcha|66/100|[from] item: Sitrus Berry
|-crit|p2b: Sinistcha
|-damage|p2b: Sinistcha|44/100
|-hitcount|p2b: Sinistcha|5
|-unboost|p1b: Dragonite|def|1
|-boost|p1b: Dragonite|spe|1
|move|p1a: Garchomp|Dragon Claw|p2b: Sinistcha
|-damage|p2b: Sinistcha|0 fnt
|faint|p2b: Sinistcha
|-damage|p1a: Garchomp|81/100|[from] item: Life Orb
|move|p2a: Archaludon|Draco Meteor|p1a: Garchomp
|-supereffective|p1a: Garchomp
|-damage|p1a: Garchomp|0 fnt
|-unboost|p2a: Archaludon|spa|2
|faint|p1a: Garchomp
|
|-weather|Snowscape|[upkeep]
|upkeep
|
|t:|1756345109
|switch|p1a: Annihilape|Annihilape, L50, M, shiny|100/100
|turn|4
|inactive|okkoso has 30 seconds left.
|inactive|okkoso has 20 seconds left.
|inactive|okkoso has 15 seconds left.
|inactive|okkoso has 10 seconds left.
|inactive|okkoso has 5 seconds left.
|
|t:|1756345164
|move|p1b: Dragonite|Protect|p1b: Dragonite
|-singleturn|p1b: Dragonite|Protect
|move|p1a: Annihilape|Final Gambit|p2a: Archaludon
|-damage|p2a: Archaludon|0 fnt
|faint|p1a: Annihilape
|faint|p2a: Archaludon
|
|win|JakAttack626
|raw|JakAttack626's rating: 1000 → 1042(+42 for winning)
|raw|okkoso's rating: 1018 → 1005(-13 for losing)
