|j|☆memeberserk
|j|☆Prepucio Santos
|html|memeberserkPrepucio Santos    
|uhtml|bestof|Game 1 of a best-of-3
|t:|1784389673
|gametype|doubles
|player|p1|memeberserk|lance|1202
|player|p2|Prepucio Santos|striker|1236
|gen|9
|tier|[Gen 9 Champions] VGC 2026 Reg M-B (Bo3)
|rated|
|rule|Species Clause: Limit one of each Pokémon
|rule|Item Clause: Limit 1 of each item
|clearpoke
|poke|p1|Raichu, L50, F|
|poke|p1|Corviknight, L50, F|
|poke|p1|Sylveon, L50, F|
|poke|p1|Basculegion, L50, M|
|poke|p1|Mamoswine, L50, F|
|poke|p1|Tyranitar, L50, M|
|poke|p2|Charizard, L50, M|
|poke|p2|Venusaur, L50, M|
|poke|p2|Pelipper, L50, F|
|poke|p2|Grimmsnarl, L50, M|
|poke|p2|Basculegion, L50, M|
|poke|p2|Archaludon, L50, M|
|teampreview|4
|showteam|p1|Raichu||RaichuniteY|LightningRod|ZapCannon,FocusBlast,FakeOut,Protect|Timid||F|||50|]Corviknight||Leftovers|Unnerve|BraveBird,IronHead,Tailwind,Protect|Careful||F|||50|]Sylveon||FairyFeather|Pixilate|HyperVoice,QuickAttack,Protect,Yawn|Modest||F|||50|]Basculegion||MysticWater|SwiftSwim|WaveCrash,LastRespects,AquaJet,Protect|Adamant||M|||50|]Mamoswine||LifeOrb|Oblivious|HighHorsepower,IceShard,IcicleCrash,Protect|Adamant||F|||50|]Tyranitar||FocusSash|SandStream|RockSlide,KnockOff,Superpower,Protect|Adamant||M|||50|
|showteam|p2|Charizard||CharizarditeY|Blaze|HeatWave,WeatherBall,SolarBeam,Protect|Modest||M|||50|]Venusaur||FocusSash|Chlorophyll|SludgeBomb,EarthPower,SleepPowder,Protect|Modest||M|||50|]Pelipper||SitrusBerry|Drizzle|Hurricane,WeatherBall,WideGuard,Tailwind|Modest||F|||50|]Grimmsnarl||LightClay|Prankster|SpiritBreak,Reflect,LightScreen,PartingShot|Sassy||M|||50|]Basculegion||ChoiceScarf|Adaptability|WaveCrash,LastRespects,FlipTurn,AquaJet|Jolly||M|||50|]Archaludon||Leftovers|Stamina|DragonPulse,FlashCannon,ElectroShot,Protect|Calm||M|||50|
|inactive|Battle timer is ON: inactive players will automatically lose when time's up. (requested by memeberserk)
|inactiveoff|Battle timer is now OFF.
|
|t:|1784389709
|teamsize|p1|4
|teamsize|p2|4
|start
|switch|p1a: Corviknight|Corviknight, L50, F|100/100
|switch|p1b: Raichu|Raichu, L50, F|100/100
|switch|p2a: Grimmsnarl|Grimmsnarl, L50, M|100/100
|switch|p2b: Archaludon|Archaludon, L50, M|100/100
|-ability|p1a: Corviknight|Unnerve
|turn|1
|
|t:|1784389725
|move|p2b: Archaludon|Protect|p2b: Archaludon
|-singleturn|p2b: Archaludon|Protect
|move|p2a: Grimmsnarl|Light Screen|p2a: Grimmsnarl
|-sidestart|p2: Prepucio Santos|move: Light Screen
|move|p1b: Raichu|Zap Cannon|p2b: Archaludon
|-activate|p2b: Archaludon|move: Protect
|move|p1a: Corviknight|Tailwind|p1a: Corviknight
|-sidestart|p1: memeberserk|move: Tailwind
|
|upkeep
|turn|2
|
|t:|1784389748
|move|p1b: Raichu|Zap Cannon|p2b: Archaludon|[miss]
|-miss|p1b: Raichu|p2b: Archaludon
|move|p1a: Corviknight|Iron Head|p2a: Grimmsnarl
|-supereffective|p2a: Grimmsnarl|1
|-damage|p2a: Grimmsnarl|37/100
|move|p2b: Archaludon|Dragon Pulse|p1b: Raichu
|-damage|p1b: Raichu|44/100
|move|p2a: Grimmsnarl|Spirit Break|p1b: Raichu
|-damage|p1b: Raichu|0 fnt
|faint|p1b: Raichu
|
|upkeep
|
|t:|1784389759
|switch|p1b: Sylveon|Sylveon, L50, F|100/100
|turn|3
|
|t:|1784389780
|move|p1a: Corviknight|Protect|p1a: Corviknight
|-singleturn|p1a: Corviknight|Protect
|move|p2a: Grimmsnarl|Parting Shot|p1b: Sylveon
|-unboost|p1b: Sylveon|atk|1
|-unboost|p1b: Sylveon|spa|1
|
|t:|1784389785
|switch|p2a: Pelipper|Pelipper, L50, F|100/100|[from] Parting Shot
|-weather|RainDance|[from] ability: Drizzle|[of] p2a: Pelipper
|move|p1b: Sylveon|Hyper Voice|p2b: Archaludon|[spread] p2a,p2b
|-damage|p2a: Pelipper|75/100
|-damage|p2b: Archaludon|83/100
|-ability|p2b: Archaludon|Stamina|boost
|-boost|p2b: Archaludon|def|1
|move|p2b: Archaludon|Electro Shot||[still]
|-prepare|p2b: Archaludon|Electro Shot
|-boost|p2b: Archaludon|spa|1
|-anim|p2b: Archaludon|Electro Shot|p1b: Sylveon
|-damage|p1b: Sylveon|54/100
|
|-weather|RainDance|[upkeep]
|-heal|p2b: Archaludon|89/100|[from] item: Leftovers
|upkeep
|turn|4
|-message|memeberserk forfeited.
|
|win|Prepucio Santos
|l|☆memeberserk
|player|p1|
||memeberserk is ready for game 2.
||Prepucio Santos is ready for game 2.
|uhtml|next|Next: Game 2 of 3
