|j|☆Smasho
|j|☆monsoonisbest
|html|Smashomonsoonisbest    
|uhtml|bestof|Game 2 of a best-of-3
|t:|1782742063
|gametype|doubles
|player|p1|Smasho|1|1249
|player|p2|monsoonisbest|169|1201
|gen|9
|tier|[Gen 9 Champions] VGC 2026 Reg M-B (Bo3)
|rated|
|rule|Species Clause: Limit one of each Pokémon
|rule|Item Clause: Limit 1 of each item
|clearpoke
|poke|p1|Raichu, L50, F, shiny|
|poke|p1|Mawile, L50, F|
|poke|p1|Sinistcha, L50|
|poke|p1|Ceruledge, L50, F|
|poke|p1|Milotic, L50, F, shiny|
|poke|p1|Incineroar, L50, M, shiny|
|poke|p2|Pyroar, L50, F|
|poke|p2|Basculegion, L50, M|
|poke|p2|Mawile, L50, M|
|poke|p2|Torkoal, L50, M|
|poke|p2|Oranguru, L50, M|
|poke|p2|Grimmsnarl, L50, M|
|teampreview|4
|showteam|p1|Raichu||RaichuniteY|LightningRod|ZapCannon,FocusBlast,FakeOut,Protect|Timid||F|||50|]Mawile||Mawilite|HyperCutter|PlayRough,SuckerPunch,SwordsDance,Protect|Adamant||F|||50|]Sinistcha||KasibBerry|Hospitality|MatchaGotcha,LifeDew,RagePowder,Protect|Relaxed|||||50|]Ceruledge||ColburBerry|FlashFire|BitterBlade,ShadowSneak,BulkUp,Protect|Adamant||F|||50|]Milotic||Leftovers|Competitive|MuddyWater,Coil,Hypnosis,Protect|Calm||F|||50|]Incineroar||SitrusBerry|Intimidate|FlareBlitz,ThroatChop,FakeOut,PartingShot|Impish||M|||50|
|showteam|p2|Pyroar||Pyroarite|Rivalry|HeatWave,SolarBeam,Overheat,Protect|Timid||F|||50|]Basculegion||ChoiceScarf|Adaptability|WaveCrash,LastRespects,FlipTurn,AquaJet|Jolly||M|||50|]Mawile||Mawilite|HyperCutter|IronHead,PlayRough,SuckerPunch,Protect|Adamant||M|||50|]Torkoal||Charcoal|Drought|Eruption,WeatherBall,HelpingHand,Protect|Quiet||M|||50|]Oranguru||MentalHerb|InnerFocus|Psychic,TrickRoom,Encore,Instruct|Relaxed||M|||50|]Grimmsnarl||SitrusBerry|Prankster|SpiritBreak,FakeOut,LightScreen,PartingShot|Careful||M|||50|
|inactive|Battle timer is ON: inactive players will automatically lose when time's up. (requested by Smasho)
|
|t:|1782742080
|teamsize|p1|4
|teamsize|p2|4
|start
|switch|p1a: Raichu|Raichu, L50, F, shiny|100/100
|switch|p1b: Milotic|Milotic, L50, F, shiny|100/100
|switch|p2a: Pyroar|Pyroar, L50, F|100/100
|switch|p2b: Grimmsnarl|Grimmsnarl, L50, M|100/100
|turn|1
|
|t:|1782742091
|switch|p2b: Torkoal|Torkoal, L50, M|100/100
|-weather|SunnyDay|[from] ability: Drought|[of] p2b: Torkoal
|detailschange|p2a: Pyroar|Pyroar-Mega, L50, F
|-mega|p2a: Pyroar|Pyroar|Pyroarite
|detailschange|p1a: Raichu|Raichu-Mega-Y, L50, F, shiny
|-mega|p1a: Raichu|Raichu|Raichunite Y
|move|p1a: Raichu|Fake Out|p2a: Pyroar
|-damage|p2a: Pyroar|90/100
|cant|p2a: Pyroar|flinch
|move|p1b: Milotic|Coil|p1b: Milotic
|-boost|p1b: Milotic|atk|1
|-boost|p1b: Milotic|def|1
|-boost|p1b: Milotic|accuracy|1
|
|-weather|SunnyDay|[upkeep]
|upkeep
|turn|2
|
|t:|1782742113
|move|p2b: Torkoal|Helping Hand|p2a: Pyroar
|-singleturn|p2a: Pyroar|Helping Hand|[of] p2b: Torkoal
|move|p1b: Milotic|Protect|p1b: Milotic
|-singleturn|p1b: Milotic|Protect
|move|p2a: Pyroar|Solar Beam||[still]
|-prepare|p2a: Pyroar|Solar Beam
|-anim|p2a: Pyroar|Solar Beam|p1b: Milotic
|-activate|p1b: Milotic|move: Protect
|move|p1a: Raichu|Zap Cannon|p2a: Pyroar
|-damage|p2a: Pyroar|17/100
|-status|p2a: Pyroar|par
|
|-weather|SunnyDay|[upkeep]
|upkeep
|turn|3
|
|t:|1782742132
|move|p2b: Torkoal|Helping Hand|p2a: Pyroar
|-singleturn|p2a: Pyroar|Helping Hand|[of] p2b: Torkoal
|move|p1a: Raichu|Zap Cannon|p2a: Pyroar
|-damage|p2a: Pyroar|0 fnt
|faint|p2a: Pyroar
|move|p1b: Milotic|Muddy Water|p2b: Torkoal
|-supereffective|p2b: Torkoal|1
|-damage|p2b: Torkoal|64/100
|
|-weather|SunnyDay|[upkeep]
|upkeep
|inactive|monsoonisbest has 30 seconds left.
|inactive|monsoonisbest has 20 seconds left.
|inactive|monsoonisbest has 15 seconds left.
|inactive|monsoonisbest has 10 seconds left.
|inactive|monsoonisbest has 5 seconds left.
|
|t:|1782742187
|switch|p2a: Grimmsnarl|Grimmsnarl, L50, M|100/100
|turn|4
|inactive|monsoonisbest has 30 seconds left.
|inactive|monsoonisbest has 20 seconds left.
|inactive|monsoonisbest has 15 seconds left.
|inactive|monsoonisbest has 10 seconds left.
|inactive|monsoonisbest has 5 seconds left.
|
|t:|1782742243
|switch|p1b: Ceruledge|Ceruledge, L50, F|100/100
|move|p1a: Raichu|Protect|p1a: Raichu
|-singleturn|p1a: Raichu|Protect
|move|p2a: Grimmsnarl|Spirit Break|p1a: Raichu
|-activate|p1a: Raichu|move: Protect
|move|p2b: Torkoal|Eruption|p1b: Ceruledge|[spread] 
|-activate|p1a: Raichu|move: Protect
|-start|p1b: Ceruledge|ability: Flash Fire
|
|-weather|SunnyDay|[upkeep]
|upkeep
|turn|5
|inactive|monsoonisbest has 30 seconds left.
|inactive|monsoonisbest has 20 seconds left.
|inactive|monsoonisbest has 15 seconds left.
|inactive|monsoonisbest has 10 seconds left.
|inactive|monsoonisbest has 5 seconds left.
|
|t:|1782742298
|move|p1a: Raichu|Zap Cannon|p2b: Torkoal
|-damage|p2b: Torkoal|0 fnt
|faint|p2b: Torkoal
|move|p1b: Ceruledge|Bulk Up|p1b: Ceruledge
|-boost|p1b: Ceruledge|atk|1
|-boost|p1b: Ceruledge|def|1
|move|p2a: Grimmsnarl|Spirit Break|p1b: Ceruledge
|-resisted|p1b: Ceruledge|1
|-damage|p1b: Ceruledge|90/100
|-unboost|p1b: Ceruledge|spa|1
|
|-weather|none
|upkeep
|inactive|monsoonisbest has 30 seconds left.
|inactive|monsoonisbest has 20 seconds left.
|inactive|monsoonisbest has 15 seconds left.
|c|☆Smasho|you must feel so good timing out
|inactive|monsoonisbest has 10 seconds left.
|inactive|monsoonisbest has 5 seconds left.
|c|☆Smasho|but unfortunately doesn't help you improve
|
|t:|1782742353
|switch|p2b: Basculegion|Basculegion, L50, M|100/100
|turn|6
|c|☆Smasho|I'll wait and destroy you dw
|inactive|monsoonisbest has 30 seconds left.
|inactive|monsoonisbest has 20 seconds left.
|inactive|monsoonisbest has 15 seconds left.
|inactive|monsoonisbest has 10 seconds left.
|inactive|monsoonisbest has 5 seconds left.
|
|t:|1782742408
|move|p1b: Ceruledge|Shadow Sneak|p2b: Basculegion
|-supereffective|p2b: Basculegion|1
|-damage|p2b: Basculegion|20/100r
|move|p2b: Basculegion|Wave Crash|p1b: Ceruledge
|-supereffective|p1b: Ceruledge|1
|-damage|p1b: Ceruledge|0 fnt
|faint|p1b: Ceruledge
|-damage|p2b: Basculegion|0 fnt|[from] Recoil
|faint|p2b: Basculegion
|move|p1a: Raichu|Zap Cannon|p2a: Grimmsnarl
|-damage|p2a: Grimmsnarl|51/100
|-status|p2a: Grimmsnarl|par
|move|p2a: Grimmsnarl|Spirit Break|p1a: Raichu
|-damage|p1a: Raichu|53/100
|-unboost|p1a: Raichu|spa|1
|
|upkeep
|
|t:|1782742419
|switch|p1b: Milotic|Milotic, L50, F, shiny|100/100
|turn|7
|c|☆Smasho|You lost ahahah
|inactive|monsoonisbest has 30 seconds left.
|inactive|monsoonisbest has 20 seconds left.
|c|☆Smasho|How does it feel to not be able to play
|inactive|monsoonisbest has 15 seconds left.
|inactive|monsoonisbest has 10 seconds left.
|c|☆Smasho|and everything I did you couldn't counter?
|inactive|monsoonisbest has 5 seconds left.
|c|☆Smasho|I bet you're so salty rn
|
|t:|1782742474
|move|p1a: Raichu|Zap Cannon|p2a: Grimmsnarl
|-damage|p2a: Grimmsnarl|18/100 par
|-enditem|p2a: Grimmsnarl|Sitrus Berry|[eat]
|-heal|p2a: Grimmsnarl|43/100 par|[from] item: Sitrus Berry
|move|p1b: Milotic|Coil|p1b: Milotic
|-boost|p1b: Milotic|atk|1
|-boost|p1b: Milotic|def|1
|-boost|p1b: Milotic|accuracy|1
|cant|p2a: Grimmsnarl|par
|
|upkeep
|turn|8
|inactive|monsoonisbest has 30 seconds left.
|inactive|monsoonisbest has 20 seconds left.
|inactive|monsoonisbest has 15 seconds left.
|inactive|monsoonisbest has 10 seconds left.
|inactive|monsoonisbest has 5 seconds left.
|
|t:|1782742529
|move|p1a: Raichu|Zap Cannon|p2a: Grimmsnarl
|-damage|p2a: Grimmsnarl|10/100 par
|move|p1b: Milotic|Muddy Water|p2a: Grimmsnarl
|-damage|p2a: Grimmsnarl|0 fnt
|faint|p2a: Grimmsnarl
|
|win|Smasho
|raw|Smasho's rating: 1249 → 1271(+22 for winning)
|raw|monsoonisbest's rating: 1201 → 1179(-22 for losing)
