|j|☆RedAllay
|j|☆NoitUK_VGC
|html|RedAllayNoitUK_VGC    
|uhtml|bestof|Game 3 of a best-of-3
|t:|1783848346
|gametype|doubles
|player|p1|RedAllay|gladion|1072
|player|p2|NoitUK_VGC|102|1013
|gen|9
|tier|[Gen 9 Champions] VGC 2026 Reg M-B (Bo3)
|rated|
|rule|Species Clause: Limit one of each Pokémon
|rule|Item Clause: Limit 1 of each item
|clearpoke
|poke|p1|Floette-Eternal, L50, F|
|poke|p1|Garchomp, L50, F|
|poke|p1|Incineroar, L50, F|
|poke|p1|Sinistcha, L50|
|poke|p1|Sneasler, L50, F|
|poke|p1|Aerodactyl, L50, M|
|poke|p2|Archaludon, L50, F|
|poke|p2|Swampert, L50, M|
|poke|p2|Pelipper, L50, F|
|poke|p2|Raichu, L50, F|
|poke|p2|Sableye, L50, F|
|poke|p2|Kingambit, L50, M|
|teampreview|4
|showteam|p1|Floette-Eternal||Floettite|FlowerVeil|Moonblast,DazzlingGleam,CalmMind,Protect|Modest||F|||50|]Garchomp||LifeOrb|RoughSkin|Earthquake,StompingTantrum,DragonClaw,Protect|Adamant||F|||50|]Incineroar||SitrusBerry|Intimidate|FlareBlitz,ThroatChop,PartingShot,FakeOut|Relaxed||F|||50|]Sinistcha||Leftovers|Hospitality|MatchaGotcha,RagePowder,LifeDew,Protect|Modest|||||50|]Sneasler||WhiteHerb|Unburden|CloseCombat,DireClaw,FakeOut,Protect|Adamant||F|||50|]Aerodactyl||FocusSash|Unnerve|RockSlide,DualWingbeat,Tailwind,Protect|Jolly||M|||50|
|showteam|p2|Archaludon||Leftovers|Stamina|Protect,ElectroShot,FlashCannon,DragonPulse|Modest||F|||50|]Swampert||Swampertite|Torrent|Protect,WaveCrash,Earthquake,IcePunch|Adamant||M|||50|]Pelipper||SitrusBerry|Drizzle|WideGuard,WeatherBall,Hurricane,Tailwind|Bold||F|||50|]Raichu||RaichuniteX|LightningRod|FakeOut,VoltTackle,VoltSwitch,PlayRough|Hasty||F|||50|]Sableye||RoseliBerry|Prankster|Encore,Disable,WillOWisp,RainDance|Relaxed||F|||50|]Kingambit||ChopleBerry|Defiant|KowtowCleave,SuckerPunch,IronHead,LowKick|Adamant||M|||50|
|inactive|Battle timer is ON: inactive players will automatically lose when time's up. (requested by RedAllay)
|inactive|NoitUK_VGC has 60 seconds left.
|
|t:|1783848401
|teamsize|p1|4
|teamsize|p2|4
|start
|switch|p1a: Garchomp|Garchomp, L50, F|100/100
|switch|p1b: Sneasler|Sneasler, L50, F|100/100
|switch|p2a: Pelipper|Pelipper, L50, F|100/100
|switch|p2b: Swampert|Swampert, L50, M|100/100
|-weather|RainDance|[from] ability: Drizzle|[of] p2a: Pelipper
|turn|1
|inactive|RedAllay has 30 seconds left.
|
|t:|1783848426
|switch|p1a: Sinistcha|Sinistcha, L50|100/100
|detailschange|p2b: Swampert|Swampert-Mega, L50, M
|-mega|p2b: Swampert|Swampert|Swampertite
|move|p1b: Sneasler|Fake Out|p2a: Pelipper
|-crit|p2a: Pelipper
|-damage|p2a: Pelipper|78/100
|move|p2b: Swampert|Ice Punch|p1a: Sinistcha
|-supereffective|p1a: Sinistcha|1
|-damage|p1a: Sinistcha|43/100
|cant|p2a: Pelipper|flinch
|
|-weather|RainDance|[upkeep]
|-heal|p1a: Sinistcha|50/100y|[from] item: Leftovers
|upkeep
|turn|2
|inactive|RedAllay has 30 seconds left.
|
|t:|1783848457
|move|p2b: Swampert|Earthquake|p1b: Sneasler|[spread] p1a,p1b
|-immune|p2a: Pelipper
|-resisted|p1a: Sinistcha|1
|-supereffective|p1b: Sneasler|1
|-damage|p1a: Sinistcha|26/100
|-damage|p1b: Sneasler|0 fnt
|faint|p1b: Sneasler
|move|p2a: Pelipper|Hurricane|p1a: Sinistcha
|-supereffective|p1a: Sinistcha|1
|-damage|p1a: Sinistcha|0 fnt
|faint|p1a: Sinistcha
|
|-weather|RainDance|[upkeep]
|upkeep
|
|t:|1783848469
|switch|p1b: Floette|Floette-Eternal, L50, F|100/100
|switch|p1a: Garchomp|Garchomp, L50, F|100/100
|turn|3
|
|t:|1783848489
|move|p1b: Floette|Protect|p1b: Floette
|-singleturn|p1b: Floette|Protect
|move|p2b: Swampert|Ice Punch|p1a: Garchomp
|-supereffective|p1a: Garchomp|2
|-damage|p1a: Garchomp|0 fnt
|-damage|p2b: Swampert|87/100|[from] ability: Rough Skin|[of] p1a: Garchomp
|faint|p1a: Garchomp
|move|p2a: Pelipper|Tailwind|p2a: Pelipper
|-sidestart|p2: NoitUK_VGC|move: Tailwind
|
|-weather|RainDance|[upkeep]
|upkeep
|turn|4
|
|t:|1783848503
|detailschange|p1b: Floette|Floette-Mega, L50, F
|-mega|p1b: Floette|Floette|Floettite
|-ability|p1b: Floette|Fairy Aura
|move|p2b: Swampert|Wave Crash|p1b: Floette
|-damage|p1b: Floette|0 fnt
|faint|p1b: Floette
|-damage|p2b: Swampert|53/100|[from] Recoil
|
|win|NoitUK_VGC
|raw|RedAllay's rating: 1072 → 1048(-24 for losing)
|raw|NoitUK_VGC's rating: 1013 → 1057(+44 for winning)
|c|☆RedAllay|I wouldve won if i didnt miss matcha gotcha game 2
|c|☆NoitUK_VGC|yup
|c|☆NoitUK_VGC|ggwp
|c|☆RedAllay|Rip
|c|☆RedAllay|GGs
|l|☆RedAllay
|player|p1|
