|j|☆randomguy1114s
|j|☆knowaboutme
|html|randomguy1114sknowaboutme    
|uhtml|bestof|Game 3 of a best-of-3
|t:|1756880615
|gametype|doubles
|player|p1|randomguy1114s|lillie-masters|1154
|player|p2|knowaboutme|blue-gen2|1119
|gen|9
|tier|[Gen 9] VGC 2025 Reg H (Bo3)
|rated|
|rule|Species Clause: Limit one of each Pokémon
|rule|Item Clause: Limit 1 of each item
|clearpoke
|poke|p1|Talonflame, L50, F|
|poke|p1|Garchomp, L50, M|
|poke|p1|Tyranitar, L50, M|
|poke|p1|Ursaluna-Bloodmoon, L50, M|
|poke|p1|Amoonguss, L50, M|
|poke|p1|Chandelure, L50, F|
|poke|p2|Annihilape, L50, M|
|poke|p2|Ninetales-Alola, L50, F|
|poke|p2|Talonflame, L50, M|
|poke|p2|Garchomp, L50, M|
|poke|p2|Vivillon-Monsoon, L50, F|
|poke|p2|Gholdengo, L50|
|teampreview|4
|showteam|p1|Talonflame||SafetyGoggles|GaleWings|Tailwind,FlareBlitz,BraveBird,WillOWisp|||F|||50|,,,,,Ghost]Garchomp||ClearAmulet|SandVeil|Earthquake,DragonClaw,StompingTantrum,Protect|||M|||50|,,,,,Steel]Tyranitar||AssaultVest|SandStream|RockSlide,KnockOff,TeraBlast,LowKick|||M|||50|,,,,,Flying]Ursaluna-Bloodmoon||LifeOrb|MindsEye|BloodMoon,HyperVoice,EarthPower,Protect|||M|||50|,,,,,Normal]Amoonguss||MentalHerb|Regenerator|RagePowder,PollenPuff,Spore,Protect|||M|||50|,,,,,Water]Chandelure||SitrusBerry|FlashFire|HeatWave,ShadowBall,TrickRoom,Protect|||F|||50|,,,,,Grass
|showteam|p2|Annihilape||SafetyGoggles|Defiant|RageFist,DrainPunch,BulkUp,Protect|||M|||50|,,,,,Water]Ninetales-Alola||CovertCloak|SnowWarning|Blizzard,FreezeDry,AuroraVeil,Protect|||F|||50|,,,,,Ice]Talonflame||SharpBeak|GaleWings|DualWingbeat,Tailwind,WillOWisp,Protect|||M|||50|,,,,,Ghost]Garchomp||LifeOrb|RoughSkin|Earthquake,StompingTantrum,DragonClaw,Protect|||M|||50|,,,,,Steel]Vivillon-Monsoon||FocusSash|CompoundEyes|SleepPowder,Hurricane,RagePowder,Protect|||F|||50|,,,,,Ghost]Gholdengo||IronPlate|GoodasGold|MakeItRain,ShadowBall,NastyPlot,Protect||||||50|,,,,,Steel
|
|t:|1756880637
|teamsize|p1|4
|teamsize|p2|4
|start
|switch|p1a: SHROOMSSSS|Amoonguss, L50, M, shiny|100/100
|switch|p1b: LIGHTTTTTTTTTT|Chandelure, L50, F|100/100
|switch|p2a: Vivillon|Vivillon-Monsoon, L50, F|100/100
|switch|p2b: Garchomp|Garchomp, L50, M|100/100
|turn|1
|
|t:|1756880678
|-terastallize|p1b: LIGHTTTTTTTTTT|Grass
|move|p2b: Garchomp|Earthquake|p1a: SHROOMSSSS|[spread] p1a,p1b
|-immune|p2a: Vivillon
|-resisted|p1b: LIGHTTTTTTTTTT
|-damage|p1a: SHROOMSSSS|59/100
|-damage|p1b: LIGHTTTTTTTTTT|75/100
|-damage|p2b: Garchomp|91/100|[from] item: Life Orb
|move|p2a: Vivillon|Hurricane|p1b: LIGHTTTTTTTTTT
|-supereffective|p1b: LIGHTTTTTTTTTT
|-damage|p1b: LIGHTTTTTTTTTT|0 fnt
|faint|p1b: LIGHTTTTTTTTTT
|move|p1a: SHROOMSSSS|Spore|p2b: Garchomp
|-status|p2b: Garchomp|slp|[from] move: Spore
|
|upkeep
|
|t:|1756880691
|switch|p1b: DINOOOO|Tyranitar, L50, M, shiny|100/100
|-weather|Sandstorm|[from] ability: Sand Stream|[of] p1b: DINOOOO
|turn|2
|
|t:|1756880704
|move|p1a: SHROOMSSSS|Rage Powder|p1a: SHROOMSSSS
|-singleturn|p1a: SHROOMSSSS|move: Rage Powder
|cant|p2b: Garchomp|slp
|move|p2a: Vivillon|Sleep Powder|p1a: SHROOMSSSS
|-immune|p1a: SHROOMSSSS
|move|p1b: DINOOOO|Rock Slide|p2a: Vivillon|[spread] p2b
|-miss|p1b: DINOOOO|p2a: Vivillon
|-resisted|p2b: Garchomp
|-damage|p2b: Garchomp|73/100 slp
|
|-weather|Sandstorm|[upkeep]
|-damage|p2a: Vivillon|95/100|[from] Sandstorm
|-damage|p1a: SHROOMSSSS|53/100|[from] Sandstorm
|upkeep
|turn|3
|
|t:|1756880734
|move|p1a: SHROOMSSSS|Protect|p1a: SHROOMSSSS
|-singleturn|p1a: SHROOMSSSS|Protect
|cant|p2b: Garchomp|slp
|move|p2a: Vivillon|Hurricane|p1a: SHROOMSSSS
|-activate|p1a: SHROOMSSSS|move: Protect
|move|p1b: DINOOOO|Rock Slide|p2b: Garchomp|[spread] p2b
|-miss|p1b: DINOOOO|p2a: Vivillon
|-resisted|p2b: Garchomp
|-damage|p2b: Garchomp|57/100 slp
|
|-weather|Sandstorm|[upkeep]
|-damage|p2a: Vivillon|89/100|[from] Sandstorm
|-damage|p1a: SHROOMSSSS|47/100|[from] Sandstorm
|upkeep
|turn|4
|
|t:|1756880744
|move|p1a: SHROOMSSSS|Rage Powder|p1a: SHROOMSSSS
|-singleturn|p1a: SHROOMSSSS|move: Rage Powder
|-curestatus|p2b: Garchomp|slp|[msg]
|move|p2b: Garchomp|Earthquake|p1a: SHROOMSSSS|[spread] p1a,p1b
|-immune|p2a: Vivillon
|-supereffective|p1b: DINOOOO
|-damage|p1a: SHROOMSSSS|1/100
|-damage|p1b: DINOOOO|6/100
|-damage|p2b: Garchomp|47/100|[from] item: Life Orb
|move|p2a: Vivillon|Hurricane|p1a: SHROOMSSSS
|-supereffective|p1a: SHROOMSSSS
|-damage|p1a: SHROOMSSSS|0 fnt
|faint|p1a: SHROOMSSSS
|move|p1b: DINOOOO|Rock Slide|p2b: Garchomp|[spread] p2b
|-miss|p1b: DINOOOO|p2a: Vivillon
|-resisted|p2b: Garchomp
|-damage|p2b: Garchomp|29/100
|
|-weather|Sandstorm|[upkeep]
|-damage|p2a: Vivillon|83/100|[from] Sandstorm
|upkeep
|-message|randomguy1114s forfeited.
|
|win|knowaboutme
|raw|randomguy1114s's rating: 1154 → 1126(-28 for losing)
|raw|knowaboutme's rating: 1119 → 1147(+28 for winning)
|l|☆knowaboutme
|player|p2|
