|j|☆Lewis94
|j|☆upchicken
|html|Lewis94upchicken    
|uhtml|bestof|Game 3 of a best-of-3
|t:|1755620291
|gametype|doubles
|player|p1|Lewis94|ethan-gen2|1198
|player|p2|upchicken|az|1219
|gen|9
|tier|[Gen 9] VGC 2025 Reg H (Bo3)
|rated|
|rule|Species Clause: Limit one of each Pokémon
|rule|Item Clause: Limit 1 of each item
|clearpoke
|poke|p1|Garchomp, L50, M|
|poke|p1|Whimsicott, L50, M|
|poke|p1|Dragonite, L50, M|
|poke|p1|Kingambit, L50, M|
|poke|p1|Typhlosion-Hisui, L50, M|
|poke|p1|Torkoal, L50, F|
|poke|p2|Ursaluna, L50, M|
|poke|p2|Dragonite, L50, F|
|poke|p2|Annihilape, L50, F|
|poke|p2|Whimsicott, L50, F|
|poke|p2|Gholdengo, L50|
|poke|p2|Porygon2, L50|
|teampreview|4
|showteam|p1|Garchomp||LifeOrb|RoughSkin|DragonClaw,StompingTantrum,Earthquake,Protect|||M|||50|,,,,,Ground]Whimsicott||CovertCloak|Prankster|Tailwind,SunnyDay,Moonblast,Encore|||M|||50|,,,,,Dark]Dragonite||LoadedDice|Multiscale|ExtremeSpeed,ScaleShot,Tailwind,Protect|||M|||50|,,,,,Normal]Kingambit||AssaultVest|Defiant|IronHead,SuckerPunch,KowtowCleave,LowKick|||M|||50|,,,,,Flying]Typhlosion-Hisui||ChoiceSpecs|Blaze|Eruption,ShadowBall,HeatWave,Overheat|||M|||50|,,,,,Fire]Torkoal||EjectPack|Drought|Overheat,Flamethrower,HelpingHand,Protect|||F|||50|,,,,,Flying
|showteam|p2|Ursaluna||FlameOrb|Guts|HeadlongRush,Facade,Earthquake,Protect|||M|||50|,,,,,Ghost]Dragonite||LoadedDice|Multiscale|ScaleShot,Haze,LowKick,Protect|||F|||50|,,,,,Fairy]Annihilape||AssaultVest|Defiant|FinalGambit,CloseCombat,RageFist,Uturn|||F|||50|,,,,,Fire]Whimsicott||FocusSash|Prankster|Moonblast,Tailwind,Encore,BeatUp|||F|||50|,,,,,Ghost]Gholdengo||LifeOrb|GoodasGold|MakeItRain,ShadowBall,NastyPlot,Protect||||||50|,,,,,Water]Porygon2||Eviolite|Download|TeraBlast,IceBeam,Recover,TrickRoom||||||50|,,,,,Fighting
|inactive|Battle timer is ON: inactive players will automatically lose when time's up. (requested by Lewis94)
|inactive|upchicken has 60 seconds left.
|
|t:|1755620329
|teamsize|p1|4
|teamsize|p2|4
|start
|switch|p1a: Dragonite|Dragonite, L50, M|100/100
|switch|p1b: Garchomp|Garchomp, L50, M|100/100
|switch|p2a: Annihilape|Annihilape, L50, F|100/100
|switch|p2b: Porygon2|Porygon2, L50|100/100
|-ability|p2b: Porygon2|Download|boost
|-boost|p2b: Porygon2|spa|1
|turn|1
|inactive|Lewis94 has 30 seconds left.
|inactive|Lewis94 has 20 seconds left.
|inactive|Lewis94 has 15 seconds left.
|inactive|Lewis94 has 10 seconds left.
|
|t:|1755620375
|-terastallize|p1b: Garchomp|Ground
|move|p1b: Garchomp|Stomping Tantrum|p2b: Porygon2
|-damage|p2b: Porygon2|58/100
|-damage|p1b: Garchomp|91/100|[from] item: Life Orb
|move|p2a: Annihilape|U-turn|p1a: Dragonite
|-resisted|p1a: Dragonite
|-damage|p1a: Dragonite|95/100
|
|t:|1755620383
|switch|p2a: Ursaluna|Ursaluna, L50, M|100/100|[from] U-turn
|move|p1a: Dragonite|Scale Shot|p2b: Porygon2
|-damage|p2b: Porygon2|49/100
|-damage|p2b: Porygon2|40/100
|-damage|p2b: Porygon2|30/100
|-damage|p2b: Porygon2|20/100
|-damage|p2b: Porygon2|11/100
|-hitcount|p2b: Porygon2|5
|-unboost|p1a: Dragonite|def|1
|-boost|p1a: Dragonite|spe|1
|move|p2b: Porygon2|Trick Room|p2b: Porygon2
|-fieldstart|move: Trick Room|[of] p2b: Porygon2
|
|-status|p2a: Ursaluna|brn|[from] item: Flame Orb
|upkeep
|turn|2
|inactive|Lewis94 has 30 seconds left.
|inactive|Lewis94 has 20 seconds left.
|
|t:|1755620420
|switch|p2b: Annihilape|Annihilape, L50, F|100/100
|move|p1b: Garchomp|Protect|p1b: Garchomp
|-singleturn|p1b: Garchomp|Protect
|move|p1a: Dragonite|Extreme Speed|p2b: Annihilape
|-immune|p2b: Annihilape
|move|p2a: Ursaluna|Facade|p1a: Dragonite
|-damage|p1a: Dragonite|0 fnt
|faint|p1a: Dragonite
|
|-damage|p2a: Ursaluna|95/100 brn|[from] brn
|upkeep
|
|t:|1755620438
|switch|p1a: Whimsicott|Whimsicott, L50, M|100/100
|turn|3
|
|t:|1755620457
|move|p1b: Garchomp|Protect|p1b: Garchomp
|-singleturn|p1b: Garchomp|Protect
|move|p1a: Whimsicott|Sunny Day|p1a: Whimsicott
|-weather|SunnyDay
|move|p2a: Ursaluna|Facade|p1a: Whimsicott
|-damage|p1a: Whimsicott|0 fnt
|faint|p1a: Whimsicott
|move|p2b: Annihilape|Rage Fist|p1b: Garchomp
|-activate|p1b: Garchomp|move: Protect
|
|-weather|SunnyDay|[upkeep]
|-damage|p2a: Ursaluna|89/100 brn|[from] brn
|upkeep
|
|t:|1755620470
|switch|p1a: Typhlosion|Typhlosion-Hisui, L50, M|100/100
|turn|4
|
|t:|1755620487
|move|p2a: Ursaluna|Earthquake|p1a: Typhlosion|[spread] p2b,p1a,p1b
|-supereffective|p1a: Typhlosion
|-damage|p2b: Annihilape|40/100
|-damage|p1a: Typhlosion|0 fnt
|-damage|p1b: Garchomp|28/100
|faint|p1a: Typhlosion
|move|p2b: Annihilape|Rage Fist|p1b: Garchomp
|-damage|p1b: Garchomp|0 fnt
|-damage|p2b: Annihilape|28/100|[from] ability: Rough Skin|[of] p1b: Garchomp
|faint|p1b: Garchomp
|
|win|upchicken
|raw|Lewis94's rating: 1198 → 1175(-23 for losing)
|raw|upchicken's rating: 1219 → 1242(+23 for winning)
|l|☆upchicken
|player|p2|
|c|☆Lewis94|gg
