|j|☆battle sim trainer
|j|☆lildueldisk
|html|battle sim trainerlildueldisk    
|uhtml|bestof|Game 2 of a best-of-3
|t:|1756937655
|gametype|doubles
|player|p1|battle sim trainer|steven|1076
|player|p2|lildueldisk|boarder|1116
|gen|9
|tier|[Gen 9] VGC 2025 Reg H (Bo3)
|rated|
|rule|Species Clause: Limit one of each Pokémon
|rule|Item Clause: Limit 1 of each item
|clearpoke
|poke|p1|Pincurchin, L50, F|
|poke|p1|Toxtricity-Low-Key, L50, M|
|poke|p1|Sinistcha, L50|
|poke|p1|Araquanid, L50, M|
|poke|p1|Bronzong, L50|
|poke|p1|Archaludon, L50, M|
|poke|p2|Dragonite, L50, M|
|poke|p2|Garchomp, L50, F|
|poke|p2|Ninetales-Alola, L50, F|
|poke|p2|Incineroar, L50, M|
|poke|p2|Kingambit, L50, M|
|poke|p2|Amoonguss, L50, F|
|teampreview|4
|showteam|p1|Pincurchin||EjectButton|ElectricSurge|Protect,RainDance,ZingZap,Recover|||F|||50|,,,,,Electric]Toxtricity-Low-Key||LifeOrb|PunkRock|Protect,Overdrive,Boomburst,SludgeBomb|||M|||50|,,,,,Electric]Sinistcha||SitrusBerry|Hospitality|TrickRoom,LifeDew,RagePowder,GigaDrain||||||50|,,,,,Dark]Araquanid||MysticWater|WaterBubble|Liquidation,Soak,WideGuard,Protect|||M|||50|,,,,,Water]Bronzong||ElectricSeed|Heatproof|BodyPress,IronDefense,HelpingHand,TrickRoom||||||50|,,,,,Flying]Archaludon||PowerHerb|Sturdy|ElectroShot,DragonPulse,FlashCannon,DarkPulse|||M|||50|,,,,,Electric
|showteam|p2|Dragonite||LumBerry|InnerFocus|TeraBlast,ExtremeSpeed,LowKick,Protect|||M|||50|,,,,,Flying]Garchomp||LifeOrb|SandVeil|DragonClaw,Earthquake,StompingTantrum,Protect|||F|||50|,,,,,Steel]Ninetales-Alola||FocusSash|SnowWarning|Blizzard,FreezeDry,Encore,Protect|||F|||50|,,,,,Ice]Incineroar||SafetyGoggles|Intimidate|FlareBlitz,KnockOff,PartingShot,FakeOut|||M|||50|,,,,,Ghost]Kingambit||AssaultVest|Defiant|KowtowCleave,SuckerPunch,IronHead,LowKick|||M|||50|,,,,,Dark]Amoonguss||SitrusBerry|Regenerator|Spore,RagePowder,PollenPuff,ClearSmog|||F|||50|,,,,,Water
|inactive|Battle timer is ON: inactive players will automatically lose when time's up. (requested by battle sim trainer)
|inactive|lildueldisk has 60 seconds left.
|inactive|lildueldisk has 30 seconds left.
|inactive|lildueldisk has 20 seconds left.
|inactive|lildueldisk has 15 seconds left.
|inactive|lildueldisk has 10 seconds left.
|inactive|lildueldisk has 5 seconds left.
|
|t:|1756937816
|teamsize|p1|4
|teamsize|p2|4
|start
|switch|p1a: Bronzong|Bronzong, L50|100/100
|switch|p1b: Araquanid|Araquanid, L50, M|100/100
|switch|p2a: Dragonite|Dragonite, L50, M|100/100
|switch|p2b: Garchomp|Garchomp, L50, F|100/100
|turn|1
|inactive|battle sim trainer has 30 seconds left.
|inactive|lildueldisk has 30 seconds left.
|inactive|battle sim trainer has 20 seconds left.
|inactive|lildueldisk has 20 seconds left.
|inactive|lildueldisk has 15 seconds left.
|inactive|lildueldisk has 10 seconds left.
|inactive|battle sim trainer has 15 seconds left.
|inactive|lildueldisk has 5 seconds left.
|
|t:|1756937871
|switch|p1b: Pincurchin|Pincurchin, L50, F|100/100
|-fieldstart|move: Electric Terrain|[from] ability: Electric Surge|[of] p1b: Pincurchin
|-enditem|p1a: Bronzong|Electric Seed
|-boost|p1a: Bronzong|def|1|[from] item: Electric Seed
|-terastallize|p1a: Bronzong|Flying
|move|p2b: Garchomp|Dragon Claw|p1a: Bronzong
|-damage|p1a: Bronzong|73/100
|-damage|p2b: Garchomp|91/100|[from] item: Life Orb
|move|p2a: Dragonite|Tera Blast|p1b: Pincurchin
|-damage|p1b: Pincurchin|83/100
|-enditem|p1b: Pincurchin|Eject Button
|
|t:|1756937890
|switch|p1b: Araquanid|Araquanid, L50, M|100/100
|move|p1a: Bronzong|Trick Room|p1a: Bronzong
|-fieldstart|move: Trick Room|[of] p1a: Bronzong
|
|upkeep
|turn|2
|inactive|battle sim trainer has 30 seconds left.
|inactive|lildueldisk has 30 seconds left.
|inactive|lildueldisk has 20 seconds left.
|inactive|lildueldisk has 15 seconds left.
|inactive|lildueldisk has 10 seconds left.
|inactive|lildueldisk has 5 seconds left.
|
|t:|1756937945
|move|p1a: Bronzong|Iron Defense|p1a: Bronzong
|-boost|p1a: Bronzong|def|2
|move|p1b: Araquanid|Soak|p2a: Dragonite
|-start|p2a: Dragonite|typechange|Water
|move|p2a: Dragonite|Tera Blast|p1b: Araquanid
|-damage|p1b: Araquanid|88/100
|move|p2b: Garchomp|Dragon Claw|p1b: Araquanid
|-damage|p1b: Araquanid|36/100
|-damage|p2b: Garchomp|81/100|[from] item: Life Orb
|
|upkeep
|turn|3
|inactive|battle sim trainer has 30 seconds left.
|inactive|lildueldisk has 30 seconds left.
|inactive|battle sim trainer has 20 seconds left.
|inactive|lildueldisk has 20 seconds left.
|inactive|battle sim trainer has 15 seconds left.
|inactive|lildueldisk has 15 seconds left.
|inactive|lildueldisk has 10 seconds left.
|-message|lildueldisk forfeited.
|
|win|battle sim trainer
|raw|battle sim trainer's rating: 1076 → 1108(+32 for winning)
|raw|lildueldisk's rating: 1116 → 1088(-28 for losing)
|l|☆lildueldisk
|player|p2|
