|j|☆gundnub
|j|☆audrith
|html|gundnubaudrith    
|uhtml|bestof|Game 1 of a best-of-3
|t:|1783293705
|gametype|doubles
|player|p1|gundnub|pokemonranger-gen4|
|player|p2|audrith|266|
|gen|9
|tier|[Gen 9 Champions] VGC 2026 Reg M-B (Bo3)
|rule|Species Clause: Limit one of each Pokémon
|rule|Item Clause: Limit 1 of each item
|clearpoke
|poke|p1|Arcanine, L50, M|
|poke|p1|Toxicroak, L50, F|
|poke|p1|Krookodile, L50, M|
|poke|p1|Pidgeot, L50, F|
|poke|p1|Floette-Eternal, L50, F|
|poke|p1|Rotom-Mow, L50|
|poke|p2|Floette-Eternal, L50, F|
|poke|p2|Chandelure, L50, M|
|poke|p2|Noivern, L50, M|
|poke|p2|Liepard, L50, M|
|poke|p2|Goodra-Hisui, L50, F|
|poke|p2|Skarmory, L50, M|
|teampreview|4
|showteam|p1|Arcanine||SitrusBerry|Intimidate|FlareBlitz,ExtremeSpeed,HelpingHand,Roar|Careful||M|||50|]Toxicroak||WhiteHerb|DrySkin|Protect,PoisonJab,CloseCombat,FakeOut|Adamant||F|||50|]Krookodile||PasshoBerry|Intimidate|Protect,Earthquake,LashOut,RockSlide|Adamant||M|||50|]Pidgeot||Pidgeotite|KeenEye|Protect,Hurricane,HeatWave,Tailwind|Timid||F|||50|]Floette-Eternal||LifeOrb|FlowerVeil|Protect,Moonblast,DazzlingGleam,LightofRuin|Timid||F|||50|]Rotom-Mow||ChoiceScarf|Levitate|Electroweb,VoltSwitch,LeafStorm,Trick|Timid|||||50|
|showteam|p2|Floette-Eternal||ChoiceScarf|FlowerVeil|DazzlingGleam,EnergyBall,LightofRuin,Psychic|Modest||F|||50|]Chandelure||Chandelurite|FlashFire|HeatWave,ShadowBall,TrickRoom,Protect|Serious||M|||50|]Noivern||WhiteHerb|Frisk|Tailwind,Taunt,SunnyDay,DracoMeteor|Timid||M|||50|]Liepard||SitrusBerry|Prankster|FakeOut,Encore,FoulPlay,FakeTears|Impish||M|||50|]Goodra-Hisui||LifeOrb|Gooey|ChillingWater,FlashCannon,DragonPulse,Protect|Modest||F|||50|]Skarmory||Skarmorite|KeenEye|BraveBird,IronHead,Tailwind,BodyPress|Impish||M|||50|
|inactive|Battle timer is ON: inactive players will automatically lose when time's up. (requested by gundnub)
|c|☆gundnub|glhf
|c|☆audrith|yippeeee
|inactive|gundnub has 60 seconds left.
|inactive|audrith has 60 seconds left.
|inactive|gundnub has 30 seconds left.
|inactive|audrith has 30 seconds left.
|inactive|gundnub has 20 seconds left.
|inactive|audrith has 20 seconds left.
|inactive|gundnub has 15 seconds left.
|inactive|gundnub has 10 seconds left.
|inactiveoff|Battle timer is now OFF.
|c|☆audrith|this my first Bo3 :3
|c|☆gundnub|nice!
|
|t:|1783293837
|teamsize|p1|4
|teamsize|p2|4
|start
|switch|p1a: Pidgeot|Pidgeot, L50, F|100/100
|switch|p1b: Krookodile|Krookodile, L50, M|100/100
|switch|p2a: Chandelure|Chandelure, L50, M|100/100
|switch|p2b: Floette|Floette-Eternal, L50, F|100/100
|-ability|p1b: Krookodile|Intimidate|boost
|-unboost|p2a: Chandelure|atk|1
|-unboost|p2b: Floette|atk|1
|turn|1
|
|t:|1783293874
|detailschange|p1a: Pidgeot|Pidgeot-Mega, L50, F
|-mega|p1a: Pidgeot|Pidgeot|Pidgeotite
|detailschange|p2a: Chandelure|Chandelure-Mega, L50, M
|-mega|p2a: Chandelure|Chandelure|Chandelurite
|move|p1b: Krookodile|Protect|p1b: Krookodile
|-singleturn|p1b: Krookodile|Protect
|move|p2b: Floette|Light of Ruin|p1b: Krookodile
|-activate|p1b: Krookodile|move: Protect
|move|p1a: Pidgeot|Hurricane|p2a: Chandelure
|-damage|p2a: Chandelure|53/100
|move|p2a: Chandelure|Trick Room|p2a: Chandelure
|-fieldstart|move: Trick Room|[of] p2a: Chandelure
|
|upkeep
|turn|2
|
|t:|1783293917
|move|p2a: Chandelure|Protect|p2a: Chandelure
|-singleturn|p2a: Chandelure|Protect
|move|p1b: Krookodile|Earthquake|p2b: Floette|[spread] p2b
|-activate|p2a: Chandelure|move: Protect
|-immune|p1a: Pidgeot
|-damage|p2b: Floette|33/100
|move|p1a: Pidgeot|Hurricane|p2b: Floette
|-damage|p2b: Floette|0 fnt
|faint|p2b: Floette
|
|upkeep
|
|t:|1783293946
|switch|p2b: Goodra|Goodra-Hisui, L50, F|100/100
|turn|3
|
|t:|1783293965
|move|p1b: Krookodile|Protect|p1b: Krookodile
|-singleturn|p1b: Krookodile|Protect
|move|p1a: Pidgeot|Protect|p1a: Pidgeot
|-singleturn|p1a: Pidgeot|Protect
|move|p2b: Goodra|Chilling Water|p1b: Krookodile
|-activate|p1b: Krookodile|move: Protect
|move|p2a: Chandelure|Shadow Ball|p1b: Krookodile
|-activate|p1b: Krookodile|move: Protect
|
|upkeep
|turn|4
|
|t:|1783293991
|switch|p1b: Toxicroak|Toxicroak, L50, F|100/100
|move|p2b: Goodra|Chilling Water|p1b: Toxicroak
|-immune|p1b: Toxicroak|[from] ability: Dry Skin
|move|p2a: Chandelure|Shadow Ball|p1a: Pidgeot
|-immune|p1a: Pidgeot
|move|p1a: Pidgeot|Hurricane|p2a: Chandelure
|-damage|p2a: Chandelure|4/100
|
|upkeep
|turn|5
|c|☆audrith|omg
|c|☆audrith|im so dumb
|c|☆gundnub|I dont blame you lol
|
|t:|1783294028
|move|p1b: Toxicroak|Fake Out|p2b: Goodra
|-resisted|p2b: Goodra|1
|-crit|p2b: Goodra
|-damage|p2b: Goodra|89/100
|-ability|p2b: Goodra|Gooey
|-unboost|p1b: Toxicroak|spe|1
|-enditem|p1b: Toxicroak|White Herb
|-clearnegativeboost|p1b: Toxicroak|[silent]
|cant|p2b: Goodra|flinch
|move|p2a: Chandelure|Heat Wave|p1a: Pidgeot|[spread] p1a,p1b
|-damage|p1a: Pidgeot|44/100
|-damage|p1b: Toxicroak|9/100
|move|p1a: Pidgeot|Heat Wave|p2b: Goodra|[spread] p2a,p2b
|-resisted|p2a: Chandelure|1
|-damage|p2a: Chandelure|0 fnt
|-damage|p2b: Goodra|71/100
|faint|p2a: Chandelure
|
|-fieldend|move: Trick Room
|upkeep
|
|t:|1783294043
|switch|p2a: Skarmory|Skarmory, L50, M|100/100
|turn|6
|c|☆gundnub|I had a similar thing happen with mega staraptor
|
|t:|1783294064
|move|p2b: Goodra|Protect|p2b: Goodra
|-singleturn|p2b: Goodra|Protect
|move|p1a: Pidgeot|Heat Wave|p2a: Skarmory|[spread] p2a
|-activate|p2b: Goodra|move: Protect
|-supereffective|p2a: Skarmory|1
|-damage|p2a: Skarmory|31/100
|move|p1b: Toxicroak|Close Combat|p2b: Goodra
|-activate|p2b: Goodra|move: Protect
|move|p2a: Skarmory|Tailwind|p2a: Skarmory
|-sidestart|p2: audrith|move: Tailwind
|
|upkeep
|turn|7
|c|☆audrith|haha yeah it be like that
|
|t:|1783294104
|switch|p1b: Arcanine|Arcanine, L50, M|100/100
|-ability|p1b: Arcanine|Intimidate|boost
|-unboost|p2a: Skarmory|atk|1
|-unboost|p2b: Goodra|atk|1
|move|p2b: Goodra|Dragon Pulse|p1a: Pidgeot
|-damage|p1a: Pidgeot|0 fnt
|faint|p1a: Pidgeot
|-damage|p2b: Goodra|62/100|[from] item: Life Orb
|move|p2a: Skarmory|Brave Bird|p1b: Arcanine
|-damage|p1b: Arcanine|65/100
|-damage|p2a: Skarmory|17/100|[from] Recoil
|
|upkeep
|
|t:|1783294130
|switch|p1a: Krookodile|Krookodile, L50, M|100/100
|-ability|p1a: Krookodile|Intimidate|boost
|-unboost|p2a: Skarmory|atk|1
|-unboost|p2b: Goodra|atk|1
|turn|8
|c|☆audrith|mmm i love arcanine
|c|☆gundnub|its nice to use him again
|
|t:|1783294161
|switch|p1a: Toxicroak|Toxicroak, L50, F|9/100
|move|p2b: Goodra|Chilling Water|p1b: Arcanine
|-supereffective|p1b: Arcanine|1
|-damage|p1b: Arcanine|30/100
|-unboost|p1b: Arcanine|atk|1
|-enditem|p1b: Arcanine|Sitrus Berry|[eat]
|-heal|p1b: Arcanine|55/100|[from] item: Sitrus Berry
|-damage|p2b: Goodra|52/100|[from] item: Life Orb
|move|p2a: Skarmory|Body Press|p1a: Toxicroak
|-resisted|p1a: Toxicroak|1
|-crit|p1a: Toxicroak
|-damage|p1a: Toxicroak|0 fnt
|faint|p1a: Toxicroak
|move|p1b: Arcanine|Flare Blitz|p2a: Skarmory
|-supereffective|p2a: Skarmory|1
|-damage|p2a: Skarmory|0 fnt
|faint|p2a: Skarmory
|-damage|p1b: Arcanine|50/100g|[from] Recoil
|
|upkeep
|c|☆gundnub|since incin is nuked
|
|t:|1783294177
|switch|p1a: Krookodile|Krookodile, L50, M|100/100
|-ability|p1a: Krookodile|Intimidate|boost
|-unboost|p2b: Goodra|atk|1
|turn|9
|
|t:|1783294193
|move|p1a: Krookodile|Protect|p1a: Krookodile
|-singleturn|p1a: Krookodile|Protect
|move|p2b: Goodra|Chilling Water|p1a: Krookodile
|-activate|p1a: Krookodile|move: Protect
|move|p1b: Arcanine|Flare Blitz|p2b: Goodra
|-damage|p2b: Goodra|17/100
|-ability|p2b: Goodra|Gooey
|-unboost|p1b: Arcanine|spe|1
|-damage|p1b: Arcanine|41/100|[from] Recoil
|
|-sideend|p2: audrith|move: Tailwind
|upkeep
|turn|10
|c|☆audrith|ahhh gg i think
|
|t:|1783294208
|move|p1b: Arcanine|Helping Hand|p1a: Krookodile
|-singleturn|p1a: Krookodile|Helping Hand|[of] p1b: Arcanine
|move|p1a: Krookodile|Lash Out|p2b: Goodra
|-damage|p2b: Goodra|0 fnt
|-ability|p2b: Goodra|Gooey
|-unboost|p1a: Krookodile|spe|1
|faint|p2b: Goodra
|
|win|gundnub
