|j|☆Vgcgen
|j|☆geardox
|html|Vgcgengeardox    
|uhtml|bestof|Game 2 of a best-of-3
|t:|1756570620
|gametype|doubles
|player|p1|Vgcgen|2|1039
|player|p2|geardox|cyclist|1075
|gen|9
|tier|[Gen 9] VGC 2025 Reg H (Bo3)
|rated|
|rule|Species Clause: Limit one of each Pokémon
|rule|Item Clause: Limit 1 of each item
|clearpoke
|poke|p1|Archaludon, L50, F|
|poke|p1|Politoed, L50, F|
|poke|p1|Gothitelle, L50, M|
|poke|p1|Kingdra, L50, M|
|poke|p1|Incineroar, L50, M|
|poke|p1|Amoonguss, L50, M|
|poke|p2|Sneasler, L50, M|
|poke|p2|Garchomp, L50, M|
|poke|p2|Corviknight, L50, F|
|poke|p2|Archaludon, L50, M|
|poke|p2|Amoonguss, L50, F|
|poke|p2|Incineroar, L50, M|
|teampreview|4
|showteam|p1|Archaludon||PowerHerb|Sturdy|ElectroShot,FlashCannon,DragonPulse,Protect|||F|||50|,,,,,Electric]Politoed||Leftovers|Drizzle|WeatherBall,PerishSong,Encore,Protect|||F|||50|,,,,,Grass]Gothitelle||SitrusBerry|ShadowTag|Psychic,FakeOut,TrickRoom,Protect|||M|||50|,,,,,Dark]Kingdra||LifeOrb|SwiftSwim|DracoMeteor,WeatherBall,MuddyWater,Protect|||M|||50|,,,,,Stellar]Incineroar||SafetyGoggles|Intimidate|FakeOut,KnockOff,PartingShot,Protect|||M|||50|,,,,,Ghost]Amoonguss||EjectButton|Regenerator|Spore,RagePowder,PollenPuff,Protect|||M|||50|,,,,,Fairy
|showteam|p2|Sneasler||FocusSash|Unburden|DireClaw,CloseCombat,ThroatChop,Coaching|||M|||50|,,,,,Ghost]Garchomp||LifeOrb|RoughSkin|Protect,Earthquake,DragonClaw,StompingTantrum|||M|||50|,,,,,Ground]Corviknight||SitrusBerry|MirrorArmor|BraveBird,Tailwind,Roost,IronHead|||F|||50|,,,,,Fire]Archaludon||PowerHerb|Stamina|Protect,DracoMeteor,FlashCannon,ElectroShot|||M|||50|,,,,,Dragon]Amoonguss||RockyHelmet|Regenerator|ClearSmog,RagePowder,Spore,PollenPuff|||F|||50|,,,,,Water]Incineroar||AssaultVest|Intimidate|KnockOff,FlareBlitz,FakeOut,Uturn|||M|||50|,,,,,Ghost
|inactive|Battle timer is ON: inactive players will automatically lose when time's up. (requested by geardox)
|
|t:|1756570647
|teamsize|p1|4
|teamsize|p2|4
|start
|switch|p1a: Incineroar|Incineroar, L50, M, shiny|100/100
|switch|p1b: Politoed|Politoed, L50, F, shiny|100/100
|switch|p2a: Riku|Sneasler, L50, M|100/100
|switch|p2b: Big Mo|Archaludon, L50, M|100/100
|-ability|p1a: Incineroar|Intimidate|boost
|-unboost|p2a: Riku|atk|1
|-unboost|p2b: Big Mo|atk|1
|-weather|RainDance|[from] ability: Drizzle|[of] p1b: Politoed
|turn|1
|inactive|Vgcgen has 30 seconds left.
|inactive|Vgcgen has 20 seconds left.
|inactive|geardox has 30 seconds left.
|
|t:|1756570687
|move|p1a: Incineroar|Fake Out|p2b: Big Mo
|-resisted|p2b: Big Mo
|-damage|p2b: Big Mo|96/100
|-ability|p2b: Big Mo|Stamina|boost
|-boost|p2b: Big Mo|def|1
|move|p2a: Riku|Throat Chop|p1b: Politoed
|-damage|p1b: Politoed|81/100
|-start|p1b: Politoed|Throat Chop|[silent]
|cant|p2b: Big Mo|flinch
|cant|p1b: Politoed|move: Throat Chop
|
|-weather|RainDance|[upkeep]
|-heal|p1b: Politoed|87/100|[from] item: Leftovers
|upkeep
|turn|2
|-message|Vgcgen forfeited.
|
|win|geardox
|raw|Vgcgen's rating: 1039 → 1025(-14 for losing)
|raw|geardox's rating: 1075 → 1101(+26 for winning)
|l|☆Vgcgen
|player|p1|
