|j|☆imsavusnic
|j|☆field25
|html|imsavusnicfield25    
|uhtml|bestof|Game 1 of a best-of-3
|t:|1784641676
|gametype|doubles
|player|p1|imsavusnic|boarder|1081
|player|p2|field25|266|1130
|gen|9
|tier|[Gen 9 Champions] VGC 2026 Reg M-B (Bo3)
|rated|
|rule|Species Clause: Limit one of each Pokémon
|rule|Item Clause: Limit 1 of each item
|clearpoke
|poke|p1|Charizard, L50, F|
|poke|p1|Grimmsnarl, L50, M|
|poke|p1|Pelipper, L50, M|
|poke|p1|Archaludon, L50, M|
|poke|p1|Basculegion, L50, M|
|poke|p1|Venusaur, L50, F|
|poke|p2|Metagross, L50|
|poke|p2|Weavile, L50, M|
|poke|p2|Pelipper, L50, M|
|poke|p2|Venusaur, L50, M|
|poke|p2|Krookodile, L50, F|
|poke|p2|Ceruledge, L50, M|
|teampreview|4
|showteam|p1|Charizard||CharizarditeY|Blaze|HeatWave,WeatherBall,SolarBeam,Protect|Modest||F|||50|]Grimmsnarl||LightClay|Prankster|SpiritBreak,Reflect,LightScreen,PartingShot|Impish||M|||50|]Pelipper||SitrusBerry|Drizzle|WeatherBall,Hurricane,Tailwind,WideGuard|Modest||M|||50|]Archaludon||Leftovers|Stamina|FlashCannon,DragonPulse,ElectroShot,Protect|Calm||M|||50|]Basculegion||ChoiceScarf|Adaptability|WaveCrash,AquaJet,LastRespects,FlipTurn|Jolly||M|||50|]Venusaur||FocusSash|Chlorophyll|SludgeBomb,EarthPower,SleepPowder,Protect|Modest||F|||50|
|showteam|p2|Metagross||Metagrossite|ClearBody|Protect,IronHead,PsychicFangs,RockSlide|Jolly|||||50|]Weavile||FocusSash|Pickpocket|FakeOut,Feint,IceSpinner,LowKick|Jolly||M|||50|]Pelipper||WacanBerry|Drizzle|IceBeam,Tailwind,WideGuard,MuddyWater|Timid||M|||50|]Venusaur||Venusaurite|Overgrow|Protect,GigaDrain,LeechSeed,SludgeBomb|Modest||M|||50|]Krookodile||SitrusBerry|Intimidate|Protect,StompingTantrum,CloseCombat,KnockOff|Adamant||F|||50|]Ceruledge||LifeOrb|FlashFire|Protect,ShadowSneak,Poltergeist,BitterBlade|Jolly||M|||50|
|inactive|Battle timer is ON: inactive players will automatically lose when time's up. (requested by field25)
|
|t:|1784641705
|teamsize|p1|4
|teamsize|p2|4
|start
|switch|p1a: Charizard|Charizard, L50, F|100/100
|switch|p1b: Venusaur|Venusaur, L50, F|100/100
|switch|p2a: Weavile|Weavile, L50, M|100/100
|switch|p2b: Metagross|Metagross, L50|100/100
|turn|1
|inactive|imsavusnic has 30 seconds left.
|inactive|imsavusnic has 20 seconds left.
|inactive|imsavusnic has 15 seconds left.
|
|t:|1784641745
|detailschange|p2b: Metagross|Metagross-Mega, L50
|-mega|p2b: Metagross|Metagross|Metagrossite
|move|p1a: Charizard|Protect|p1a: Charizard
|-singleturn|p1a: Charizard|Protect
|move|p2a: Weavile|Fake Out|p1a: Charizard
|-activate|p1a: Charizard|move: Protect
|move|p2b: Metagross|Rock Slide|p1a: Charizard|[spread] p1b
|-activate|p1a: Charizard|move: Protect
|-damage|p1b: Venusaur|69/100
|move|p1b: Venusaur|Sleep Powder|p2b: Metagross|[miss]
|-miss|p1b: Venusaur|p2b: Metagross
|
|upkeep
|turn|2
|inactive|field25 has 30 seconds left.
|
|t:|1784641771
|detailschange|p1a: Charizard|Charizard-Mega-Y, L50, F
|-mega|p1a: Charizard|Charizard|Charizardite Y
|-weather|SunnyDay|[from] ability: Drought|[of] p1a: Charizard
|move|p1b: Venusaur|Sleep Powder|p2b: Metagross
|-status|p2b: Metagross|slp|[from] move: Sleep Powder
|move|p2a: Weavile|Ice Spinner|p1b: Venusaur
|-supereffective|p1b: Venusaur|1
|-damage|p1b: Venusaur|0 fnt
|faint|p1b: Venusaur
|cant|p2b: Metagross|slp
|move|p1a: Charizard|Heat Wave|p2b: Metagross|[spread] p2a,p2b
|-supereffective|p2a: Weavile|1
|-supereffective|p2b: Metagross|1
|-enditem|p2a: Weavile|Focus Sash
|-damage|p2a: Weavile|1/100
|-damage|p2b: Metagross|0 fnt
|faint|p2b: Metagross
|
|-weather|SunnyDay|[upkeep]
|upkeep
|
|t:|1784641790
|switch|p2b: Pelipper|Pelipper, L50, M|100/100
|switch|p1b: Basculegion|Basculegion, L50, M|100/100
|-weather|RainDance|[from] ability: Drizzle|[of] p2b: Pelipper
|turn|3
|inactive|imsavusnic has 30 seconds left.
|inactive|imsavusnic has 20 seconds left.
|
|t:|1784641828
|switch|p1a: Archaludon|Archaludon, L50, M|100/100
|move|p1b: Basculegion|Aqua Jet|p2a: Weavile
|-damage|p2a: Weavile|0 fnt
|faint|p2a: Weavile
|move|p2b: Pelipper|Muddy Water|p1b: Basculegion|[spread] p1a,p1b
|-resisted|p1a: Archaludon|1
|-resisted|p1b: Basculegion|1
|-damage|p1a: Archaludon|86/100
|-damage|p1b: Basculegion|82/100
|-unboost|p1b: Basculegion|accuracy|1
|-ability|p1a: Archaludon|Stamina|boost
|-boost|p1a: Archaludon|def|1
|
|-weather|RainDance|[upkeep]
|-heal|p1a: Archaludon|92/100|[from] item: Leftovers
|upkeep
|
|t:|1784641838
|switch|p2a: Ceruledge|Ceruledge, L50, M|100/100
|turn|4
|
|t:|1784641853
|move|p1b: Basculegion|Aqua Jet|p2a: Ceruledge
|-supereffective|p2a: Ceruledge|1
|-damage|p2a: Ceruledge|0 fnt
|faint|p2a: Ceruledge
|move|p2b: Pelipper|Muddy Water|p1b: Basculegion|[spread] p1a,p1b
|-resisted|p1a: Archaludon|1
|-resisted|p1b: Basculegion|1
|-damage|p1a: Archaludon|78/100
|-damage|p1b: Basculegion|61/100
|-unboost|p1a: Archaludon|accuracy|1
|-ability|p1a: Archaludon|Stamina|boost
|-boost|p1a: Archaludon|def|1
|move|p1a: Archaludon|Electro Shot||[still]
|-prepare|p1a: Archaludon|Electro Shot
|-boost|p1a: Archaludon|spa|1
|-anim|p1a: Archaludon|Electro Shot|p2b: Pelipper
|-supereffective|p2b: Pelipper|2
|-enditem|p2b: Pelipper|Wacan Berry|[eat]
|-enditem|p2b: Pelipper|Wacan Berry|[weaken]
|-damage|p2b: Pelipper|0 fnt
|faint|p2b: Pelipper
|
|win|imsavusnic
|inactive|imsavusnic has 30 seconds to confirm battle start!
|inactive|field25 has 30 seconds to confirm battle start!
|raw|imsavusnic's rating: 1081 → 1113(+32 for winning)
|raw|field25's rating: 1130 → 1101(-29 for losing)
|l|☆field25
|player|p2|
