|j|☆Doomnik
|j|☆Oolapje123
|html|DoomnikOolapje123    
|uhtml|bestof|Game 2 of a best-of-3
|t:|1782237612
|gametype|doubles
|player|p1|Doomnik|volkner|1104
|player|p2|Oolapje123|266|1083
|gen|9
|tier|[Gen 9 Champions] VGC 2026 Reg M-B (Bo3)
|rated|
|rule|Species Clause: Limit one of each Pokémon
|rule|Item Clause: Limit 1 of each item
|clearpoke
|poke|p1|Sinistcha, L50|
|poke|p1|Incineroar, L50, M|
|poke|p1|Milotic, L50, F|
|poke|p1|Raichu, L50, F|
|poke|p1|Floette-Eternal, L50, F|
|poke|p1|Ceruledge, L50, F|
|poke|p2|Blastoise, L50, M|
|poke|p2|Sinistcha, L50|
|poke|p2|Basculegion, L50, M|
|poke|p2|Incineroar, L50, M|
|poke|p2|Scizor, L50, M|
|poke|p2|Liepard, L50, F|
|teampreview|4
|showteam|p1|Sinistcha||KasibBerry|Hospitality|MatchaGotcha,LifeDew,RagePowder,Protect|Relaxed|||||50|]Incineroar||SitrusBerry|Intimidate|FlareBlitz,ThroatChop,FakeOut,PartingShot|Impish||M|||50|]Milotic||Leftovers|Competitive|MuddyWater,Coil,Hypnosis,Protect|Calm||F|||50|]Raichu||RaichuniteY|LightningRod|ZapCannon,FocusBlast,FakeOut,Protect|Timid||F|||50|]Floette-Eternal||Floettite|FlowerVeil|DazzlingGleam,DrainingKiss,CalmMind,Protect|Timid||F|||50|]Ceruledge||ColburBerry|FlashFire|BitterBlade,ShadowSneak,BulkUp,Protect|Adamant||F|||50|
|showteam|p2|Blastoise||Blastoisinite|RainDish|ShellSmash,WaterSpout,AuraSphere,IceBeam|Modest||M|||50|]Sinistcha||KasibBerry|Hospitality|TrickRoom,RagePowder,LifeDew,MatchaGotcha|Relaxed|||||50|]Basculegion||MysticWater|Adaptability|WaveCrash,AquaJet,Protect,LastRespects|Adamant||M|||50|]Incineroar||SitrusBerry|Intimidate|FlareBlitz,FakeOut,ThroatChop,PartingShot|Adamant||M|||50|]Scizor||Scizorite|Technician|BulletPunch,SwordsDance,BugBite,CloseCombat|Adamant||M|||50|]Liepard||FocusSash|Prankster|RainDance,Encore,ThunderWave,FakeOut|Jolly||F|||50|
|inactive|Battle timer is ON: inactive players will automatically lose when time's up. (requested by Doomnik)
|inactive|Doomnik has 60 seconds left.
|inactive|Oolapje123 has 60 seconds left.
|
|t:|1782237649
|teamsize|p1|4
|teamsize|p2|4
|start
|switch|p1a: Raichu|Raichu, L50, F|100/100
|switch|p1b: Milotic|Milotic, L50, F|100/100
|switch|p2a: Liepard|Liepard, L50, F|100/100
|switch|p2b: Blastoise|Blastoise, L50, M|100/100
|turn|1
|inactive|Doomnik has 30 seconds left.
|inactive|Doomnik has 20 seconds left.
|inactive|Doomnik has 15 seconds left.
|inactive|Doomnik has 10 seconds left.
|inactive|Doomnik has 5 seconds left.
|
|t:|1782237701
|detailschange|p1a: Raichu|Raichu-Mega-Y, L50, F
|-mega|p1a: Raichu|Raichu|Raichunite Y
|detailschange|p2b: Blastoise|Blastoise-Mega, L50, M
|-mega|p2b: Blastoise|Blastoise|Blastoisinite
|move|p1a: Raichu|Fake Out|p2b: Blastoise
|-damage|p2b: Blastoise|92/100
|move|p2a: Liepard|Fake Out|p1a: Raichu
|-damage|p1a: Raichu|86/100
|cant|p2b: Blastoise|flinch
|move|p1b: Milotic|Hypnosis|p2b: Blastoise|[miss]
|-miss|p1b: Milotic|p2b: Blastoise
|
|upkeep
|turn|2
|inactive|Doomnik has 30 seconds left.
|
|t:|1782237727
|switch|p1a: Sinistcha|Sinistcha, L50|100/100
|move|p2a: Liepard|Encore||[still]
|-fail|p2a: Liepard
|move|p2b: Blastoise|Shell Smash|p2b: Blastoise
|-unboost|p2b: Blastoise|def|1
|-unboost|p2b: Blastoise|spd|1
|-boost|p2b: Blastoise|atk|2
|-boost|p2b: Blastoise|spa|2
|-boost|p2b: Blastoise|spe|2
|move|p1b: Milotic|Coil|p1b: Milotic
|-boost|p1b: Milotic|atk|1
|-boost|p1b: Milotic|def|1
|-boost|p1b: Milotic|accuracy|1
|
|upkeep
|turn|3
|inactive|Doomnik has 30 seconds left.
|inactive|Doomnik has 20 seconds left.
|inactive|Doomnik has 15 seconds left.
|
|t:|1782237767
|move|p1a: Sinistcha|Rage Powder|p1a: Sinistcha
|-singleturn|p1a: Sinistcha|move: Rage Powder
|move|p2a: Liepard|Thunder Wave|p1a: Sinistcha
|-status|p1a: Sinistcha|par
|move|p2b: Blastoise|Ice Beam|p1a: Sinistcha
|-supereffective|p1a: Sinistcha|1
|-damage|p1a: Sinistcha|0 fnt
|faint|p1a: Sinistcha
|move|p1b: Milotic|Hypnosis|p2b: Blastoise
|-status|p2b: Blastoise|slp|[from] move: Hypnosis
|
|upkeep
|
|t:|1782237777
|switch|p1a: Raichu|Raichu-Mega-Y, L50, F|86/100
|turn|4
|inactive|Oolapje123 has 30 seconds left.
|c|☆Oolapje123|yeah I'm pretty weak against milotic lol
|inactive|Oolapje123 has 20 seconds left.
|inactive|Oolapje123 has 15 seconds left.
|inactive|Oolapje123 has 10 seconds left.
|
|t:|1782237823
|move|p2a: Liepard|Rain Dance|p2a: Liepard
|-weather|RainDance
|cant|p2b: Blastoise|slp
|move|p1a: Raichu|Zap Cannon|p2b: Blastoise
|-supereffective|p2b: Blastoise|1
|-damage|p2b: Blastoise|0 fnt
|faint|p2b: Blastoise
|move|p1b: Milotic|Hypnosis|p2a: Liepard
|-status|p2a: Liepard|slp|[from] move: Hypnosis
|
|-weather|RainDance|[upkeep]
|upkeep
|-message|Oolapje123 forfeited.
|
|win|Doomnik
|raw|Doomnik's rating: 1104 → 1127(+23 for winning)
|raw|Oolapje123's rating: 1083 → 1062(-21 for losing)
|l|☆Oolapje123
|player|p2|
