|j|☆Professor_J93
|j|☆epic17x
|html|Professor_J93epic17x    
|uhtml|bestof|Game 1 of a best-of-3
|t:|1756489352
|gametype|doubles
|player|p1|Professor_J93|265|1337
|player|p2|epic17x|steven|1349
|gen|9
|tier|[Gen 9] VGC 2025 Reg H (Bo3)
|rated|
|rule|Species Clause: Limit one of each Pokémon
|rule|Item Clause: Limit 1 of each item
|clearpoke
|poke|p1|Decidueye-Hisui, L50, M|
|poke|p1|Electabuzz, L50, M|
|poke|p1|Yanmega, L50, M|
|poke|p1|Chandelure, L50, M|
|poke|p1|Metagross, L50|
|poke|p1|Ursaluna, L50, M|
|poke|p2|Ninetales-Alola, L50, F|
|poke|p2|Rillaboom, L50, F|
|poke|p2|Magmar, L50, M|
|poke|p2|Sneasler, L50, F|
|poke|p2|Kingambit, L50, F|
|poke|p2|Basculegion, L50, M|
|teampreview|4
|showteam|p1|Decidueye-Hisui||ScopeLens|Scrappy|TripleArrows,LeafBlade,Haze,Protect|||M|||50|,,,,,Fire]Electabuzz||Eviolite|VitalSpirit|Electroweb,FollowMe,Taunt,Thunderbolt|||M|||50|,,,,,Dragon]Yanmega||FocusSash|SpeedBoost|AirSlash,BugBuzz,Tailwind,Protect|||M|||50|,,,,,Ghost]Chandelure||FlamePlate|FlashFire|ShadowBall,HeatWave,TrickRoom,Protect|||M|||50|,,,,,Grass]Metagross||AssaultVest|ClearBody|HeavySlam,PsychicFangs,KnockOff,BulletPunch||||||50|,,,,,Dark]Ursaluna||FlameOrb|Guts|Facade,HeadlongRush,Earthquake,Protect|||M|||50|,,,,,Fairy
|showteam|p2|Ninetales-Alola||NeverMeltIce|SnowWarning|Blizzard,FreezeDry,Encore,Protect|||F|||50|,,,,,Ghost]Rillaboom||AssaultVest|GrassySurge|WoodHammer,FakeOut,Uturn,GrassyGlide|||F|||50|,,,,,Ghost]Magmar||Eviolite|VitalSpirit|Protect,HeatWave,WillOWisp,FollowMe|||M|||50|,,,,,Ghost]Sneasler||FocusSash|PoisonTouch|FakeOut,DireClaw,CloseCombat,Protect|||F|||50|,,,,,Ghost]Kingambit||BlackGlasses|Defiant|KowtowCleave,SwordsDance,SuckerPunch,Protect|||F|||50|,,,,,Fire]Basculegion||ChoiceScarf|Adaptability|WaveCrash,FlipTurn,TeraBlast,LastRespects|||M|||50|,,,,,Fighting
|inactive|Battle timer is ON: inactive players will automatically lose when time's up. (requested by epic17x)
|inactive|Professor_J93 also wants the timer to be on.
|inactive|Professor_J93 has 60 seconds left.
|
|t:|1756489385
|teamsize|p1|4
|teamsize|p2|4
|start
|switch|p1a: Sparx|Yanmega, L50, M, shiny|100/100
|switch|p1b: Chandelure|Chandelure, L50, M|100/100
|switch|p2a: Magmar|Magmar, L50, M|100/100
|switch|p2b: Kingambit|Kingambit, L50, F|100/100
|turn|1
|
|t:|1756489404
|switch|p1a: Ursaluna|Ursaluna, L50, M|100/100
|-terastallize|p2b: Kingambit|Fire
|move|p2a: Magmar|Heat Wave|p1a: Ursaluna|[spread] p1a
|-start|p1b: Chandelure|ability: Flash Fire
|-damage|p1a: Ursaluna|76/100
|move|p1b: Chandelure|Heat Wave|p2b: Kingambit|[spread] p2a,p2b
|-resisted|p2a: Magmar
|-resisted|p2b: Kingambit
|-damage|p2a: Magmar|70/100
|-damage|p2b: Kingambit|58/100
|move|p2b: Kingambit|Swords Dance|p2b: Kingambit
|-boost|p2b: Kingambit|atk|2
|
|-status|p1a: Ursaluna|brn|[from] item: Flame Orb
|upkeep
|turn|2
|inactive|Professor_J93 has 30 seconds left.
|inactive|epic17x has 30 seconds left.
|
|t:|1756489437
|switch|p2a: Basculegion|Basculegion, L50, M|100/100
|-terastallize|p1a: Ursaluna|Fairy
|move|p1b: Chandelure|Protect|p1b: Chandelure
|-singleturn|p1b: Chandelure|Protect
|move|p2b: Kingambit|Sucker Punch||[still]
|-fail|p2b: Kingambit
|move|p1a: Ursaluna|Earthquake|p2b: Kingambit|[spread] p2a,p2b
|-activate|p1b: Chandelure|move: Protect
|-supereffective|p2b: Kingambit
|-damage|p2a: Basculegion|25/100
|-damage|p2b: Kingambit|0 fnt
|faint|p2b: Kingambit
|
|-damage|p1a: Ursaluna|70/100 brn|[from] brn
|upkeep
|
|t:|1756489443
|switch|p2b: Sneasler|Sneasler, L50, F|100/100
|turn|3
|inactive|Professor_J93 has 30 seconds left.
|inactive|Professor_J93 has 20 seconds left.
|
|t:|1756489481
|move|p1a: Ursaluna|Protect|p1a: Ursaluna
|-singleturn|p1a: Ursaluna|Protect
|move|p2a: Basculegion|Flip Turn|p1a: Ursaluna
|-activate|p1a: Ursaluna|move: Protect
|move|p2b: Sneasler|Dire Claw|p1a: Ursaluna
|-activate|p1a: Ursaluna|move: Protect
|move|p1b: Chandelure|Heat Wave|p2b: Sneasler|[spread] p2a,p2b
|-resisted|p2a: Basculegion
|-damage|p2a: Basculegion|0 fnt
|-enditem|p2b: Sneasler|Focus Sash
|-damage|p2b: Sneasler|1/100
|faint|p2a: Basculegion
|
|-damage|p1a: Ursaluna|64/100 brn|[from] brn
|upkeep
|-message|epic17x forfeited.
|
|win|Professor_J93
||epic17x is ready for game 2.
||Professor_J93 is ready for game 2.
|uhtml|next|Next: Game 2 of 3
|l|☆Professor_J93
|player|p1|
