|j|☆Its andreas tbh
|j|☆tearamizuu
|html|Its andreas tbhtearamizuu    
|uhtml|bestof|Game 1 of a best-of-3
|t:|1783765493
|gametype|doubles
|player|p1|Its andreas tbh|265|
|player|p2|tearamizuu|flannery|
|gen|9
|tier|[Gen 9 Champions] VGC 2026 Reg M-B (Bo3)
|rule|Species Clause: Limit one of each Pokémon
|rule|Item Clause: Limit 1 of each item
|clearpoke
|poke|p1|Klefki, L50, F|
|poke|p1|Abomasnow, L50, F|
|poke|p1|Sinistcha, L50|
|poke|p1|Oranguru, L50, F|
|poke|p1|Rampardos, L50, M|
|poke|p1|Politoed, L50, F|
|poke|p2|Farigiraf, L50, F|
|poke|p2|Houndoom, L50, F|
|poke|p2|Overqwil, L50, F|
|poke|p2|Drampa, L50, M|
|poke|p2|Whimsicott, L50, M|
|poke|p2|Chesnaught, L50, M|
|teampreview|4
|showteam|p1|Klefki||LightClay|Prankster|LightScreen,Reflect,RainDance,DazzlingGleam|Calm||F|||50|]Abomasnow||Abomasite|SnowWarning|Blizzard,GigaDrain,EarthPower,Protect|Quiet||F|||50|]Sinistcha||SitrusBerry|Hospitality|MatchaGotcha,LifeDew,Protect,TrickRoom|Relaxed|||||50|]Oranguru||MentalHerb|InnerFocus|TrickRoom,Instruct,Protect,Taunt|Calm||F|||50|]Rampardos||LifeOrb|SheerForce|RockSlide,Crunch,IronHead,Protect|Brave||M|||50|]Politoed||MysticWater|Drizzle|MuddyWater,WeatherBall,IceBeam,Protect|Quiet||F|||50|
|showteam|p2|Farigiraf||SitrusBerry|ArmorTail|HelpingHand,Imprison,PsychicFangs,TrickRoom|Adamant||F|||50|]Houndoom||Houndoominite|FlashFire|Protect,HeatWave,Taunt,SolarBeam|Timid||F|||50|]Overqwil||ShucaBerry|PoisonPoint|PoisonJab,Protect,Crunch,Liquidation|Adamant||F|||50|]Drampa||Drampanite|CloudNine|Protect,EarthPower,HydroPump,DracoMeteor|Quiet||M|||50|]Whimsicott||FocusSash|Prankster|GrassyTerrain,EnergyBall,Protect,SunnyDay|Modest||M|||50|]Chesnaught||Leftovers|Bulletproof|Roar,BrickBreak,WideGuard,GrassyGlide|Adamant||M|||50|
|inactive|Battle timer is ON: inactive players will automatically lose when time's up. (requested by tearamizuu)
|inactive|Its andreas tbh has 60 seconds left.
|inactive|tearamizuu has 60 seconds left.
|inactive|tearamizuu has 30 seconds left.
|inactive|Its andreas tbh has 30 seconds left.
|inactive|tearamizuu has 20 seconds left.
|inactive|tearamizuu has 15 seconds left.
|inactive|tearamizuu has 10 seconds left.
|inactive|tearamizuu has 5 seconds left.
|
|t:|1783765583
|teamsize|p1|4
|teamsize|p2|4
|start
|switch|p1a: Abomasnow|Abomasnow, L50, F|100/100
|switch|p1b: Oranguru|Oranguru, L50, F|100/100
|switch|p2a: Whimsicott|Whimsicott, L50, M|100/100
|switch|p2b: Chesnaught|Chesnaught, L50, M|100/100
|-weather|Snowscape|[from] ability: Snow Warning|[of] p1a: Abomasnow
|turn|1
|inactive|Its andreas tbh has 30 seconds left.
|inactive|tearamizuu has 30 seconds left.
|
|t:|1783765617
|detailschange|p1a: Abomasnow|Abomasnow-Mega, L50, F
|-mega|p1a: Abomasnow|Abomasnow|Abomasite
|move|p2a: Whimsicott|Grassy Terrain|p2a: Whimsicott
|-fieldstart|move: Grassy Terrain
|move|p1b: Oranguru|Taunt|p2b: Chesnaught
|-start|p2b: Chesnaught|move: Taunt
|move|p1a: Abomasnow|Blizzard|p2a: Whimsicott|[spread] p2a,p2b
|-supereffective|p2a: Whimsicott|1
|-supereffective|p2b: Chesnaught|1
|-enditem|p2a: Whimsicott|Focus Sash
|-damage|p2a: Whimsicott|1/100
|-damage|p2b: Chesnaught|4/100
|cant|p2b: Chesnaught|move: Taunt|Roar
|
|-weather|Snowscape|[upkeep]
|-heal|p2a: Whimsicott|6/100|[from] Grassy Terrain
|-heal|p2b: Chesnaught|10/100|[from] Grassy Terrain
|-heal|p2b: Chesnaught|16/100|[from] item: Leftovers
|upkeep
|turn|2
|
|t:|1783765641
|move|p2b: Chesnaught|Grassy Glide|p1b: Oranguru
|-damage|p1b: Oranguru|58/100
|move|p2a: Whimsicott|Energy Ball|p1b: Oranguru
|-damage|p1b: Oranguru|25/100
|move|p1a: Abomasnow|Blizzard|p2b: Chesnaught|[spread] p2a,p2b
|-supereffective|p2a: Whimsicott|1
|-supereffective|p2b: Chesnaught|1
|-damage|p2a: Whimsicott|0 fnt
|-damage|p2b: Chesnaught|0 fnt
|faint|p2a: Whimsicott
|faint|p2b: Chesnaught
|move|p1b: Oranguru|Trick Room|p1b: Oranguru
|-fieldstart|move: Trick Room|[of] p1b: Oranguru
|
|-weather|Snowscape|[upkeep]
|-heal|p1b: Oranguru|31/100|[from] Grassy Terrain
|upkeep
|
|t:|1783765647
|switch|p2b: Houndoom|Houndoom, L50, F|100/100
|switch|p2a: Overqwil|Overqwil, L50, F|100/100
|turn|3
|inactive|tearamizuu has 30 seconds left.
|
|t:|1783765681
|detailschange|p2b: Houndoom|Houndoom-Mega, L50, F
|-mega|p2b: Houndoom|Houndoom|Houndoominite
|move|p1a: Abomasnow|Earth Power|p2b: Houndoom
|-supereffective|p2b: Houndoom|1
|-damage|p2b: Houndoom|17/100
|move|p1b: Oranguru|Instruct|p1a: Abomasnow
|-singleturn|p1a: Abomasnow|move: Instruct|[of] p1b: Oranguru
|move|p1a: Abomasnow|Earth Power|p2b: Houndoom
|-supereffective|p2b: Houndoom|1
|-damage|p2b: Houndoom|0 fnt
|faint|p2b: Houndoom
|move|p2a: Overqwil|Crunch|p1b: Oranguru
|-supereffective|p1b: Oranguru|1
|-damage|p1b: Oranguru|0 fnt
|faint|p1b: Oranguru
|
|-weather|Snowscape|[upkeep]
|upkeep
|
|t:|1783765696
|switch|p1b: Rampardos|Rampardos, L50, M|100/100
|turn|4
|-message|tearamizuu forfeited.
|
|win|Its andreas tbh
||tearamizuu is ready for game 2.
||Its andreas tbh is ready for game 2.
|uhtml|next|Next: Game 2 of 3
