|j|☆dracojackson
|j|☆RelentlessRogue
|html|dracojacksonRelentlessRogue    
|uhtml|bestof|Game 2 of a best-of-3
|t:|1757005572
|gametype|doubles
|player|p1|dracojackson|hilbert|
|player|p2|RelentlessRogue|ethan|
|gen|9
|tier|[Gen 9] VGC 2025 Reg H (Bo3)
|rule|Species Clause: Limit one of each Pokémon
|rule|Item Clause: Limit 1 of each item
|clearpoke
|poke|p1|Porygon2, L50|
|poke|p1|Amoonguss, L50, F|
|poke|p1|Incineroar, L50, M|
|poke|p1|Ursaluna, L50, M|
|poke|p1|Gholdengo, L50|
|poke|p1|Dragonite, L50, M|
|poke|p2|Ursaluna, L50, F|
|poke|p2|Archaludon, L50, F|
|poke|p2|Sinistcha, L50|
|poke|p2|Dragonite, L50, M|
|poke|p2|Pelipper, L50, M|
|poke|p2|Incineroar, L50, F|
|teampreview|4
|showteam|p1|Porygon2||Eviolite|Download|TeraBlast,IceBeam,Recover,TrickRoom||||||50|,,,,,Fighting]Amoonguss||SitrusBerry|Regenerator|PollenPuff,Spore,RagePowder,Protect|||F|||50|,,,,,Water]Incineroar||SafetyGoggles|Intimidate|FakeOut,KnockOff,FlareBlitz,PartingShot|||M|||50|,,,,,Ghost]Ursaluna||FlameOrb|Guts|HeadlongRush,Facade,Earthquake,Protect|||M|||50|,,,,,Ghost]Gholdengo||LifeOrb|GoodasGold|MakeItRain,ShadowBall,NastyPlot,Protect||||||50|,,,,,Dragon]Dragonite||LoadedDice|Multiscale|ScaleShot,Haze,Tailwind,Protect|||M|||50|,,,,,Steel
|showteam|p2|Ursaluna||FlameOrb|Guts|Facade,HeadlongRush,Earthquake,Protect|||F|||50|,,,,,Psychic]Archaludon||AssaultVest|Stamina|FlashCannon,DragonPulse,ElectroShot,BodyPress|||F|||50|,,,,,Fighting]Sinistcha||SitrusBerry|Hospitality|MatchaGotcha,RagePowder,LifeDew,TrickRoom||||||50|,,,,,Dark]Dragonite||LoadedDice|Multiscale|ScaleShot,Tailwind,Haze,Protect|||M|||50|,,,,,Steel]Pelipper||FocusSash|Drizzle|WeatherBall,Hurricane,WideGuard,Protect|||M|||50|,,,,,Stellar]Incineroar||SafetyGoggles|Intimidate|FlareBlitz,KnockOff,PartingShot,FakeOut|||F|||50|,,,,,Ghost
|inactive|Battle timer is ON: inactive players will automatically lose when time's up. (requested by RelentlessRogue)
|inactive|dracojackson has 60 seconds left.
|inactive|RelentlessRogue has 60 seconds left.
|inactiveoff|Battle timer is now OFF.
|
|t:|1757005654
|teamsize|p1|4
|teamsize|p2|4
|start
|switch|p1a: Tomato|Incineroar, L50, M|100/100
|switch|p1b: Windows 11|Porygon2, L50, shiny|100/100
|switch|p2a: Incineroar|Incineroar, L50, F|100/100
|switch|p2b: Ursaluna|Ursaluna, L50, F|100/100
|-ability|p1a: Tomato|Intimidate|boost
|-unboost|p2a: Incineroar|atk|1
|-unboost|p2b: Ursaluna|atk|1
|-ability|p1b: Windows 11|Download|boost
|-boost|p1b: Windows 11|spa|1
|-ability|p2a: Incineroar|Intimidate|boost
|-unboost|p1a: Tomato|atk|1
|-unboost|p1b: Windows 11|atk|1
|turn|1
|
|t:|1757005699
|-terastallize|p1b: Windows 11|Fighting
|move|p2b: Ursaluna|Protect|p2b: Ursaluna
|-singleturn|p2b: Ursaluna|Protect
|move|p1a: Tomato|Fake Out|p2b: Ursaluna
|-activate|p2b: Ursaluna|move: Protect
|move|p1b: Windows 11|Ice Beam|p2a: Incineroar
|-resisted|p2a: Incineroar
|-damage|p2a: Incineroar|82/100
|-status|p2a: Incineroar|frz
|-curestatus|p2a: Incineroar|frz|[msg]
|move|p2a: Incineroar|Parting Shot|p1b: Windows 11
|-unboost|p1b: Windows 11|atk|1
|-unboost|p1b: Windows 11|spa|1
|c|☆RelentlessRogue|lol wtf
|
|t:|1757005715
|switch|p2a: Pelipper|Pelipper, L50, M|100/100|[from] Parting Shot
|-weather|RainDance|[from] ability: Drizzle|[of] p2a: Pelipper
|
|-weather|RainDance|[upkeep]
|-status|p2b: Ursaluna|brn|[from] item: Flame Orb
|upkeep
|turn|2
|c|☆dracojackson|meant to click tblast :)
|c|☆dracojackson|crazy turn tho lmao
|c|☆RelentlessRogue|insta thaw is insane
|
|t:|1757005763
|switch|p1a: LaFawnduh|Amoonguss, L50, F, shiny|100/100
|move|p2a: Pelipper|Hurricane|p1b: Windows 11
|-supereffective|p1b: Windows 11
|-damage|p1b: Windows 11|38/100
|-start|p1b: Windows 11|confusion
|move|p2b: Ursaluna|Earthquake|p1b: Windows 11|[spread] p1a,p1b
|-immune|p2a: Pelipper
|-damage|p1a: LaFawnduh|65/100
|-damage|p1b: Windows 11|7/100
|-activate|p1b: Windows 11|confusion
|-damage|p1b: Windows 11|3/100|[from] confusion
|
|-weather|RainDance|[upkeep]
|-damage|p2b: Ursaluna|95/100 brn|[from] brn
|upkeep
|turn|3
|
|t:|1757005807
|switch|p1b: Tomato|Incineroar, L50, M|100/100
|-ability|p1b: Tomato|Intimidate|boost
|-unboost|p2a: Pelipper|atk|1
|-unboost|p2b: Ursaluna|atk|1
|move|p1a: LaFawnduh|Protect|p1a: LaFawnduh
|-singleturn|p1a: LaFawnduh|Protect
|move|p2a: Pelipper|Hurricane|p1a: LaFawnduh
|-activate|p1a: LaFawnduh|move: Protect
|move|p2b: Ursaluna|Earthquake|p1a: LaFawnduh|[spread] p1b
|-activate|p1a: LaFawnduh|move: Protect
|-immune|p2a: Pelipper
|-supereffective|p1b: Tomato
|-damage|p1b: Tomato|35/100
|
|-weather|RainDance|[upkeep]
|-damage|p2b: Ursaluna|89/100 brn|[from] brn
|upkeep
|turn|4
|
|t:|1757005847
|switch|p2b: Incineroar|Incineroar, L50, F|82/100
|-ability|p2b: Incineroar|Intimidate|boost
|-unboost|p1a: LaFawnduh|atk|1
|-unboost|p1b: Tomato|atk|1
|move|p2a: Pelipper|Protect|p2a: Pelipper
|-singleturn|p2a: Pelipper|Protect
|move|p1b: Tomato|Fake Out|p2b: Incineroar
|-damage|p2b: Incineroar|74/100
|move|p1a: LaFawnduh|Pollen Puff|p1b: Tomato
|-heal|p1b: Tomato|85/100
|
|-weather|RainDance|[upkeep]
|upkeep
|turn|5
|
|t:|1757005894
|move|p1a: LaFawnduh|Protect|p1a: LaFawnduh
|-singleturn|p1a: LaFawnduh|Protect
|move|p2a: Pelipper|Weather Ball|p1b: Tomato
|-supereffective|p1b: Tomato
|-damage|p1b: Tomato|0 fnt
|faint|p1b: Tomato
|move|p2b: Incineroar|Knock Off|p1a: LaFawnduh
|-activate|p1a: LaFawnduh|move: Protect
|
|-weather|none
|upkeep
|
|t:|1757005908
|switch|p1b: Windows 11|Porygon2, L50, shiny, tera:Fighting|3/100
|-ability|p1b: Windows 11|Download|boost
|-boost|p1b: Windows 11|spa|1
|turn|6
|
|t:|1757005920
|move|p1a: LaFawnduh|Rage Powder|p1a: LaFawnduh
|-singleturn|p1a: LaFawnduh|move: Rage Powder
|move|p2a: Pelipper|Weather Ball|p1a: LaFawnduh
|-damage|p1a: LaFawnduh|52/100
|move|p1b: Windows 11|Tera Blast|p2b: Incineroar|[anim] Tera Blast Fighting
|-supereffective|p2b: Incineroar
|-damage|p2b: Incineroar|0 fnt
|faint|p2b: Incineroar
|
|upkeep
|c|☆RelentlessRogue|wp wp
|
|t:|1757005930
|switch|p2b: Ursaluna|Ursaluna, L50, F|89/100 brn
|turn|7
|
|t:|1757005970
|switch|p1b: IGOR|Ursaluna, L50, M, shiny|100/100
|-terastallize|p2b: Ursaluna|Psychic
|move|p2a: Pelipper|Hurricane|p1a: LaFawnduh
|-supereffective|p1a: LaFawnduh
|-damage|p1a: LaFawnduh|0 fnt
|faint|p1a: LaFawnduh
|move|p2b: Ursaluna|Earthquake|p1b: IGOR|[spread] p1b
|-immune|p2a: Pelipper
|-damage|p1b: IGOR|49/100
|
|-damage|p2b: Ursaluna|83/100 brn|[from] brn
|-status|p1b: IGOR|brn|[from] item: Flame Orb
|upkeep
|
|t:|1757005975
|switch|p1a: Windows 11|Porygon2, L50, shiny, tera:Fighting|3/100
|-ability|p1a: Windows 11|Download|boost
|-boost|p1a: Windows 11|spa|1
|turn|8
|
|t:|1757006010
|move|p2a: Pelipper|Weather Ball|p1a: Windows 11
|-damage|p1a: Windows 11|0 fnt
|faint|p1a: Windows 11
|move|p1b: IGOR|Facade|p2b: Ursaluna
|-damage|p2b: Ursaluna|0 fnt
|faint|p2b: Ursaluna
|
|-damage|p1b: IGOR|44/100 brn|[from] brn
|upkeep
|
|t:|1757006019
|switch|p2b: Sinistcha|Sinistcha, L50|100/100
|turn|9
|
|t:|1757006030
|move|p2a: Pelipper|Hurricane|p1b: IGOR
|-crit|p1b: IGOR
|-damage|p1b: IGOR|0 fnt
|faint|p1b: IGOR
|
|win|RelentlessRogue
||RelentlessRogue is ready for game 3.
||dracojackson is ready for game 3.
|uhtml|next|Next: Game 3 of 3
|l|☆RelentlessRogue
|player|p2|
