|j|☆honeybadgergms1994
|j|☆Clementine1997
|html|honeybadgergms1994Clementine1997    
|uhtml|bestof|Game 3 of a best-of-3
|t:|1757822396
|gametype|doubles
|player|p1|honeybadgergms1994|170|1000
|player|p2|Clementine1997|clair|1128
|gen|9
|tier|[Gen 9] VGC 2025 Reg H (Bo3)
|rated|
|rule|Species Clause: Limit one of each Pokémon
|rule|Item Clause: Limit 1 of each item
|clearpoke
|poke|p1|Tyranitar, L50, F|
|poke|p1|Excadrill, L50, F|
|poke|p1|Amoonguss, L50, F|
|poke|p1|Salamence, L50, M|
|poke|p1|Rotom-Heat, L50|
|poke|p1|Primarina, L50, F|
|poke|p2|Whimsicott, L50, F|
|poke|p2|Sneasler, L50, M|
|poke|p2|Volcarona, L50, F|
|poke|p2|Kingambit, L50, F|
|poke|p2|Electabuzz, L50, F|
|poke|p2|Dragonite, L50, F|
|teampreview|4
|showteam|p1|Tyranitar||AssaultVest|SandStream|RockSlide,KnockOff,TeraBlast,LowKick|||F|||50|,,,,,Flying]Excadrill||ClearAmulet|SandRush|Earthquake,IronHead,RockSlide,Protect|||F|||50|,,,,,Ground]Amoonguss||SitrusBerry|Regenerator|RagePowder,PollenPuff,Spore,Protect|||F|||50|,,,,,Water]Salamence||LifeOrb|Intimidate|AirSlash,DracoMeteor,Tailwind,Protect|||M|||50|,,,,,Poison]Rotom-Heat||SafetyGoggles|Levitate|Overheat,Thunderbolt,WillOWisp,Protect||||||50|,,,,,Electric]Primarina||ThroatSpray|LiquidVoice|Moonblast,HyperVoice,Haze,Protect|||F|||50|,,,,,Grass
|showteam|p2|Whimsicott||CovertCloak|Prankster|Moonblast,Tailwind,Encore,SunnyDay|||F|||50|,,,,,Fire]Sneasler||FocusSash|PoisonTouch|CloseCombat,DireClaw,FakeOut,Coaching|||M|||50|,,,,,Stellar]Volcarona||Leftovers|FlameBody|HeatWave,TeraBlast,QuiverDance,Protect|||F|||50|,,,,,Water]Kingambit||SafetyGoggles|Defiant|SuckerPunch,KowtowCleave,SwordsDance,Protect|||F|||50|,,,,,Ghost]Electabuzz||Eviolite|Static|Electroweb,Taunt,FollowMe,ThunderWave|||F|||50|,,,,,Flying]Dragonite||LoadedDice|Multiscale|ScaleShot,ExtremeSpeed,Haze,Protect|||F|||50|,,,,,Normal
|inactive|Battle timer is ON: inactive players will automatically lose when time's up. (requested by Clementine1997)
|
|t:|1757822411
|teamsize|p1|4
|teamsize|p2|4
|start
|switch|p1a: Excadrill|Excadrill, L50, F|100/100
|switch|p1b: Rotom|Rotom-Heat, L50|100/100
|switch|p2a: Electabuzz|Electabuzz, L50, F, shiny|100/100
|switch|p2b: Volcarona|Volcarona, L50, F, shiny|100/100
|turn|1
|
|t:|1757822429
|-terastallize|p2b: Volcarona|Water
|-terastallize|p1b: Rotom|Electric
|move|p2a: Electabuzz|Follow Me|p2a: Electabuzz
|-singleturn|p2a: Electabuzz|move: Follow Me
|move|p2b: Volcarona|Quiver Dance|p2b: Volcarona
|-boost|p2b: Volcarona|spa|1
|-boost|p2b: Volcarona|spd|1
|-boost|p2b: Volcarona|spe|1
|move|p1b: Rotom|Thunderbolt|p2a: Electabuzz
|-resisted|p2a: Electabuzz
|-damage|p2a: Electabuzz|79/100
|move|p1a: Excadrill|Earthquake|p2b: Volcarona|[spread] p2a,p2b
|-immune|p1b: Rotom|[from] ability: Levitate
|-supereffective|p2a: Electabuzz
|-damage|p2a: Electabuzz|0 fnt
|-damage|p2b: Volcarona|35/100
|faint|p2a: Electabuzz
|
|-heal|p2b: Volcarona|41/100|[from] item: Leftovers
|upkeep
|
|t:|1757822442
|switch|p2a: Whimsicott|Whimsicott, L50, F, shiny|100/100
|turn|2
|
|t:|1757822455
|move|p2a: Whimsicott|Sunny Day|p2a: Whimsicott
|-weather|SunnyDay
|move|p2b: Volcarona|Heat Wave|p1b: Rotom|[spread] p1b
|-miss|p2b: Volcarona|p1a: Excadrill
|-damage|p1b: Rotom|4/100
|-status|p1b: Rotom|brn
|move|p1b: Rotom|Thunderbolt|p2b: Volcarona
|-supereffective|p2b: Volcarona
|-damage|p2b: Volcarona|0 fnt
|faint|p2b: Volcarona
|move|p1a: Excadrill|Iron Head|p2a: Whimsicott
|-supereffective|p2a: Whimsicott
|-damage|p2a: Whimsicott|24/100
|
|-weather|SunnyDay|[upkeep]
|-damage|p1b: Rotom|0 fnt|[from] brn
|faint|p1b: Rotom
|upkeep
|
|t:|1757822469
|switch|p2b: Kingambit|Kingambit, L50, F, shiny|100/100
|switch|p1b: Tyranitar|Tyranitar, L50, F|100/100
|-weather|Sandstorm|[from] ability: Sand Stream|[of] p1b: Tyranitar
|turn|3
|-message|Clementine1997 forfeited.
|
|win|honeybadgergms1994
|raw|honeybadgergms1994's rating: 1000 → 1054(+54 for winning)
|raw|Clementine1997's rating: 1128 → 1094(-34 for losing)
|l|☆Clementine1997
|player|p2|
