|j|☆chaoticfarmer
|j|☆dunderpilot
|html|chaoticfarmerdunderpilot    
|uhtml|bestof|Game 1 of a best-of-3
|t:|1757653253
|gametype|doubles
|player|p1|chaoticfarmer|norman|1298
|player|p2|dunderpilot|169|1208
|gen|9
|tier|[Gen 9] VGC 2025 Reg H (Bo3)
|rated|
|rule|Species Clause: Limit one of each Pokémon
|rule|Item Clause: Limit 1 of each item
|clearpoke
|poke|p1|Rillaboom, L50, M|
|poke|p1|Pelipper, L50, M|
|poke|p1|Sneasler, L50, F|
|poke|p1|Malamar, L50, M|
|poke|p1|Ursaluna-Bloodmoon, L50, M|
|poke|p1|Baxcalibur, L50, F|
|poke|p2|Torkoal, L50, F|
|poke|p2|Ursaluna, L50, M|
|poke|p2|Gallade, L50, M|
|poke|p2|Hatterene, L50, F|
|poke|p2|Indeedee-F, L50, F|
|poke|p2|Glimmora, L50, F|
|teampreview|4
|showteam|p1|Rillaboom||AssaultVest|GrassySurge|FakeOut,GrassyGlide,WoodHammer,Uturn|||M|||50|,,,,,Fire]Pelipper||FocusSash|Drizzle|Tailwind,Hurricane,WideGuard,WeatherBall|||M|||50|,,,,,Ghost]Sneasler||GrassySeed|Unburden|CloseCombat,DireClaw,ThroatChop,Protect|||F|||50|,,,,,Dark]Malamar||CovertCloak|Contrary|TopsyTurvy,KnockOff,Superpower,TrickRoom|||M|||50|,,,,,Steel]Ursaluna-Bloodmoon||SafetyGoggles|MindsEye|BloodMoon,HyperVoice,EarthPower,Protect|||M|||50|,,,,,Ghost]Baxcalibur||WideLens|ThermalExchange|IcicleCrash,AquaTail,IceShard,Protect|||F|||50|,,,,,Water
|showteam|p2|Torkoal||ChoiceSpecs|Drought|Eruption,WeatherBall,EarthPower,ClearSmog|||F|||50|,,,,,Fire]Ursaluna||FlameOrb|Guts|Facade,HeadlongRush,Protect,Earthquake|||M|||50|,,,,,Ghost]Gallade||ClearAmulet|Sharpness|PsychoCut,SacredSword,NightSlash,TrickRoom|||M|||50|,,,,,Grass]Hatterene||LifeOrb|MagicBounce|ExpandingForce,DazzlingGleam,TrickRoom,MysticalFire|||F|||50|,,,,,Fire]Indeedee-F||SafetyGoggles|PsychicSurge|FollowMe,TrickRoom,HelpingHand,DazzlingGleam|||F|||50|,,,,,Fairy]Glimmora||PowerHerb|ToxicDebris|MeteorBeam,EnergyBall,SpikyShield,SludgeBomb|||F|||50|,,,,,Grass
|inactive|Battle timer is ON: inactive players will automatically lose when time's up. (requested by chaoticfarmer)
|inactive|chaoticfarmer has 60 seconds left.
|inactive|dunderpilot has 60 seconds left.
|
|t:|1757653306
|teamsize|p1|4
|teamsize|p2|4
|start
|switch|p1a: Malamar|Malamar, L50, M|100/100
|switch|p1b: Ursaluna|Ursaluna-Bloodmoon, L50, M|100/100
|switch|p2a: Hatterene|Hatterene, L50, F|100/100
|switch|p2b: Indeedee|Indeedee-F, L50, F|100/100
|-fieldstart|move: Psychic Terrain|[from] ability: Psychic Surge|[of] p2b: Indeedee
|turn|1
|inactive|chaoticfarmer has 30 seconds left.
|
|t:|1757653337
|-terastallize|p1a: Malamar|Steel
|move|p2b: Indeedee|Follow Me|p2b: Indeedee
|-singleturn|p2b: Indeedee|move: Follow Me
|move|p1a: Malamar|Knock Off|p2b: Indeedee
|-supereffective|p2b: Indeedee
|-damage|p2b: Indeedee|19/100
|-enditem|p2b: Indeedee|Safety Goggles|[from] move: Knock Off|[of] p1a: Malamar
|move|p1b: Ursaluna|Hyper Voice|p2a: Hatterene|[spread] p2a,p2b
|-damage|p2a: Hatterene|57/100
|-damage|p2b: Indeedee|0 fnt
|faint|p2b: Indeedee
|move|p2a: Hatterene|Trick Room|p2a: Hatterene
|-fieldstart|move: Trick Room|[of] p2a: Hatterene
|
|upkeep
|
|t:|1757653353
|switch|p2b: Torkoal|Torkoal, L50, F|100/100
|-weather|SunnyDay|[from] ability: Drought|[of] p2b: Torkoal
|turn|2
|
|t:|1757653372
|switch|p1b: Pelipper|Pelipper, L50, M|100/100
|-weather|RainDance|[from] ability: Drizzle|[of] p1b: Pelipper
|-terastallize|p2b: Torkoal|Fire
|move|p2b: Torkoal|Eruption|p1b: Pelipper|[spread] p1a,p1b
|-supereffective|p1a: Malamar
|-resisted|p1b: Pelipper
|-damage|p1a: Malamar|5/100
|-damage|p1b: Pelipper|56/100
|move|p2a: Hatterene|Expanding Force|p1b: Pelipper|[spread] p1a,p1b
|-resisted|p1a: Malamar
|-damage|p1a: Malamar|0 fnt
|-damage|p1b: Pelipper|0 fnt
|faint|p1a: Malamar
|faint|p1b: Pelipper
|-damage|p2a: Hatterene|48/100|[from] item: Life Orb
|
|-weather|RainDance|[upkeep]
|upkeep
|
|t:|1757653383
|switch|p1a: Ursaluna|Ursaluna-Bloodmoon, L50, M|100/100
|switch|p1b: Baxcalibur|Baxcalibur, L50, F|100/100
|turn|3
|
|t:|1757653398
|move|p2b: Torkoal|Eruption|p1b: Baxcalibur|[spread] p1a,p1b
|-damage|p1a: Ursaluna|47/100
|-damage|p1b: Baxcalibur|56/100
|-ability|p1b: Baxcalibur|Thermal Exchange|boost
|-boost|p1b: Baxcalibur|atk|1
|move|p2a: Hatterene|Expanding Force|p1a: Ursaluna|[spread] p1a,p1b
|-damage|p1a: Ursaluna|0 fnt
|-damage|p1b: Baxcalibur|0 fnt
|faint|p1a: Ursaluna
|faint|p1b: Baxcalibur
|-damage|p2a: Hatterene|38/100|[from] item: Life Orb
|
|win|dunderpilot
||dunderpilot is ready for game 2.
||chaoticfarmer is ready for game 2.
|uhtml|next|Next: Game 2 of 3
|l|☆dunderpilot
|player|p2|
