|j|☆SalcranVGC
|j|☆Toquill
|html|SalcranVGCToquill    
|uhtml|bestof|Game 1 of a best-of-3
|t:|1783450955
|gametype|doubles
|player|p1|SalcranVGC|265|
|player|p2|Toquill|rika|
|gen|9
|tier|[Gen 9 Champions] VGC 2026 Reg M-B (Bo3)
|rule|Species Clause: Limit one of each Pokémon
|rule|Item Clause: Limit 1 of each item
|clearpoke
|poke|p1|Grimmsnarl, L50, M|
|poke|p1|Venusaur, L50, F|
|poke|p1|Garchomp, L50, M|
|poke|p1|Incineroar, L50, M|
|poke|p1|Gholdengo, L50|
|poke|p1|Hydreigon, L50, F|
|poke|p2|Floette-Eternal, L50, F, shiny|
|poke|p2|Ceruledge, L50, M|
|poke|p2|Garchomp, L50, F, shiny|
|poke|p2|Talonflame, L50, M, shiny|
|poke|p2|Metagross, L50|
|poke|p2|Ninetales-Alola, L50, F|
|teampreview|4
|showteam|p1|Grimmsnarl||LightClay|Prankster|SpiritBreak,Reflect,LightScreen,PartingShot|Careful||M|||50|]Venusaur||Venusaurite|Chlorophyll|SludgeBomb,GigaDrain,LeechSeed,Protect|Calm||F|||50|]Garchomp||LifeOrb|RoughSkin|DragonClaw,StompingTantrum,RockSlide,Protect|Jolly||M|||50|]Incineroar||SitrusBerry|Intimidate|FlareBlitz,ThroatChop,PartingShot,FakeOut|Impish||M|||50|]Gholdengo||SpellTag|GoodasGold|MakeItRain,ShadowBall,NastyPlot,Protect|Modest|||||50|]Hydreigon||FocusSash|Levitate|DracoMeteor,DarkPulse,EarthPower,Protect|Modest||F|||50|
|showteam|p2|Floette-Eternal||Floettite|FlowerVeil|Moonblast,DazzlingGleam,LightofRuin,Protect|Timid||F|||50|]Ceruledge||ColburBerry|FlashFire|BitterBlade,ShadowSneak,BulkUp,Protect|Adamant||M|||50|]Garchomp||LifeOrb|RoughSkin|Earthquake,DragonClaw,RockSlide,Protect|Jolly||F|||50|]Talonflame||SharpBeak|GaleWings|DualWingbeat,FlareBlitz,Tailwind,Protect|Jolly||M|||50|]Metagross||Metagrossite|ClearBody|IronHead,PsychicFangs,StompingTantrum,Protect|Jolly|||||50|]Ninetales-Alola||NeverMeltIce|SnowWarning|Blizzard,FreezeDry,Encore,Protect|Timid||F|||50|
|c|☆Toquill|glhf ^^
|c|☆SalcranVGC|I'll send the room invites
|c|☆SalcranVGC|ok
|c|☆SalcranVGC|glhf ^^
|j| Draxolotl
|l| Draxolotl
|
|t:|1783451115
|teamsize|p1|4
|teamsize|p2|4
|start
|switch|p1a: Grimmsnarl|Grimmsnarl, L50, M|100/100
|switch|p1b: Venusaur|Venusaur, L50, F|100/100
|switch|p2a: Metagross|Metagross, L50|100/100
|switch|p2b: Ceruledge|Ceruledge, L50, M|100/100
|turn|1
|j| philjonesvgc
|j| asmrticuno
|j| No1RalseiFan
|
|t:|1783451166
|switch|p2b: Ninetales|Ninetales-Alola, L50, F|100/100
|-weather|Snowscape|[from] ability: Snow Warning|[of] p2b: Ninetales
|switch|p1b: Hydreigon|Hydreigon, L50, F|100/100
|move|p1a: Grimmsnarl|Reflect|p1a: Grimmsnarl
|-sidestart|p1: SalcranVGC|Reflect
|move|p2a: Metagross|Iron Head|p1a: Grimmsnarl
|-supereffective|p1a: Grimmsnarl|1
|-damage|p1a: Grimmsnarl|44/100
|
|-weather|Snowscape|[upkeep]
|upkeep
|turn|2
|
|t:|1783451210
|switch|p2a: Garchomp|Garchomp, L50, F, shiny|100/100
|move|p1a: Grimmsnarl|Parting Shot|p2b: Ninetales
|-unboost|p2b: Ninetales|atk|1
|-unboost|p2b: Ninetales|spa|1
|
|t:|1783451215
|switch|p1a: Incineroar|Incineroar, L50, M|100/100|[from] Parting Shot
|-ability|p1a: Incineroar|Intimidate|boost
|-unboost|p2a: Garchomp|atk|1
|-unboost|p2b: Ninetales|atk|1
|move|p2b: Ninetales|Blizzard|p1a: Incineroar|[spread] p1a,p1b
|-resisted|p1a: Incineroar|1
|-supereffective|p1b: Hydreigon|1
|-damage|p1a: Incineroar|88/100
|-damage|p1b: Hydreigon|43/100
|move|p1b: Hydreigon|Dark Pulse|p2a: Garchomp
|-damage|p2a: Garchomp|50/100g
|
|-weather|Snowscape|[upkeep]
|upkeep
|turn|3
|l| philjonesvgc
|
|t:|1783451257
|switch|p2b: Ceruledge|Ceruledge, L50, M|100/100
|move|p1b: Hydreigon|Protect|p1b: Hydreigon
|-singleturn|p1b: Hydreigon|Protect
|move|p2a: Garchomp|Dragon Claw|p1b: Hydreigon
|-activate|p1b: Hydreigon|move: Protect
|move|p1a: Incineroar|Flare Blitz|p2b: Ceruledge
|-start|p2b: Ceruledge|ability: Flash Fire
|
|-weather|Snowscape|[upkeep]
|upkeep
|turn|4
|j| Draxolotl
|
|t:|1783451286
|switch|p1b: Grimmsnarl|Grimmsnarl, L50, M|44/100
|move|p2a: Garchomp|Dragon Claw|p1b: Grimmsnarl
|-immune|p1b: Grimmsnarl
|move|p2b: Ceruledge|Bulk Up|p2b: Ceruledge
|-boost|p2b: Ceruledge|atk|1
|-boost|p2b: Ceruledge|def|1
|move|p1a: Incineroar|Parting Shot|p2b: Ceruledge
|-unboost|p2b: Ceruledge|atk|1
|-unboost|p2b: Ceruledge|spa|1
|
|t:|1783451296
|switch|p1a: Venusaur|Venusaur, L50, F|100/100|[from] Parting Shot
|
|-weather|Snowscape|[upkeep]
|upkeep
|turn|5
|
|t:|1783451324
|switch|p2a: Metagross|Metagross, L50|100/100
|detailschange|p1a: Venusaur|Venusaur-Mega, L50, F
|-mega|p1a: Venusaur|Venusaur|Venusaurite
|move|p1b: Grimmsnarl|Parting Shot|p2b: Ceruledge
|-unboost|p2b: Ceruledge|atk|1
|-unboost|p2b: Ceruledge|spa|1
|j| starling01
|
|t:|1783451336
|switch|p1b: Hydreigon|Hydreigon, L50, F|43/100|[from] Parting Shot
|move|p2b: Ceruledge|Bitter Blade|p1b: Hydreigon
|-resisted|p1b: Hydreigon|1
|-damage|p1b: Hydreigon|26/100
|move|p1a: Venusaur|Giga Drain|p2a: Metagross
|-resisted|p2a: Metagross|1
|-damage|p2a: Metagross|81/100
|
|-weather|none
|upkeep
|turn|6
|l| Draxolotl
|
|t:|1783451383
|switch|p2a: Ninetales|Ninetales-Alola, L50, F|100/100
|-weather|Snowscape|[from] ability: Snow Warning|[of] p2a: Ninetales
|move|p1a: Venusaur|Protect|p1a: Venusaur
|-singleturn|p1a: Venusaur|Protect
|move|p1b: Hydreigon|Dark Pulse|p2a: Ninetales
|-resisted|p2a: Ninetales|1
|-damage|p2a: Ninetales|73/100
|move|p2b: Ceruledge|Bitter Blade|p1b: Hydreigon
|-resisted|p1b: Hydreigon|1
|-damage|p1b: Hydreigon|6/100
|
|-weather|Snowscape|[upkeep]
|upkeep
|turn|7
|
|t:|1783451429
|-end|p2b: Ceruledge|ability: Flash Fire|[silent]
|switch|p2b: Garchomp|Garchomp, L50, F, shiny|50/100g
|switch|p1a: Incineroar|Incineroar, L50, M|88/100
|-ability|p1a: Incineroar|Intimidate|boost
|-unboost|p2a: Ninetales|atk|1
|-unboost|p2b: Garchomp|atk|1
|move|p1b: Hydreigon|Protect|p1b: Hydreigon
|-singleturn|p1b: Hydreigon|Protect
|move|p2a: Ninetales|Blizzard|p1a: Incineroar|[spread] p1a
|-activate|p1b: Hydreigon|move: Protect
|-resisted|p1a: Incineroar|1
|-damage|p1a: Incineroar|70/100
|
|-weather|Snowscape|[upkeep]
|upkeep
|turn|8
|
|t:|1783451459
|switch|p1b: Grimmsnarl|Grimmsnarl, L50, M|44/100
|move|p1a: Incineroar|Fake Out|p2a: Ninetales
|-damage|p2a: Ninetales|63/100
|cant|p2a: Ninetales|flinch
|move|p2b: Garchomp|Rock Slide|p1b: Grimmsnarl|[spread] p1a,p1b
|-supereffective|p1a: Incineroar|1
|-damage|p1a: Incineroar|52/100
|-damage|p1b: Grimmsnarl|33/100
|-damage|p2b: Garchomp|41/100|[from] item: Life Orb
|
|-weather|Snowscape|[upkeep]
|-sideend|p1: SalcranVGC|Reflect
|upkeep
|turn|9
|
|t:|1783451493
|switch|p2b: Ceruledge|Ceruledge, L50, M|100/100
|move|p1b: Grimmsnarl|Light Screen|p1b: Grimmsnarl
|-sidestart|p1: SalcranVGC|move: Light Screen
|move|p2a: Ninetales|Encore|p1a: Incineroar
|-start|p1a: Incineroar|Encore
|move|p1a: Incineroar|Fake Out||[still]
|-hint|Fake Out only works on your first turn out.
|-fail|p1a: Incineroar
|
|-weather|Snowscape|[upkeep]
|upkeep
|turn|10
|
|t:|1783451520
|switch|p1a: Hydreigon|Hydreigon, L50, F|6/100
|move|p1b: Grimmsnarl|Parting Shot|p2b: Ceruledge
|-unboost|p2b: Ceruledge|atk|1
|-unboost|p2b: Ceruledge|spa|1
|
|t:|1783451525
|switch|p1b: Incineroar|Incineroar, L50, M|52/100|[from] Parting Shot
|-ability|p1b: Incineroar|Intimidate|boost
|-unboost|p2a: Ninetales|atk|1
|-unboost|p2b: Ceruledge|atk|1
|move|p2a: Ninetales|Blizzard|p1b: Incineroar|[spread] p1a,p1b
|-supereffective|p1a: Hydreigon|1
|-resisted|p1b: Incineroar|1
|-crit|p1b: Incineroar
|-damage|p1a: Hydreigon|0 fnt
|-damage|p1b: Incineroar|25/100
|-enditem|p1b: Incineroar|Sitrus Berry|[eat]
|-heal|p1b: Incineroar|50/100y|[from] item: Sitrus Berry
|faint|p1a: Hydreigon
|move|p2b: Ceruledge|Bulk Up|p2b: Ceruledge
|-boost|p2b: Ceruledge|atk|1
|-boost|p2b: Ceruledge|def|1
|
|-weather|none
|upkeep
|
|t:|1783451540
|switch|p1a: Venusaur|Venusaur-Mega, L50, F|100/100
|turn|11
|
|t:|1783451561
|move|p2a: Ninetales|Freeze-Dry|p1b: Incineroar
|-resisted|p1b: Incineroar|1
|-damage|p1b: Incineroar|40/100
|move|p2b: Ceruledge|Bulk Up|p2b: Ceruledge
|-boost|p2b: Ceruledge|atk|1
|-boost|p2b: Ceruledge|def|1
|move|p1a: Venusaur|Leech Seed|p2b: Ceruledge
|-start|p2b: Ceruledge|move: Leech Seed
|move|p1b: Incineroar|Flare Blitz|p2a: Ninetales
|-supereffective|p2a: Ninetales|1
|-damage|p2a: Ninetales|0 fnt
|faint|p2a: Ninetales
|-damage|p1b: Incineroar|25/100|[from] Recoil
|
|-damage|p2b: Ceruledge|87/100|[from] Leech Seed|[of] p1a: Venusaur
|upkeep
|
|t:|1783451583
|switch|p2a: Metagross|Metagross, L50|81/100
|turn|12
|
|t:|1783451597
|switch|p2b: Garchomp|Garchomp, L50, F, shiny|41/100
|move|p1a: Venusaur|Protect|p1a: Venusaur
|-singleturn|p1a: Venusaur|Protect
|move|p2a: Metagross|Stomping Tantrum|p1b: Incineroar
|-supereffective|p1b: Incineroar|1
|-damage|p1b: Incineroar|0 fnt
|faint|p1b: Incineroar
|
|upkeep
|
|t:|1783451606
|switch|p1b: Grimmsnarl|Grimmsnarl, L50, M|33/100
|turn|13
|
|t:|1783451626
|move|p2a: Metagross|Protect|p2a: Metagross
|-singleturn|p2a: Metagross|Protect
|move|p1b: Grimmsnarl|Reflect|p1b: Grimmsnarl
|-sidestart|p1: SalcranVGC|Reflect
|move|p2b: Garchomp|Earthquake|p1a: Venusaur|[spread] p1a,p1b
|-activate|p2a: Metagross|move: Protect
|-damage|p1a: Venusaur|75/100
|-damage|p1b: Grimmsnarl|0 fnt
|faint|p1b: Grimmsnarl
|-damage|p2b: Garchomp|31/100|[from] item: Life Orb
|move|p1a: Venusaur|Leech Seed|p2a: Metagross
|-activate|p2a: Metagross|move: Protect
|
|upkeep
|turn|14
|
|t:|1783451640
|detailschange|p2a: Metagross|Metagross-Mega, L50
|-mega|p2a: Metagross|Metagross|Metagrossite
|move|p2a: Metagross|Psychic Fangs|p1a: Venusaur
|-sideend|p1: SalcranVGC|Reflect
|-sideend|p1: SalcranVGC|move: Light Screen
|-supereffective|p1a: Venusaur|1
|-damage|p1a: Venusaur|0 fnt
|faint|p1a: Venusaur
|
|win|Toquill
||SalcranVGC is ready for game 2.
||Toquill is ready for game 2.
|uhtml|next|Next: Game 2 of 3
|l| No1RalseiFan
|j| snuffdoll
|l| asmrticuno
|l|☆SalcranVGC
|player|p1|
