|j|☆ShadowEliteYT
|j|☆PaquitoelBollito
|html|ShadowEliteYTPaquitoelBollito    
|uhtml|bestof|Game 1 of a best-of-3
|t:|1783878154
|gametype|doubles
|player|p1|ShadowEliteYT|2|1059
|player|p2|PaquitoelBollito|102|1111
|gen|9
|tier|[Gen 9 Champions] VGC 2026 Reg M-B (Bo3)
|rated|
|rule|Species Clause: Limit one of each Pokémon
|rule|Item Clause: Limit 1 of each item
|clearpoke
|poke|p1|Raichu, L50, M|
|poke|p1|Sinistcha-Masterpiece, L50|
|poke|p1|Incineroar, L50, F|
|poke|p1|Staraptor, L50, M|
|poke|p1|Whimsicott, L50, M|
|poke|p1|Palafin, L50, F|
|poke|p2|Aerodactyl, L50, M|
|poke|p2|Kingambit, L50, F|
|poke|p2|Garchomp, L50, M|
|poke|p2|Farigiraf, L50, F|
|poke|p2|Charizard, L50, F|
|poke|p2|Sylveon, L50, F|
|teampreview|4
|showteam|p1|Raichu||RaichuniteY|Static|ZapCannon,FocusBlast,VoltSwitch,Protect|Timid||M|||50|]Sinistcha-Masterpiece||Leftovers|Hospitality|MatchaGotcha,Poltergeist,RagePowder,Protect|Bold|||||50|]Incineroar||SitrusBerry|Intimidate|FlareBlitz,PartingShot,FakeOut,WillOWisp|Adamant||F|||50|]Staraptor||Staraptite|Intimidate|CloseCombat,BraveBird,Uturn,Protect|Jolly||M|||50|]Whimsicott||MentalHerb|Prankster|Moonblast,Tailwind,Encore,Charm|Timid||M|||50|]Palafin||LifeOrb|ZerotoHero|WaveCrash,IcePunch,FlipTurn,Protect|Jolly||F|||50|
|showteam|p2|Aerodactyl||Aerodactylite|Unnerve|Tailwind,DualWingbeat,IceFang,RockSlide|Jolly||M|||50|]Kingambit||BlackGlasses|Defiant|SuckerPunch,KowtowCleave,Protect,LowKick|Adamant||F|||50|]Garchomp||LifeOrb|RoughSkin|Protect,DragonClaw,Earthquake,StompingTantrum|Jolly||M|||50|]Farigiraf||SitrusBerry|ArmorTail|PsychicFangs,Thunderbolt,TrickRoom,SunnyDay|Relaxed||F|||50|]Charizard||CharizarditeY|Blaze|Protect,HeatWave,WeatherBall,SolarBeam|Modest||F|||50|]Sylveon||FairyFeather|Pixilate|HyperVoice,Protect,QuickAttack,HyperBeam|Modest||F|||50|
|inactive|Battle timer is ON: inactive players will automatically lose when time's up. (requested by PaquitoelBollito)
|inactive|PaquitoelBollito has 60 seconds left.
|
|t:|1783878187
|teamsize|p1|4
|teamsize|p2|4
|start
|switch|p1a: Palafin|Palafin, L50, F|100/100
|switch|p1b: Incineroar|Incineroar, L50, F|100/100
|switch|p2a: Aerodactyl|Aerodactyl, L50, M|100/100
|switch|p2b: Kingambit|Kingambit, L50, F|100/100
|-ability|p2a: Aerodactyl|Unnerve
|-ability|p1b: Incineroar|Intimidate|boost
|-unboost|p2a: Aerodactyl|atk|1
|-unboost|p2b: Kingambit|atk|1
|-ability|p2b: Kingambit|Defiant|boost
|-boost|p2b: Kingambit|atk|2
|turn|1
|
|t:|1783878208
|switch|p2a: Sylveon|Sylveon, L50, F|100/100
|move|p2b: Kingambit|Protect|p2b: Kingambit
|-singleturn|p2b: Kingambit|Protect
|move|p1a: Palafin|Flip Turn|p2a: Sylveon
|-damage|p2a: Sylveon|70/100
|-damage|p1a: Palafin|90/100|[from] item: Life Orb
|
|t:|1783878226
|detailschange|p1a: Palafin|Palafin-Hero, L50, F
|switch|p1a: Sinistcha|Sinistcha-Masterpiece, L50|100/100|[from] Flip Turn
|move|p1b: Incineroar|Flare Blitz|p2b: Kingambit
|-activate|p2b: Kingambit|move: Protect
|
|upkeep
|turn|2
|inactive|PaquitoelBollito has 30 seconds left.
|inactive|ShadowEliteYT has 30 seconds left.
|inactive|PaquitoelBollito has 20 seconds left.
|
|t:|1783878262
|move|p2b: Kingambit|Kowtow Cleave|p1a: Sinistcha
|-supereffective|p1a: Sinistcha|1
|-damage|p1a: Sinistcha|0 fnt
|faint|p1a: Sinistcha
|move|p2a: Sylveon|Hyper Voice|p1b: Incineroar
|-damage|p1b: Incineroar|39/100
|-enditem|p1b: Incineroar|Sitrus Berry|[eat]
|-heal|p1b: Incineroar|64/100|[from] item: Sitrus Berry
|move|p1b: Incineroar|Flare Blitz|p2b: Kingambit
|-supereffective|p2b: Kingambit|1
|-damage|p2b: Kingambit|0 fnt
|faint|p2b: Kingambit
|-damage|p1b: Incineroar|30/100|[from] Recoil
|
|upkeep
|
|t:|1783878283
|switch|p2b: Aerodactyl|Aerodactyl, L50, M|100/100
|switch|p1a: Raichu|Raichu, L50, M|100/100
|-ability|p2b: Aerodactyl|Unnerve
|turn|3
|
|t:|1783878301
|switch|p2b: Garchomp|Garchomp, L50, M|100/100
|detailschange|p1a: Raichu|Raichu-Mega-Y, L50, M
|-mega|p1a: Raichu|Raichu|Raichunite Y
|move|p1a: Raichu|Zap Cannon|p2b: Garchomp
|-immune|p2b: Garchomp
|move|p2a: Sylveon|Hyper Voice|p1b: Incineroar|[spread] p1a,p1b
|-damage|p1a: Raichu|23/100
|-damage|p1b: Incineroar|0 fnt
|faint|p1b: Incineroar
|
|upkeep
|
|t:|1783878310
|switch|p1b: Palafin|Palafin-Hero, L50, F|90/100
|-activate|p1b: Palafin|ability: Zero to Hero
|turn|4
|
|t:|1783878321
|move|p1a: Raichu|Zap Cannon|p2a: Sylveon
|-damage|p2a: Sylveon|10/100
|-status|p2a: Sylveon|par
|move|p2b: Garchomp|Dragon Claw|p1b: Palafin
|-damage|p1b: Palafin|33/100
|-damage|p2b: Garchomp|90/100|[from] item: Life Orb
|move|p1b: Palafin|Ice Punch|p2b: Garchomp
|-supereffective|p2b: Garchomp|2
|-damage|p2b: Garchomp|0 fnt
|-damage|p1b: Palafin|20/100y|[from] ability: Rough Skin|[of] p2b: Garchomp
|faint|p2b: Garchomp
|-damage|p1b: Palafin|11/100|[from] item: Life Orb
|move|p2a: Sylveon|Hyper Voice|p1a: Raichu|[spread] p1a,p1b
|-damage|p1a: Raichu|0 fnt
|-damage|p1b: Palafin|0 fnt
|faint|p1a: Raichu
|faint|p1b: Palafin
|
|win|PaquitoelBollito
