|j|☆naibot2814
|j|☆Sea's Searing
|html|naibot2814Sea's Searing    
|uhtml|bestof|Game 1 of a best-of-3
|t:|1784423203
|gametype|doubles
|player|p1|naibot2814|colress|1426
|player|p2|Sea's Searing|170|1322
|gen|9
|tier|[Gen 9 Champions] VGC 2026 Reg M-B (Bo3)
|rated|
|rule|Species Clause: Limit one of each Pokémon
|rule|Item Clause: Limit 1 of each item
|clearpoke
|poke|p1|Blastoise, L50, M|
|poke|p1|Incineroar, L50, M|
|poke|p1|Sneasler, L50, M|
|poke|p1|Sinistcha, L50|
|poke|p1|Kingambit, L50, M, shiny|
|poke|p1|Delphox, L50, F|
|poke|p2|Blaziken, L50, M|
|poke|p2|Venusaur, L50, M|
|poke|p2|Ninetales-Alola, L50, F|
|poke|p2|Lycanroc-Dusk, L50, F|
|poke|p2|Kingambit, L50, M|
|poke|p2|Basculegion, L50, M|
|teampreview|4
|showteam|p1|Blastoise||Blastoisinite|Torrent|WaterSpout,DarkPulse,ShellSmash,Protect|Modest||M|||50|]Incineroar||SitrusBerry|Intimidate|FakeOut,FlareBlitz,DarkestLariat,PartingShot|Careful||M|||50|]Sneasler||FocusSash|PoisonTouch|FakeOut,CloseCombat,PoisonJab,RockTomb|Jolly||M|||50|]Sinistcha||KasibBerry|Hospitality|MatchaGotcha,TrickRoom,RagePowder,Protect|Bold|||||50|]Kingambit||BlackGlasses|Defiant|KowtowCleave,SuckerPunch,SwordsDance,Protect|Adamant||M|||50|]Delphox||Delphoxite|Blaze|HeatWave,Psyshock,NastyPlot,Protect|Timid||F|||50|
|showteam|p2|Blaziken||Blazikenite|SpeedBoost|CloseCombat,FlareBlitz,StoneEdge,Detect|Adamant||M|||50|]Venusaur||Venusaurite|Chlorophyll|GigaDrain,SludgeBomb,EarthPower,Protect|Modest||M|||50|]Ninetales-Alola||NeverMeltIce|SnowWarning|Blizzard,FreezeDry,Encore,Protect|Timid||F|||50|]Lycanroc-Dusk||FocusSash|ToughClaws|Accelerock,RockSlide,CloseCombat,Protect|Adamant||F|||50|]Kingambit||LifeOrb|Defiant|KowtowCleave,SuckerPunch,IronHead,Protect|Adamant||M|||50|]Basculegion||ChoiceScarf|Adaptability|WaveCrash,LastRespects,FlipTurn,AquaJet|Jolly||M|||50|
|
|t:|1784423263
|teamsize|p1|4
|teamsize|p2|4
|start
|switch|p1a: Blastoise|Blastoise, L50, M|100/100
|switch|p1b: Sneasler|Sneasler, L50, M|100/100
|switch|p2a: Rainy boots|Basculegion, L50, M|100/100
|switch|p2b: Life runner|Blaziken, L50, M|100/100
|turn|1
|
|t:|1784423279
|detailschange|p2b: Life runner|Blaziken-Mega, L50, M
|-mega|p2b: Life runner|Blaziken|Blazikenite
|detailschange|p1a: Blastoise|Blastoise-Mega, L50, M
|-mega|p1a: Blastoise|Blastoise|Blastoisinite
|move|p2b: Life runner|Detect|p2b: Life runner
|-singleturn|p2b: Life runner|Protect
|move|p2a: Rainy boots|Flip Turn|p1b: Sneasler
|-damage|p1b: Sneasler|39/100
|
|t:|1784423293
|switch|p2a: Villain|Kingambit, L50, M|100/100|[from] Flip Turn
|move|p1b: Sneasler|Close Combat|p2a: Villain
|-supereffective|p2a: Villain|2
|-damage|p2a: Villain|0 fnt
|-unboost|p1b: Sneasler|def|1
|-unboost|p1b: Sneasler|spd|1
|faint|p2a: Villain
|move|p1a: Blastoise|Shell Smash|p1a: Blastoise
|-unboost|p1a: Blastoise|def|1
|-unboost|p1a: Blastoise|spd|1
|-boost|p1a: Blastoise|atk|2
|-boost|p1a: Blastoise|spa|2
|-boost|p1a: Blastoise|spe|2
|
|-ability|p2b: Life runner|Speed Boost|boost
|-boost|p2b: Life runner|spe|1
|upkeep
|
|t:|1784423303
|switch|p2a: RUMA|Lycanroc-Dusk, L50, F|100/100
|turn|2
|-message|Sea's Searing forfeited.
|
|win|naibot2814
||Sea's Searing is ready for game 2.
||naibot2814 is ready for game 2.
|uhtml|next|Next: Game 2 of 3
|l|☆Sea's Searing
|player|p2|
