|j|☆Olly457
|j|☆SixHeroes
|html|Olly457SixHeroes    
|uhtml|bestof|Game 3 of a best-of-3
|t:|1756745587
|gametype|doubles
|player|p1|Olly457|unknown|1072
|player|p2|SixHeroes|2|1129
|gen|9
|tier|[Gen 9] VGC 2025 Reg H (Bo3)
|rated|
|rule|Species Clause: Limit one of each Pokémon
|rule|Item Clause: Limit 1 of each item
|clearpoke
|poke|p1|Ursaluna, L50, M|
|poke|p1|Amoonguss, L50, M|
|poke|p1|Porygon2, L50|
|poke|p1|Incineroar, L50, M|
|poke|p1|Gholdengo, L50|
|poke|p1|Mienshao, L50, F|
|poke|p2|Reuniclus, L50, M|
|poke|p2|Tyranitar, L50, F|
|poke|p2|Indeedee-F, L50, F|
|poke|p2|Sneasler, L50, M|
|poke|p2|Garchomp, L50, F|
|poke|p2|Kilowattrel, L50, M|
|teampreview|4
|showteam|p1|Ursaluna||FlameOrb|Guts|Protect,Facade,HeadlongRush,Substitute|||M|||50|,,,,,Ghost]Amoonguss||CovertCloak|Regenerator|RagePowder,ClearSmog,PollenPuff,Spore|||M|||50|,,,,,Electric]Porygon2||Eviolite|Download|Recover,TeraBlast,IceBeam,TrickRoom||||||50|,,,,,Fighting]Incineroar||AssaultVest|Intimidate|Uturn,FlareBlitz,KnockOff,FakeOut|||M|||50|,,,,,Grass]Gholdengo||LifeOrb|GoodasGold|Protect,MakeItRain,ShadowBall,NastyPlot||||||50|,,,,,Water]Mienshao||FocusSash|InnerFocus|CloseCombat,KnockOff,IceSpinner,WideGuard|||F|||50|,,,,,Stellar
|showteam|p2|Reuniclus||SitrusBerry|Overcoat|Protect,TrickRoom,TeraBlast,ExpandingForce|||M|||50|,,,,,Water]Tyranitar||AssaultVest|SandStream|RockSlide,KnockOff,LowKick,TeraBlast|||F|||50|,,,,,Flying]Indeedee-F||AirBalloon|PsychicSurge|FollowMe,TrickRoom,HealPulse,DazzlingGleam|||F|||50|,,,,,Fairy]Sneasler||PsychicSeed|Unburden|Protect,RockSlide,DireClaw,CloseCombat|||M|||50|,,,,,Rock]Garchomp||LifeOrb|SandVeil|StompingTantrum,Earthquake,DragonClaw,Protect|||F|||50|,,,,,Ground]Kilowattrel||FocusSash|Competitive|AirSlash,Discharge,Tailwind,Protect|||M|||50|,,,,,Stellar
|
|t:|1756745624
|teamsize|p1|4
|teamsize|p2|4
|start
|switch|p1a: Ursaluna|Ursaluna, L50, M, shiny|100/100
|switch|p1b: Porygon2|Porygon2, L50, shiny|100/100
|switch|p2a: Indeedee|Indeedee-F, L50, F|100/100
|switch|p2b: Kilowattrel|Kilowattrel, L50, M|100/100
|-fieldstart|move: Psychic Terrain|[from] ability: Psychic Surge|[of] p2a: Indeedee
|-item|p2a: Indeedee|Air Balloon
|-ability|p1b: Porygon2|Download|boost
|-boost|p1b: Porygon2|spa|1
|turn|1
|inactive|Battle timer is ON: inactive players will automatically lose when time's up. (requested by Olly457)
|
|t:|1756745637
|move|p2b: Kilowattrel|Air Slash|p1b: Porygon2
|-damage|p1b: Porygon2|81/100
|move|p2a: Indeedee|Dazzling Gleam|p1a: Ursaluna|[spread] p1a,p1b
|-damage|p1a: Ursaluna|89/100
|-damage|p1b: Porygon2|74/100
|move|p1b: Porygon2|Ice Beam|p2b: Kilowattrel
|-supereffective|p2b: Kilowattrel
|-enditem|p2b: Kilowattrel|Focus Sash
|-damage|p2b: Kilowattrel|1/100
|move|p1a: Ursaluna|Facade|p2b: Kilowattrel
|-crit|p2b: Kilowattrel
|-damage|p2b: Kilowattrel|0 fnt
|faint|p2b: Kilowattrel
|
|-status|p1a: Ursaluna|brn|[from] item: Flame Orb
|upkeep
|
|t:|1756745645
|switch|p2b: Garchomp|Garchomp, L50, F|100/100
|turn|2
|
|t:|1756745651
|-terastallize|p2b: Garchomp|Ground
|move|p2a: Indeedee|Follow Me|p2a: Indeedee
|-singleturn|p2a: Indeedee|move: Follow Me
|move|p2b: Garchomp|Earthquake|p1a: Ursaluna|[spread] p1a,p1b
|-immune|p2a: Indeedee
|-damage|p1a: Ursaluna|43/100 brn
|-damage|p1b: Porygon2|31/100
|-damage|p2b: Garchomp|91/100|[from] item: Life Orb
|move|p1a: Ursaluna|Facade|p2a: Indeedee
|-damage|p2a: Indeedee|0 fnt
|-enditem|p2a: Indeedee|Air Balloon
|faint|p2a: Indeedee
|move|p1b: Porygon2|Trick Room|p1b: Porygon2
|-fieldstart|move: Trick Room|[of] p1b: Porygon2
|
|-damage|p1a: Ursaluna|37/100 brn|[from] brn
|upkeep
|
|t:|1756745659
|switch|p2a: Sneasler|Sneasler, L50, M|100/100
|-enditem|p2a: Sneasler|Psychic Seed
|-boost|p2a: Sneasler|spd|1|[from] item: Psychic Seed
|turn|3
|
|t:|1756745670
|move|p1a: Ursaluna|Facade|p2a: Sneasler
|-damage|p2a: Sneasler|0 fnt
|faint|p2a: Sneasler
|move|p1b: Porygon2|Ice Beam|p2b: Garchomp
|-supereffective|p2b: Garchomp
|-crit|p2b: Garchomp
|-damage|p2b: Garchomp|0 fnt
|faint|p2b: Garchomp
|
|win|Olly457
|raw|Olly457's rating: 1072 → 1106(+34 for winning)
|raw|SixHeroes's rating: 1129 → 1100(-29 for losing)
|l|☆SixHeroes
|player|p2|
|c|☆Olly457|ggs
|j|☆SixHeroes
|player|p2|SixHeroes|2|
|l|☆SixHeroes
|player|p2|
