|j|☆syvliesdaddy
|j|☆chancepruett
|html|syvliesdaddychancepruett    
|uhtml|bestof|Game 2 of a best-of-3
|t:|1757754588
|gametype|doubles
|player|p1|syvliesdaddy|pokefan-gen4|1035
|player|p2|chancepruett|102|1154
|gen|9
|tier|[Gen 9] VGC 2025 Reg H (Bo3)
|rated|
|rule|Species Clause: Limit one of each Pokémon
|rule|Item Clause: Limit 1 of each item
|clearpoke
|poke|p1|Sneasler, L50, M|
|poke|p1|Indeedee, L50, M|
|poke|p1|Ursaluna-Bloodmoon, L50, M|
|poke|p1|Electabuzz, L50, F|
|poke|p1|Incineroar, L50, M|
|poke|p1|Talonflame, L50, M|
|poke|p2|Typhlosion-Hisui, L50, F|
|poke|p2|Talonflame, L50, F|
|poke|p2|Volcarona, L50, F|
|poke|p2|Sinistcha-Masterpiece, L50|
|poke|p2|Gastrodon, L50, M|
|poke|p2|Ursaluna-Bloodmoon, L50, M|
|teampreview|4
|showteam|p1|Sneasler||PsychicSeed|Unburden|CloseCombat,DireClaw,ThroatChop,Protect|||M|||50|,,,,,Dark]Indeedee||FocusSash|PsychicSurge|ExpandingForce,TrickRoom,HelpingHand,Protect|||M|||50|,,,,,Psychic]Ursaluna-Bloodmoon||LifeOrb|MindsEye|BloodMoon,HyperVoice,EarthPower,Protect|||M|||50|,,,,,Normal]Electabuzz||Eviolite|VitalSpirit|Electroweb,FollowMe,Taunt,Protect|||F|||50|,,,,,Dragon]Incineroar||SafetyGoggles|Intimidate|FlareBlitz,KnockOff,PartingShot,FakeOut|||M|||50|,,,,,Ghost]Talonflame||CovertCloak|GaleWings|FlareBlitz,DualWingbeat,WillOWisp,Tailwind|||M|||50|,,,,,Fairy
|showteam|p2|Typhlosion-Hisui||ChoiceSpecs|Frisk|Eruption,ShadowBall,Flamethrower,WillOWisp|||F|||50|,,,,,Fire]Talonflame||CovertCloak|GaleWings|Tailwind,BraveBird,FlareBlitz,SunnyDay|||F|||50|,,,,,Steel]Volcarona||SafetyGoggles|FlameBody|HeatWave,QuiverDance,FieryDance,GigaDrain|||F|||50|,,,,,Grass]Sinistcha-Masterpiece||Leftovers|Hospitality|MatchaGotcha,RagePowder,StrengthSap,LifeDew||||||50|,,,,,Fire]Gastrodon||SitrusBerry|StormDrain|EarthPower,IcyWind,Yawn,Protect|||M|||50|,,,,,Grass]Ursaluna-Bloodmoon||AssaultVest|MindsEye|HyperVoice,EarthPower,VacuumWave,BloodMoon|||M|||50|,,,,,Water
|inactive|Battle timer is ON: inactive players will automatically lose when time's up. (requested by syvliesdaddy)
|
|t:|1757754607
|teamsize|p1|4
|teamsize|p2|4
|start
|switch|p1a: Sneasler|Sneasler, L50, M|100/100
|switch|p1b: Indeedee|Indeedee, L50, M|100/100
|switch|p2a: Volcarona|Volcarona, L50, F|100/100
|switch|p2b: Typhlosion|Typhlosion-Hisui, L50, F|100/100
|-fieldstart|move: Psychic Terrain|[from] ability: Psychic Surge|[of] p1b: Indeedee
|-enditem|p1a: Sneasler|Psychic Seed
|-boost|p1a: Sneasler|spd|1|[from] item: Psychic Seed
|-item|p1b: Indeedee|Focus Sash|[from] ability: Frisk|[of] p2b: Typhlosion
|turn|1
|inactive|syvliesdaddy has 30 seconds left.
|inactive|chancepruett has 30 seconds left.
|inactive|syvliesdaddy has 20 seconds left.
|inactive|syvliesdaddy has 15 seconds left.
|inactive|syvliesdaddy has 10 seconds left.
|
|t:|1757754654
|switch|p2b: Ursaluna|Ursaluna-Bloodmoon, L50, M|100/100
|move|p1b: Indeedee|Protect|p1b: Indeedee
|-singleturn|p1b: Indeedee|Protect
|move|p1a: Sneasler|Close Combat|p2b: Ursaluna
|-supereffective|p2b: Ursaluna
|-damage|p2b: Ursaluna|19/100
|-unboost|p1a: Sneasler|def|1
|-unboost|p1a: Sneasler|spd|1
|move|p2a: Volcarona|Quiver Dance|p2a: Volcarona
|-boost|p2a: Volcarona|spa|1
|-boost|p2a: Volcarona|spd|1
|-boost|p2a: Volcarona|spe|1
|
|upkeep
|turn|2
|inactive|syvliesdaddy has 30 seconds left.
|inactive|syvliesdaddy has 20 seconds left.
|
|t:|1757754692
|switch|p2b: Typhlosion|Typhlosion-Hisui, L50, F|100/100
|-item|p1b: Indeedee|Focus Sash|[from] ability: Frisk|[of] p2b: Typhlosion
|move|p1a: Sneasler|Throat Chop|p2b: Typhlosion
|-supereffective|p2b: Typhlosion
|-damage|p2b: Typhlosion|7/100
|-start|p2b: Typhlosion|Throat Chop|[silent]
|move|p2a: Volcarona|Heat Wave|p1b: Indeedee|[spread] p1b
|-miss|p2a: Volcarona|p1a: Sneasler
|-damage|p1b: Indeedee|25/100
|move|p1b: Indeedee|Expanding Force|p2a: Volcarona|[spread] p2a,p2b
|-damage|p2a: Volcarona|67/100
|-damage|p2b: Typhlosion|0 fnt
|faint|p2b: Typhlosion
|
|upkeep
|
|t:|1757754707
|switch|p2b: Sinistcha|Sinistcha-Masterpiece, L50|100/100
|-heal|p2a: Volcarona|92/100|[from] ability: Hospitality|[of] p2b: Sinistcha
|turn|3
|
|t:|1757754721
|-terastallize|p2b: Sinistcha|Fire
|move|p1b: Indeedee|Protect|p1b: Indeedee
|-singleturn|p1b: Indeedee|Protect
|move|p1a: Sneasler|Dire Claw|p2a: Volcarona
|-damage|p2a: Volcarona|32/100
|-status|p2a: Volcarona|par
|move|p2a: Volcarona|Heat Wave|p1a: Sneasler|[spread] p1a
|-activate|p1b: Indeedee|move: Protect
|-damage|p1a: Sneasler|28/100
|move|p2b: Sinistcha|Strength Sap|p1a: Sneasler
|-unboost|p1a: Sneasler|atk|1
|
|upkeep
|turn|4
|
|t:|1757754742
|move|p2b: Sinistcha|Rage Powder|p2b: Sinistcha
|-singleturn|p2b: Sinistcha|move: Rage Powder
|move|p1a: Sneasler|Dire Claw|p2b: Sinistcha
|-damage|p2b: Sinistcha|79/100
|move|p1b: Indeedee|Expanding Force|p2a: Volcarona|[spread] p2a,p2b
|-damage|p2a: Volcarona|0 fnt
|-damage|p2b: Sinistcha|9/100
|faint|p2a: Volcarona
|
|-heal|p2b: Sinistcha|16/100|[from] item: Leftovers
|upkeep
|-message|chancepruett forfeited.
|
|win|syvliesdaddy
|raw|syvliesdaddy's rating: 1035 → 1081(+46 for winning)
|raw|chancepruett's rating: 1154 → 1121(-33 for losing)
