|j|☆Zero_BlazeVGC
|j|☆laufey#1fan
|html|Zero_BlazeVGClaufey#1fan    
|uhtml|bestof|Game 1 of a best-of-3
|t:|1756702098
|gametype|doubles
|player|p1|Zero_BlazeVGC|flint|1184
|player|p2|laufey#1fan|lady|1299
|gen|9
|tier|[Gen 9] VGC 2025 Reg H (Bo3)
|rated|
|rule|Species Clause: Limit one of each Pokémon
|rule|Item Clause: Limit 1 of each item
|clearpoke
|poke|p1|Gholdengo, L50|
|poke|p1|Pelipper, L50, M|
|poke|p1|Basculegion, L50, M|
|poke|p1|Amoonguss, L50, F|
|poke|p1|Archaludon, L50, M|
|poke|p1|Incineroar, L50, M|
|poke|p2|Kingambit, L50, M|
|poke|p2|Rillaboom, L50, M|
|poke|p2|Electabuzz, L50, M|
|poke|p2|Sneasler, L50, F|
|poke|p2|Dragonite, L50, M|
|poke|p2|Ninetales-Alola, L50, F|
|teampreview|4
|showteam|p1|Gholdengo||LifeOrb|GoodasGold|Protect,NastyPlot,MakeItRain,ShadowBall||||||50|,,,,,Water]Pelipper||FocusSash|Drizzle|Protect,Tailwind,WeatherBall,Hurricane|||M|||50|,,,,,Stellar]Basculegion||ChoiceBand|SwiftSwim|AquaJet,WaveCrash,FlipTurn,LastRespects|||M|||50|,,,,,Fairy]Amoonguss||SitrusBerry|Regenerator|PollenPuff,Spore,RagePowder,Protect|||F|||50|,,,,,Fairy]Archaludon||AssaultVest|Stamina|ElectroShot,Snarl,FlashCannon,BodyPress|||M|||50|,,,,,Bug]Incineroar||SafetyGoggles|Intimidate|FakeOut,KnockOff,PartingShot,Taunt|||M|||50|,,,,,Ghost
|showteam|p2|Kingambit||BlackGlasses|Defiant|Protect,KowtowCleave,SuckerPunch,SwordsDance|||M|||50|,,,,,Dark]Rillaboom||AssaultVest|GrassySurge|WoodHammer,GrassyGlide,HighHorsepower,FakeOut|||M|||50|,,,,,Fire]Electabuzz||Eviolite|VitalSpirit|Protect,Thunderbolt,HelpingHand,FollowMe|||M|||50|,,,,,Ghost]Sneasler||FocusSash|Unburden|CloseCombat,DireClaw,Coaching,FakeOut|||F|||50|,,,,,Stellar]Dragonite||LoadedDice|Multiscale|ScaleShot,Haze,ExtremeSpeed,Protect|||M|||50|,,,,,Fairy]Ninetales-Alola||LifeOrb|SnowWarning|Blizzard,Encore,FreezeDry,Protect|||F|||50|,,,,,Ice
|inactive|Battle timer is ON: inactive players will automatically lose when time's up. (requested by Zero_BlazeVGC)
|
|t:|1756702184
|teamsize|p1|4
|teamsize|p2|4
|start
|switch|p1a: Omega|Gholdengo, L50|100/100
|switch|p1b: Benadryl|Amoonguss, L50, F|100/100
|switch|p2a: Sabotage|Sneasler, L50, F|100/100
|switch|p2b: JOYBOY|Dragonite, L50, M|100/100
|turn|1
|inactive|Zero_BlazeVGC has 30 seconds left.
|inactive|Zero_BlazeVGC has 20 seconds left.
|inactive|Zero_BlazeVGC has 15 seconds left.
|
|t:|1756702226
|move|p2a: Sabotage|Dire Claw|p1b: Benadryl
|-damage|p1b: Benadryl|61/100
|move|p1a: Omega|Nasty Plot|p1a: Omega
|-boost|p1a: Omega|spa|2
|move|p2b: JOYBOY|Scale Shot|p1b: Benadryl
|-damage|p1b: Benadryl|47/100
|-enditem|p1b: Benadryl|Sitrus Berry|[eat]
|-heal|p1b: Benadryl|72/100|[from] item: Sitrus Berry
|-damage|p1b: Benadryl|59/100
|-damage|p1b: Benadryl|46/100
|-damage|p1b: Benadryl|32/100
|-hitcount|p1b: Benadryl|4
|-unboost|p2b: JOYBOY|def|1
|-boost|p2b: JOYBOY|spe|1
|move|p1b: Benadryl|Spore|p2b: JOYBOY
|-status|p2b: JOYBOY|slp|[from] move: Spore
|
|upkeep
|turn|2
|inactive|Zero_BlazeVGC has 30 seconds left.
|inactive|laufey#1fan has 30 seconds left.
|inactive|Zero_BlazeVGC has 20 seconds left.
|inactive|laufey#1fan has 20 seconds left.
|inactive|Zero_BlazeVGC has 15 seconds left.
|inactive|Zero_BlazeVGC has 10 seconds left.
|inactive|Zero_BlazeVGC has 5 seconds left.
|inactive|laufey#1fan has 15 seconds left.
|
|t:|1756702277
|cant|p2b: JOYBOY|slp
|move|p1b: Benadryl|Protect|p1b: Benadryl
|-singleturn|p1b: Benadryl|Protect
|move|p2a: Sabotage|Dire Claw|p1b: Benadryl
|-activate|p1b: Benadryl|move: Protect
|move|p1a: Omega|Make It Rain|p2a: Sabotage|[spread] p2a,p2b
|-enditem|p2a: Sabotage|Focus Sash
|-damage|p2a: Sabotage|1/100
|-damage|p2b: JOYBOY|34/100 slp
|-unboost|p1a: Omega|spa|1
|-damage|p1a: Omega|91/100|[from] item: Life Orb
|
|upkeep
|turn|3
|
|t:|1756702296
|switch|p1b: Metalman|Archaludon, L50, M|100/100
|-curestatus|p2b: JOYBOY|slp|[msg]
|move|p2b: JOYBOY|Protect|p2b: JOYBOY
|-singleturn|p2b: JOYBOY|Protect
|move|p2a: Sabotage|Dire Claw|p1b: Metalman
|-immune|p1b: Metalman
|move|p1a: Omega|Make It Rain|p2b: JOYBOY|[spread] p2a
|-activate|p2b: JOYBOY|move: Protect
|-damage|p2a: Sabotage|0 fnt
|-unboost|p1a: Omega|spa|1
|faint|p2a: Sabotage
|-damage|p1a: Omega|81/100|[from] item: Life Orb
|
|upkeep
|inactive|laufey#1fan has 30 seconds left.
|inactive|laufey#1fan has 20 seconds left.
|inactive|laufey#1fan has 15 seconds left.
|
|t:|1756702340
|switch|p2a: Kingambit|Kingambit, L50, M, shiny|100/100
|turn|4
|inactive|Zero_BlazeVGC has 30 seconds left.
|inactive|Zero_BlazeVGC has 20 seconds left.
|inactive|Zero_BlazeVGC has 15 seconds left.
|inactive|Zero_BlazeVGC has 10 seconds left.
|
|t:|1756702390
|-terastallize|p1a: Omega|Water
|-terastallize|p2a: Kingambit|Dark
|move|p2b: JOYBOY|Scale Shot|p1a: Omega
|-damage|p1a: Omega|64/100
|-damage|p1a: Omega|48/100
|-damage|p1a: Omega|31/100
|-damage|p1a: Omega|14/100
|-damage|p1a: Omega|0 fnt
|faint|p1a: Omega
|-hitcount|p1: Omega|5
|-unboost|p2b: JOYBOY|def|1
|-boost|p2b: JOYBOY|spe|1
|move|p1b: Metalman|Body Press|p2a: Kingambit
|-supereffective|p2a: Kingambit
|-damage|p2a: Kingambit|65/100
|move|p2a: Kingambit|Kowtow Cleave|p1b: Metalman
|-damage|p1b: Metalman|43/100
|-ability|p1b: Metalman|Stamina|boost
|-boost|p1b: Metalman|def|1
|
|upkeep
|
|t:|1756702413
|switch|p1a: Benadryl|Amoonguss, L50, F|65/100
|turn|5
|inactive|Zero_BlazeVGC has 30 seconds left.
|
|t:|1756702447
|move|p1a: Benadryl|Rage Powder|p1a: Benadryl
|-singleturn|p1a: Benadryl|move: Rage Powder
|move|p2b: JOYBOY|Haze|p2b: JOYBOY
|-clearallboost
|move|p1b: Metalman|Body Press|p2a: Kingambit
|-supereffective|p2a: Kingambit
|-damage|p2a: Kingambit|32/100
|move|p2a: Kingambit|Kowtow Cleave|p1a: Benadryl
|-damage|p1a: Benadryl|0 fnt
|faint|p1a: Benadryl
|
|upkeep
|
|t:|1756702455
|switch|p1a: Berry Delite|Pelipper, L50, M|100/100
|-weather|RainDance|[from] ability: Drizzle|[of] p1a: Berry Delite
|turn|6
|inactive|Zero_BlazeVGC has 30 seconds left.
|inactive|laufey#1fan has 30 seconds left.
|inactive|laufey#1fan has 20 seconds left.
|
|t:|1756702494
|move|p1a: Berry Delite|Protect|p1a: Berry Delite
|-singleturn|p1a: Berry Delite|Protect
|move|p2a: Kingambit|Sucker Punch|p1b: Metalman
|-damage|p1b: Metalman|0 fnt
|faint|p1b: Metalman
|move|p2b: JOYBOY|Scale Shot|p1a: Berry Delite
|-activate|p1a: Berry Delite|move: Protect
|
|-weather|RainDance|[upkeep]
|upkeep
|turn|7
|
|t:|1756702516
|move|p2a: Kingambit|Sucker Punch|p1a: Berry Delite
|-damage|p1a: Berry Delite|25/100
|move|p2b: JOYBOY|Scale Shot|p1a: Berry Delite
|-damage|p1a: Berry Delite|4/100
|-damage|p1a: Berry Delite|0 fnt
|faint|p1a: Berry Delite
|-hitcount|p1: Berry Delite|2
|
|win|laufey#1fan
|inactive|Zero_BlazeVGC has 30 seconds to confirm battle start!
|inactive|laufey#1fan has 30 seconds to confirm battle start!
|inactive|Zero_BlazeVGC has 20 seconds to confirm battle start!
|inactive|laufey#1fan has 20 seconds to confirm battle start!
|inactive|Zero_BlazeVGC has 10 seconds to confirm battle start!
|inactive|laufey#1fan has 10 seconds to confirm battle start!
||laufey#1fan is ready for game 2.
|uhtml|next|Next: Game 2 of 3
