|j|☆testingdeez
|j|☆the country mouse
|html|testingdeezthe country mouse    
|uhtml|bestof|Game 3 of a best-of-3
|t:|1784233830
|gametype|doubles
|player|p1|testingdeez|170|1270
|player|p2|the country mouse|tate|1276
|gen|9
|tier|[Gen 9 Champions] VGC 2026 Reg M-B (Bo3)
|rated|
|rule|Species Clause: Limit one of each Pokémon
|rule|Item Clause: Limit 1 of each item
|clearpoke
|poke|p1|Archaludon, L50, F|
|poke|p1|Pelipper, L50, F|
|poke|p1|Grimmsnarl, L50, M|
|poke|p1|Venusaur, L50, F|
|poke|p1|Swampert, L50, M|
|poke|p1|Basculegion, L50, M|
|poke|p2|Gengar, L50, F, shiny|
|poke|p2|Swampert, L50, F, shiny|
|poke|p2|Incineroar, L50, F|
|poke|p2|Politoed, L50, M|
|poke|p2|Archaludon, L50, F|
|poke|p2|Vivillon, L50, M|
|teampreview|4
|showteam|p1|Archaludon||Leftovers|Stamina|FlashCannon,ElectroShot,DragonPulse,Protect|Modest||F|||50|]Pelipper||SitrusBerry|Drizzle|WeatherBall,Hurricane,Tailwind,WideGuard|Bold||F|||50|]Grimmsnarl||LightClay|Prankster|FoulPlay,PartingShot,Reflect,LightScreen|Careful||M|||50|]Venusaur||Venusaurite|Overgrow|GigaDrain,SludgeBomb,EarthPower,Protect|Modest||F|||50|]Swampert||Swampertite|Torrent|WaveCrash,Earthquake,IcePunch,Protect|Adamant||M|||50|]Basculegion||ChoiceScarf|Adaptability|WaveCrash,LastRespects,AquaJet,FlipTurn|Serious||M|||50|
|showteam|p2|Gengar||Gengarite|CursedBody|SludgeBomb,ShadowBall,PerishSong,Protect|Timid||F|||50|]Swampert||Swampertite|Damp|WaveCrash,Earthquake,IcePunch,Protect|Adamant||F|||50|]Incineroar||PasshoBerry|Intimidate|ThroatChop,PartingShot,FakeOut,Protect|Sassy||F|||50|]Politoed||SitrusBerry|Drizzle|WeatherBall,PerishSong,Encore,Protect|Calm||M|||50|]Archaludon||Leftovers|Stamina|DragonPulse,FlashCannon,ElectroShot,Protect|Bold||F|||50|]Vivillon||FocusSash|CompoundEyes|Hurricane,SleepPowder,RagePowder,Protect|Timid||M|||50|
|inactive|Battle timer is ON: inactive players will automatically lose when time's up. (requested by the country mouse)
|
|t:|1784233861
|teamsize|p1|4
|teamsize|p2|4
|start
|switch|p1a: Grimmsnarl|Grimmsnarl, L50, M|100/100
|switch|p1b: Venusaur|Venusaur, L50, F|100/100
|switch|p2a: SUPERESTRELLA|Swampert, L50, F, shiny|100/100
|switch|p2b: MARIPOSAS|Vivillon, L50, M|100/100
|turn|1
|
|t:|1784233875
|detailschange|p2a: SUPERESTRELLA|Swampert-Mega, L50, F, shiny
|-mega|p2a: SUPERESTRELLA|Swampert|Swampertite
|detailschange|p1b: Venusaur|Venusaur-Mega, L50, F
|-mega|p1b: Venusaur|Venusaur|Venusaurite
|move|p2a: SUPERESTRELLA|Protect|p2a: SUPERESTRELLA
|-singleturn|p2a: SUPERESTRELLA|Protect
|move|p1a: Grimmsnarl|Light Screen|p1a: Grimmsnarl
|-sidestart|p1: testingdeez|move: Light Screen
|move|p2b: MARIPOSAS|Sleep Powder|p1a: Grimmsnarl
|-status|p1a: Grimmsnarl|slp|[from] move: Sleep Powder
|move|p1b: Venusaur|Sludge Bomb|p2b: MARIPOSAS
|-damage|p2b: MARIPOSAS|14/100
|
|upkeep
|turn|2
|
|t:|1784233889
|cant|p1a: Grimmsnarl|slp
|move|p2b: MARIPOSAS|Hurricane|p1b: Venusaur
|-supereffective|p1b: Venusaur|1
|-damage|p1b: Venusaur|59/100
|move|p2a: SUPERESTRELLA|Earthquake|p1a: Grimmsnarl|[spread] p1a,p1b
|-immune|p2b: MARIPOSAS
|-damage|p1a: Grimmsnarl|48/100 slp
|-damage|p1b: Venusaur|19/100
|move|p1b: Venusaur|Giga Drain|p2a: SUPERESTRELLA
|-supereffective|p2a: SUPERESTRELLA|2
|-damage|p2a: SUPERESTRELLA|0 fnt
|-heal|p1b: Venusaur|68/100|[from] drain|[of] p2a: SUPERESTRELLA
|faint|p2a: SUPERESTRELLA
|
|upkeep
|-message|the country mouse forfeited.
|
|win|testingdeez
|raw|testingdeez's rating: 1270 → 1295(+25 for winning)
|raw|the country mouse's rating: 1276 → 1251(-25 for losing)
|l|☆the country mouse
|player|p2|
