|j|☆Bruneauxx
|j|☆redx50
|html|Bruneauxxredx50    
|uhtml|bestof|Game 2 of a best-of-3
|t:|1757814805
|gametype|doubles
|player|p1|Bruneauxx|fisherman-gen4|1171
|player|p2|redx50|red|1248
|gen|9
|tier|[Gen 9] VGC 2025 Reg H (Bo3)
|rated|
|rule|Species Clause: Limit one of each Pokémon
|rule|Item Clause: Limit 1 of each item
|clearpoke
|poke|p1|Braviary-Hisui, L50, M|
|poke|p1|Sneasler, L50, M|
|poke|p1|Indeedee-F, L50, F|
|poke|p1|Pelipper, L50, M|
|poke|p1|Archaludon, L50, M|
|poke|p1|Kingambit, L50, F|
|poke|p2|Charizard, L50, F|
|poke|p2|Torkoal, L50, M|
|poke|p2|Incineroar, L50, M|
|poke|p2|Jumpluff, L50, F|
|poke|p2|Ursaluna, L50, M|
|poke|p2|Farigiraf, L50, M|
|teampreview|4
|showteam|p1|Braviary-Hisui||TwistedSpoon|TintedLens|ExpandingForce,AirSlash,EsperWing,Protect|||M|||50|,,,,,Psychic]Sneasler||PsychicSeed|Unburden|DireClaw,CloseCombat,ThroatChop,Protect|||M|||50|,,,,,Dark]Indeedee-F||SafetyGoggles|PsychicSurge|DazzlingGleam,FollowMe,TrickRoom,HelpingHand|||F|||50|,,,,,Fairy]Pelipper||FocusSash|Drizzle|Hurricane,WeatherBall,Tailwind,Protect|||M|||50|,,,,,Stellar]Archaludon||AssaultVest|Stamina|ElectroShot,FlashCannon,DragonPulse,BodyPress|||M|||50|,,,,,Grass]Kingambit||BlackGlasses|Defiant|KowtowCleave,LowKick,SuckerPunch,Protect|||F|||50|,,,,,Dark
|showteam|p2|Charizard||ChoiceSpecs|SolarPower|HeatWave,Overheat,WeatherBall,AirSlash|||F|||50|,,,,,Ghost]Torkoal||EjectPack|Drought|Eruption,Overheat,HelpingHand,Protect|||M|||50|,,,,,Fire]Incineroar||SafetyGoggles|Intimidate|FlareBlitz,KnockOff,FakeOut,PartingShot|||M|||50|,,,,,Ghost]Jumpluff||CovertCloak|Chlorophyll|SleepPowder,SunnyDay,RagePowder,Tailwind|||F|||50|,,,,,Water]Ursaluna||FlameOrb|Guts|Facade,Protect,HeadlongRush,Earthquake|||M|||50|,,,,,Ghost]Farigiraf||ThroatSpray|ArmorTail|TrickRoom,HyperVoice,TwinBeam,Protect|||M|||50|,,,,,Fairy
|inactive|Battle timer is ON: inactive players will automatically lose when time's up. (requested by redx50)
|
|t:|1757814822
|teamsize|p1|4
|teamsize|p2|4
|start
|switch|p1a: Braviary|Braviary-Hisui, L50, M|100/100
|switch|p1b: Indeedee|Indeedee-F, L50, F|100/100
|switch|p2a: Charizard|Charizard, L50, F|100/100
|switch|p2b: Jumpluff|Jumpluff, L50, F|100/100
|-fieldstart|move: Psychic Terrain|[from] ability: Psychic Surge|[of] p1b: Indeedee
|turn|1
|
|t:|1757814846
|move|p1a: Braviary|Protect|p1a: Braviary
|-singleturn|p1a: Braviary|Protect
|move|p2b: Jumpluff|Sunny Day|p2b: Jumpluff
|-weather|SunnyDay
|move|p2a: Charizard|Heat Wave|p1a: Braviary|[spread] p1b
|-activate|p1a: Braviary|move: Protect
|-damage|p1b: Indeedee|8/100
|move|p1b: Indeedee|Trick Room|p1b: Indeedee
|-fieldstart|move: Trick Room|[of] p1b: Indeedee
|
|-weather|SunnyDay|[upkeep]
|-damage|p2a: Charizard|88/100|[from] ability: Solar Power|[of] p2a: Charizard
|upkeep
|turn|2
|
|t:|1757814864
|switch|p2b: Farigiraf|Farigiraf, L50, M|100/100
|-terastallize|p1a: Braviary|Psychic
|move|p1a: Braviary|Expanding Force|p2a: Charizard|[spread] p2a,p2b
|-crit|p2a: Charizard
|-resisted|p2b: Farigiraf
|-damage|p2a: Charizard|0 fnt
|-damage|p2b: Farigiraf|2/100
|faint|p2a: Charizard
|move|p1b: Indeedee|Trick Room|p1b: Indeedee
|-fieldend|move: Trick Room
|
|-weather|SunnyDay|[upkeep]
|upkeep
|
|t:|1757814867
|switch|p2a: Ursaluna|Ursaluna, L50, M|100/100
|turn|3
|
|t:|1757814884
|move|p1b: Indeedee|Helping Hand|p1a: Braviary
|-singleturn|p1a: Braviary|Helping Hand|[of] p1b: Indeedee
|move|p2b: Farigiraf|Protect|p2b: Farigiraf
|-singleturn|p2b: Farigiraf|Protect
|move|p1a: Braviary|Expanding Force|p2a: Ursaluna|[spread] p2a
|-activate|p2b: Farigiraf|move: Protect
|-damage|p2a: Ursaluna|0 fnt
|faint|p2a: Ursaluna
|
|-weather|SunnyDay|[upkeep]
|upkeep
|-message|redx50 forfeited.
|
|win|Bruneauxx
||redx50 is ready for game 3.
||Bruneauxx is ready for game 3.
|uhtml|next|Next: Game 3 of 3
|l|☆redx50
|player|p2|
|l|☆Bruneauxx
|player|p1|
