|j|☆wildbeans
|j|☆mysteriousmothman
|html|wildbeansmysteriousmothman    
|uhtml|bestof|Game 1 of a best-of-3
|t:|1756840247
|gametype|doubles
|player|p1|wildbeans|biker-gen4|1410
|player|p2|mysteriousmothman|skier|1330
|gen|9
|tier|[Gen 9] VGC 2025 Reg H (Bo3)
|rated|
|rule|Species Clause: Limit one of each Pokémon
|rule|Item Clause: Limit 1 of each item
|clearpoke
|poke|p1|Archaludon, L50, M|
|poke|p1|Rillaboom, L50, F|
|poke|p1|Basculegion, L50, M|
|poke|p1|Kingambit, L50, M|
|poke|p1|Pelipper, L50, F|
|poke|p1|Electabuzz, L50, F|
|poke|p2|Porygon2, L50|
|poke|p2|Hydreigon, L50, F|
|poke|p2|Incineroar, L50, M|
|poke|p2|Ursaluna, L50, M|
|poke|p2|Amoonguss, L50, M|
|poke|p2|Gholdengo, L50|
|teampreview|4
|showteam|p1|Archaludon||AssaultVest|Stamina|ElectroShot,DracoMeteor,FlashCannon,BodyPress|||M|||50|,,,,,Bug]Rillaboom||LoadedDice|GrassySurge|BulletSeed,GrassyGlide,FakeOut,HighHorsepower|||F|||50|,,,,,Fire]Basculegion||ChoiceBand|SwiftSwim|WaveCrash,LastRespects,FlipTurn,AquaJet|||M|||50|,,,,,Grass]Kingambit||BlackGlasses|Defiant|KowtowCleave,SuckerPunch,SwordsDance,Protect|||M|||50|,,,,,Dark]Pelipper||FocusSash|Drizzle|WeatherBall,Hurricane,Tailwind,Protect|||F|||50|,,,,,Ghost]Electabuzz||Eviolite|VitalSpirit|Electroweb,Taunt,FollowMe,Protect|||F|||50|,,,,,Ghost
|showteam|p2|Porygon2||Eviolite|Download|TeraBlast,IceBeam,TrickRoom,Recover||||||50|,,,,,Fighting]Hydreigon||CovertCloak|Levitate|Snarl,DracoMeteor,Tailwind,Taunt|||F|||50|,,,,,Poison]Incineroar||SitrusBerry|Intimidate|FlareBlitz,KnockOff,PartingShot,FakeOut|||M|||50|,,,,,Grass]Ursaluna||FlameOrb|Guts|Facade,HeadlongRush,Earthquake,Protect|||M|||50|,,,,,Ghost]Amoonguss||RockyHelmet|Regenerator|PollenPuff,Spore,RagePowder,Protect|||M|||50|,,,,,Fire]Gholdengo||MetalCoat|GoodasGold|MakeItRain,ShadowBall,NastyPlot,Protect||||||50|,,,,,Flying
|c|☆wildbeans|glhf
|c|☆mysteriousmothman|thx u too
|
|t:|1756840300
|teamsize|p1|4
|teamsize|p2|4
|start
|switch|p1a: Rillaboom|Rillaboom, L50, F|100/100
|switch|p1b: Archaludon|Archaludon, L50, M|100/100
|switch|p2a: Hydreigon|Hydreigon, L50, F, shiny|100/100
|switch|p2b: Porygon2|Porygon2, L50, shiny|100/100
|-fieldstart|move: Grassy Terrain|[from] ability: Grassy Surge|[of] p1a: Rillaboom
|-ability|p2b: Porygon2|Download|boost
|-boost|p2b: Porygon2|spa|1
|turn|1
|
|t:|1756840349
|switch|p2a: Amoonguss|Amoonguss, L50, M, shiny|100/100
|-terastallize|p1b: Archaludon|Bug
|move|p1a: Rillaboom|Bullet Seed|p1b: Archaludon
|-resisted|p1b: Archaludon
|-damage|p1b: Archaludon|95/100
|-ability|p1b: Archaludon|Stamina|boost
|-boost|p1b: Archaludon|def|1
|-resisted|p1b: Archaludon
|-damage|p1b: Archaludon|92/100
|-ability|p1b: Archaludon|Stamina|boost
|-boost|p1b: Archaludon|def|1
|-resisted|p1b: Archaludon
|-damage|p1b: Archaludon|89/100
|-ability|p1b: Archaludon|Stamina|boost
|-boost|p1b: Archaludon|def|1
|-resisted|p1b: Archaludon
|-damage|p1b: Archaludon|86/100
|-ability|p1b: Archaludon|Stamina|boost
|-boost|p1b: Archaludon|def|1
|-resisted|p1b: Archaludon
|-damage|p1b: Archaludon|84/100
|-ability|p1b: Archaludon|Stamina|boost
|-boost|p1b: Archaludon|def|1
|-hitcount|p1b: Archaludon|5
|move|p1b: Archaludon|Body Press|p2a: Amoonguss
|-resisted|p2a: Amoonguss
|-damage|p2a: Amoonguss|59/100
|-damage|p1b: Archaludon|67/100|[from] item: Rocky Helmet|[of] p2a: Amoonguss
|move|p2b: Porygon2|Trick Room|p2b: Porygon2
|-fieldstart|move: Trick Room|[of] p2b: Porygon2
|
|-heal|p2a: Amoonguss|65/100|[from] Grassy Terrain
|-heal|p1b: Archaludon|74/100|[from] Grassy Terrain
|upkeep
|turn|2
|
|t:|1756840403
|switch|p1a: Basculegion|Basculegion, L50, M|100/100
|move|p2a: Amoonguss|Spore|p1b: Archaludon
|-status|p1b: Archaludon|slp|[from] move: Spore
|move|p2b: Porygon2|Ice Beam|p1b: Archaludon
|-damage|p1b: Archaludon|44/100 slp
|-ability|p1b: Archaludon|Stamina|boost
|-boost|p1b: Archaludon|def|1
|cant|p1b: Archaludon|slp
|
|-heal|p2a: Amoonguss|71/100|[from] Grassy Terrain
|-heal|p1b: Archaludon|50/100 slp|[from] Grassy Terrain
|upkeep
|turn|3
|
|t:|1756840418
|switch|p1a: Rillaboom|Rillaboom, L50, F|100/100
|move|p2a: Amoonguss|Spore|p1a: Rillaboom
|-immune|p1a: Rillaboom
|move|p2b: Porygon2|Ice Beam|p1b: Archaludon
|-damage|p1b: Archaludon|17/100 slp
|cant|p1b: Archaludon|slp
|
|-heal|p2a: Amoonguss|77/100|[from] Grassy Terrain
|-heal|p1b: Archaludon|23/100 slp|[from] Grassy Terrain
|upkeep
|turn|4
|
|t:|1756840442
|switch|p2b: Gholdengo|Gholdengo, L50, shiny|100/100
|move|p2a: Amoonguss|Protect|p2a: Amoonguss
|-singleturn|p2a: Amoonguss|Protect
|move|p1a: Rillaboom|Fake Out|p2b: Gholdengo
|-immune|p2b: Gholdengo
|-curestatus|p1b: Archaludon|slp|[msg]
|move|p1b: Archaludon|Body Press|p2b: Gholdengo
|-immune|p2b: Gholdengo
|
|-heal|p2a: Amoonguss|83/100|[from] Grassy Terrain
|-heal|p1b: Archaludon|30/100|[from] Grassy Terrain
|upkeep
|turn|5
|
|t:|1756840501
|move|p2a: Amoonguss|Spore|p1b: Archaludon
|-status|p1b: Archaludon|slp|[from] move: Spore
|move|p2b: Gholdengo|Nasty Plot|p2b: Gholdengo
|-boost|p2b: Gholdengo|spa|2
|cant|p1b: Archaludon|slp
|move|p1a: Rillaboom|High Horsepower|p2b: Gholdengo
|-supereffective|p2b: Gholdengo
|-damage|p2b: Gholdengo|41/100
|
|-heal|p2a: Amoonguss|89/100|[from] Grassy Terrain
|-heal|p2b: Gholdengo|47/100|[from] Grassy Terrain
|-heal|p1b: Archaludon|36/100 slp|[from] Grassy Terrain
|-fieldend|move: Trick Room
|-fieldend|move: Grassy Terrain
|upkeep
|turn|6
|
|t:|1756840536
|move|p1a: Rillaboom|High Horsepower|p2b: Gholdengo
|-supereffective|p2b: Gholdengo
|-damage|p2b: Gholdengo|0 fnt
|faint|p2b: Gholdengo
|cant|p1b: Archaludon|slp
|move|p2a: Amoonguss|Pollen Puff|p2: Gholdengo|[notarget]
|-fail|p2a: Amoonguss
|
|upkeep
|
|t:|1756840551
|switch|p2b: Porygon2|Porygon2, L50, shiny|100/100
|-ability|p2b: Porygon2|Download|boost
|-boost|p2b: Porygon2|spa|1
|turn|7
|
|t:|1756840564
|move|p2a: Amoonguss|Rage Powder|p2a: Amoonguss
|-singleturn|p2a: Amoonguss|move: Rage Powder
|move|p1a: Rillaboom|Bullet Seed|p2b: Porygon2
|-damage|p2b: Porygon2|91/100
|-damage|p2b: Porygon2|82/100
|-crit|p2b: Porygon2
|-damage|p2b: Porygon2|69/100
|-damage|p2b: Porygon2|60/100
|-hitcount|p2b: Porygon2|4
|cant|p1b: Archaludon|slp
|move|p2b: Porygon2|Trick Room|p2b: Porygon2
|-fieldstart|move: Trick Room|[of] p2b: Porygon2
|
|upkeep
|turn|8
|
|t:|1756840597
|switch|p1a: Basculegion|Basculegion, L50, M|100/100
|move|p2a: Amoonguss|Pollen Puff|p1b: Archaludon
|-damage|p1b: Archaludon|23/100 slp
|move|p2b: Porygon2|Ice Beam|p1b: Archaludon
|-damage|p1b: Archaludon|0 fnt
|faint|p1b: Archaludon
|
|upkeep
|
|t:|1756840625
|switch|p1b: Rillaboom|Rillaboom, L50, F|100/100
|-fieldstart|move: Grassy Terrain|[from] ability: Grassy Surge|[of] p1b: Rillaboom
|turn|9
|
|t:|1756840638
|switch|p2b: Hydreigon|Hydreigon, L50, F, shiny|100/100
|move|p2a: Amoonguss|Protect|p2a: Amoonguss
|-singleturn|p2a: Amoonguss|Protect
|move|p1b: Rillaboom|Fake Out|p2a: Amoonguss
|-activate|p2a: Amoonguss|move: Protect
|move|p1a: Basculegion|Wave Crash|p2b: Hydreigon
|-resisted|p2b: Hydreigon
|-damage|p2b: Hydreigon|48/100
|-damage|p1a: Basculegion|85/100|[from] Recoil
|
|-heal|p2a: Amoonguss|95/100|[from] Grassy Terrain
|-heal|p1a: Basculegion|91/100|[from] Grassy Terrain
|upkeep
|turn|10
|
|t:|1756840670
|move|p2a: Amoonguss|Spore|p1a: Basculegion
|-status|p1a: Basculegion|slp|[from] move: Spore
|move|p1b: Rillaboom|Bullet Seed|p2b: Hydreigon
|-resisted|p2b: Hydreigon
|-damage|p2b: Hydreigon|38/100
|-resisted|p2b: Hydreigon
|-damage|p2b: Hydreigon|28/100
|-resisted|p2b: Hydreigon
|-damage|p2b: Hydreigon|18/100
|-resisted|p2b: Hydreigon
|-damage|p2b: Hydreigon|8/100
|-hitcount|p2b: Hydreigon|4
|cant|p1a: Basculegion|slp
|move|p2b: Hydreigon|Snarl|p1b: Rillaboom|[spread] p1a,p1b
|-supereffective|p1a: Basculegion
|-damage|p1a: Basculegion|42/100 slp
|-damage|p1b: Rillaboom|77/100
|-unboost|p1a: Basculegion|spa|1
|-unboost|p1b: Rillaboom|spa|1
|
|-heal|p2a: Amoonguss|100/100|[from] Grassy Terrain
|-heal|p1b: Rillaboom|83/100|[from] Grassy Terrain
|-heal|p1a: Basculegion|48/100 slp|[from] Grassy Terrain
|upkeep
|turn|11
|
|t:|1756840705
|move|p2a: Amoonguss|Pollen Puff|p2b: Hydreigon
|-heal|p2b: Hydreigon|58/100
|move|p1b: Rillaboom|Bullet Seed|p2b: Hydreigon
|-resisted|p2b: Hydreigon
|-damage|p2b: Hydreigon|47/100
|-resisted|p2b: Hydreigon
|-damage|p2b: Hydreigon|37/100
|-resisted|p2b: Hydreigon
|-damage|p2b: Hydreigon|28/100
|-resisted|p2b: Hydreigon
|-damage|p2b: Hydreigon|17/100
|-resisted|p2b: Hydreigon
|-damage|p2b: Hydreigon|8/100
|-hitcount|p2b: Hydreigon|5
|-curestatus|p1a: Basculegion|slp|[msg]
|move|p1a: Basculegion|Wave Crash|p2b: Hydreigon
|-resisted|p2b: Hydreigon
|-damage|p2b: Hydreigon|0 fnt
|faint|p2b: Hydreigon
|-damage|p1a: Basculegion|45/100|[from] Recoil
|
|-heal|p1b: Rillaboom|89/100|[from] Grassy Terrain
|-heal|p1a: Basculegion|51/100|[from] Grassy Terrain
|-fieldend|move: Trick Room
|upkeep
|
|t:|1756840724
|switch|p2b: Porygon2|Porygon2, L50, shiny|60/100
|-ability|p2b: Porygon2|Download|boost
|-boost|p2b: Porygon2|spa|1
|turn|12
|
|t:|1756840730
|move|p2a: Amoonguss|Rage Powder|p2a: Amoonguss
|-singleturn|p2a: Amoonguss|move: Rage Powder
|move|p1a: Basculegion|Wave Crash|p2a: Amoonguss
|-resisted|p2a: Amoonguss
|-crit|p2a: Amoonguss
|-damage|p2a: Amoonguss|38/100
|-damage|p1a: Basculegion|35/100|[from] item: Rocky Helmet|[of] p2a: Amoonguss
|-damage|p1a: Basculegion|12/100|[from] Recoil
|move|p1b: Rillaboom|Bullet Seed|p2b: Porygon2
|-damage|p2b: Porygon2|49/100
|-damage|p2b: Porygon2|39/100
|-damage|p2b: Porygon2|28/100
|-damage|p2b: Porygon2|17/100
|-damage|p2b: Porygon2|7/100
|-hitcount|p2b: Porygon2|5
|move|p2b: Porygon2|Trick Room|p2b: Porygon2
|-fieldstart|move: Trick Room|[of] p2b: Porygon2
|
|-heal|p2a: Amoonguss|44/100|[from] Grassy Terrain
|-heal|p2b: Porygon2|13/100|[from] Grassy Terrain
|-heal|p1b: Rillaboom|95/100|[from] Grassy Terrain
|-heal|p1a: Basculegion|18/100|[from] Grassy Terrain
|upkeep
|turn|13
|
|t:|1756840755
|move|p1b: Rillaboom|Grassy Glide|p2b: Porygon2
|-damage|p2b: Porygon2|0 fnt
|faint|p2b: Porygon2
|move|p2a: Amoonguss|Spore|p1a: Basculegion
|-status|p1a: Basculegion|slp|[from] move: Spore
|cant|p1a: Basculegion|slp
|
|-heal|p2a: Amoonguss|50/100|[from] Grassy Terrain
|-heal|p1b: Rillaboom|100/100|[from] Grassy Terrain
|-heal|p1a: Basculegion|24/100 slp|[from] Grassy Terrain
|-fieldend|move: Grassy Terrain
|upkeep
|turn|14
|-message|mysteriousmothman forfeited.
|
|win|wildbeans
||mysteriousmothman is ready for game 2.
||wildbeans is ready for game 2.
|uhtml|next|Next: Game 2 of 3
