|j|☆cocacolaindahhouse
|j|☆Alysa Liu
|html|cocacolaindahhouseAlysa Liu    
|uhtml|bestof|Game 1 of a best-of-3
|t:|1756481661
|gametype|doubles
|player|p1|cocacolaindahhouse|1|1455
|player|p2|Alysa Liu|lady|1502
|gen|9
|tier|[Gen 9] VGC 2025 Reg H (Bo3)
|rated|
|rule|Species Clause: Limit one of each Pokémon
|rule|Item Clause: Limit 1 of each item
|clearpoke
|poke|p1|Ursaluna, L50, M|
|poke|p1|Dragonite, L50, M|
|poke|p1|Archaludon, L50, M|
|poke|p1|Sinistcha, L50|
|poke|p1|Pelipper, L50, M|
|poke|p1|Gholdengo, L50|
|poke|p2|Dachsbun, L50, F|
|poke|p2|Typhlosion-Hisui, L50, F|
|poke|p2|Kingambit, L50, M|
|poke|p2|Jumpluff, L50, M|
|poke|p2|Rillaboom, L50, M|
|poke|p2|Torkoal, L50, F|
|teampreview|4
|showteam|p1|Ursaluna||FlameOrb|Guts|Facade,Protect,HeadlongRush,Earthquake|||M|||50|,,,,,Ghost]Dragonite||LoadedDice|Multiscale|ScaleShot,Protect,Haze,Tailwind|||M|||50|,,,,,Fairy]Archaludon||AssaultVest|Stamina|FlashCannon,BodyPress,ElectroShot,Snarl|||M|||50|,,,,,Fighting]Sinistcha||SitrusBerry|Hospitality|LifeDew,MatchaGotcha,TrickRoom,RagePowder||||||50|,,,,,Dark]Pelipper||FocusSash|Drizzle|Hurricane,Tailwind,MuddyWater,Protect|||M|||50|,,,,,Ghost]Gholdengo||ChoiceScarf|GoodasGold|MakeItRain,ShadowBall,Trick,TeraBlast||||||50|,,,,,Water
|showteam|p2|Dachsbun||Leftovers|WellBakedBody|BodyPress,Snarl,HelpingHand,Protect|||F|||50|,,,,,Steel]Typhlosion-Hisui||ChoiceSpecs|Blaze|Eruption,LavaPlume,Overheat,ShadowBall|||F|||50|,,,,,Fire]Kingambit||SafetyGoggles|Defiant|Protect,KowtowCleave,SuckerPunch,SwordsDance|||M|||50|,,,,,Dark]Jumpluff||CovertCloak|Chlorophyll|SleepPowder,SunnyDay,RagePowder,Tailwind|||M|||50|,,,,,Water]Rillaboom||AssaultVest|GrassySurge|WoodHammer,GrassyGlide,FakeOut,HighHorsepower|||M|||50|,,,,,Water]Torkoal||SitrusBerry|Drought|HeatWave,LavaPlume,ClearSmog,Protect|||F|||50|,,,,,Fairy
|inactive|Battle timer is ON: inactive players will automatically lose when time's up. (requested by Alysa Liu)
|inactive|cocacolaindahhouse has 60 seconds left.
|inactive|cocacolaindahhouse has 30 seconds left.
|inactive|cocacolaindahhouse has 20 seconds left.
|inactive|cocacolaindahhouse has 15 seconds left.
|inactive|cocacolaindahhouse has 10 seconds left.
|inactive|cocacolaindahhouse has 5 seconds left.
|
|t:|1756481751
|teamsize|p1|4
|teamsize|p2|4
|start
|switch|p1a: Gholdengo|Gholdengo, L50|100/100
|switch|p1b: Dragonite|Dragonite, L50, M|100/100
|switch|p2a: Typhlosion|Typhlosion-Hisui, L50, F|100/100
|switch|p2b: Jumpluff|Jumpluff, L50, M|100/100
|turn|1
|
|t:|1756481779
|-terastallize|p1a: Gholdengo|Water
|-terastallize|p2a: Typhlosion|Fire
|move|p1b: Dragonite|Protect|p1b: Dragonite
|-singleturn|p1b: Dragonite|Protect
|move|p2b: Jumpluff|Rage Powder|p2b: Jumpluff
|-singleturn|p2b: Jumpluff|move: Rage Powder
|move|p1a: Gholdengo|Shadow Ball|p2b: Jumpluff
|-damage|p2b: Jumpluff|49/100
|move|p2a: Typhlosion|Eruption|p1b: Dragonite|[spread] p1a
|-activate|p1b: Dragonite|move: Protect
|-resisted|p1a: Gholdengo
|-damage|p1a: Gholdengo|35/100
|
|upkeep
|turn|2
|inactive|cocacolaindahhouse has 30 seconds left.
|inactive|Alysa Liu has 30 seconds left.
|inactive|cocacolaindahhouse has 20 seconds left.
|
|t:|1756481818
|switch|p2b: Kingambit|Kingambit, L50, M|100/100
|move|p1a: Gholdengo|Shadow Ball|p2b: Kingambit
|-resisted|p2b: Kingambit
|-damage|p2b: Kingambit|76/100
|-unboost|p2b: Kingambit|spd|1
|-ability|p2b: Kingambit|Defiant|boost
|-boost|p2b: Kingambit|atk|2
|move|p2a: Typhlosion|Eruption|p1b: Dragonite|[spread] p1a,p1b
|-resisted|p1a: Gholdengo
|-resisted|p1b: Dragonite
|-damage|p1a: Gholdengo|0 fnt
|-damage|p1b: Dragonite|74/100
|faint|p1a: Gholdengo
|move|p1b: Dragonite|Scale Shot|p2a: Typhlosion
|-damage|p2a: Typhlosion|80/100
|-damage|p2a: Typhlosion|58/100
|-damage|p2a: Typhlosion|38/100
|-damage|p2a: Typhlosion|17/100
|-hitcount|p2a: Typhlosion|4
|-unboost|p1b: Dragonite|def|1
|-boost|p1b: Dragonite|spe|1
|
|upkeep
|inactive|cocacolaindahhouse has 30 seconds left.
|
|t:|1756481848
|switch|p1a: Archaludon|Archaludon, L50, M|100/100
|turn|3
|inactive|cocacolaindahhouse has 30 seconds left.
|inactive|cocacolaindahhouse has 20 seconds left.
|inactive|cocacolaindahhouse has 15 seconds left.
|
|t:|1756481893
|switch|p2a: Jumpluff|Jumpluff, L50, M|49/100
|move|p2b: Kingambit|Sucker Punch||[still]
|-fail|p2b: Kingambit
|move|p1b: Dragonite|Tailwind|p1b: Dragonite
|-sidestart|p1: cocacolaindahhouse|move: Tailwind
|move|p1a: Archaludon|Body Press|p2b: Kingambit
|-supereffective|p2b: Kingambit
|-damage|p2b: Kingambit|0 fnt
|faint|p2b: Kingambit
|
|upkeep
|
|t:|1756481907
|switch|p2b: Rillaboom|Rillaboom, L50, M|100/100
|-fieldstart|move: Grassy Terrain|[from] ability: Grassy Surge|[of] p2b: Rillaboom
|turn|4
|inactive|cocacolaindahhouse has 30 seconds left.
|inactive|cocacolaindahhouse has 20 seconds left.
|
|t:|1756481943
|move|p2b: Rillaboom|Fake Out|p1a: Archaludon
|-resisted|p1a: Archaludon
|-damage|p1a: Archaludon|96/100
|-ability|p1a: Archaludon|Stamina|boost
|-boost|p1a: Archaludon|def|1
|move|p1b: Dragonite|Scale Shot|p2a: Jumpluff
|-damage|p2a: Jumpluff|28/100
|-damage|p2a: Jumpluff|9/100
|-damage|p2a: Jumpluff|0 fnt
|faint|p2a: Jumpluff
|-hitcount|p2: Jumpluff|3
|-unboost|p1b: Dragonite|def|1
|-boost|p1b: Dragonite|spe|1
|cant|p1a: Archaludon|flinch
|
|-heal|p1a: Archaludon|100/100|[from] Grassy Terrain
|upkeep
|-message|Alysa Liu forfeited.
|
|win|cocacolaindahhouse
||Alysa Liu is ready for game 2.
||cocacolaindahhouse is ready for game 2.
|uhtml|next|Next: Game 2 of 3
|l|☆Alysa Liu
|player|p2|
