|j|☆pablittoo
|j|☆dreamswgh
|html|pablittoodreamswgh    
|uhtml|bestof|Game 2 of a best-of-3
|t:|1782227361
|gametype|doubles
|player|p1|pablittoo|266|1239
|player|p2|dreamswgh|nate|1163
|gen|9
|tier|[Gen 9 Champions] VGC 2026 Reg M-B (Bo3)
|rated|
|rule|Species Clause: Limit one of each Pokémon
|rule|Item Clause: Limit 1 of each item
|clearpoke
|poke|p1|Sylveon, L50, F|
|poke|p1|Garchomp, L50, F|
|poke|p1|Kingambit, L50, F|
|poke|p1|Charizard, L50, F|
|poke|p1|Sneasler, L50, M|
|poke|p1|Aerodactyl, L50, F|
|poke|p2|Mawile, L50, M|
|poke|p2|Maushold-Four, L50|
|poke|p2|Incineroar, L50, M|
|poke|p2|Vileplume, L50, M|
|poke|p2|Torkoal, L50, M|
|poke|p2|Farigiraf, L50, M|
|teampreview|4
|showteam|p1|Sylveon||FairyFeather|Pixilate|HyperBeam,HyperVoice,Protect,QuickAttack|Modest||F|||50|]Garchomp||LifeOrb|RoughSkin|RockSlide,Earthquake,DragonClaw,Protect|Jolly||F|||50|]Kingambit||FocusSash|Defiant|LowKick,KowtowCleave,SuckerPunch,Protect|Adamant||F|||50|]Charizard||CharizarditeY|Blaze|WeatherBall,HeatWave,Protect,SolarBeam|Timid||F|||50|]Sneasler||WhiteHerb|Unburden|DireClaw,FakeOut,CloseCombat,Protect|Jolly||M|||50|]Aerodactyl||Aerodactylite|RockHead|RockSlide,Tailwind,Protect,DualWingbeat|Jolly||F|||50|
|showteam|p2|Mawile||Mawilite|HyperCutter|SuckerPunch,PlayRough,SwordsDance,Protect|Brave||M|||50|]Maushold-Four||WideLens|Technician|FollowMe,PopulationBomb,SuperFang,Protect|Jolly|||||50|]Incineroar||WhiteHerb|Intimidate|FlareBlitz,FakeOut,DarkestLariat,CloseCombat|Brave||M|||50|]Vileplume||LifeOrb|Chlorophyll|SludgeBomb,EnergyBall,AfterYou,SleepPowder|Timid||M|||50|]Torkoal||Charcoal|Drought|Eruption,WeatherBall,EarthPower,Protect|Quiet||M|||50|]Farigiraf||SitrusBerry|ArmorTail|Psychic,Thunderbolt,Protect,TrickRoom|Modest||M|||50|
|
|t:|1782227395
|teamsize|p1|4
|teamsize|p2|4
|start
|switch|p1a: Sneasler|Sneasler, L50, M|100/100
|switch|p1b: Charizard|Charizard, L50, F|100/100
|switch|p2a: TheSteed|Farigiraf, L50, M|100/100
|switch|p2b: Incineroar|Incineroar, L50, M|100/100
|-ability|p2b: Incineroar|Intimidate|boost
|-unboost|p1a: Sneasler|atk|1
|-unboost|p1b: Charizard|atk|1
|-enditem|p1a: Sneasler|White Herb
|-clearnegativeboost|p1a: Sneasler|[silent]
|turn|1
|
|t:|1782227414
|detailschange|p1b: Charizard|Charizard-Mega-Y, L50, F
|-mega|p1b: Charizard|Charizard|Charizardite Y
|-weather|SunnyDay|[from] ability: Drought|[of] p1b: Charizard
|move|p2b: Incineroar|Fake Out|p1a: Sneasler
|-damage|p1a: Sneasler|80/100
|cant|p1a: Sneasler|flinch
|move|p1b: Charizard|Weather Ball|p2a: TheSteed
|-damage|p2a: TheSteed|18/100
|-enditem|p2a: TheSteed|Sitrus Berry|[eat]
|-heal|p2a: TheSteed|42/100|[from] item: Sitrus Berry
|move|p2a: TheSteed|Trick Room|p2a: TheSteed
|-fieldstart|move: Trick Room|[of] p2a: TheSteed
|
|-weather|SunnyDay|[upkeep]
|upkeep
|turn|2
|
|t:|1782227469
|switch|p1a: Kingambit|Kingambit, L50, F|100/100
|move|p2b: Incineroar|Darkest Lariat|p1b: Charizard
|-damage|p1b: Charizard|45/100
|move|p2a: TheSteed|Thunderbolt|p1b: Charizard
|-supereffective|p1b: Charizard|1
|-damage|p1b: Charizard|0 fnt
|faint|p1b: Charizard
|
|-weather|SunnyDay|[upkeep]
|upkeep
|
|t:|1782227483
|switch|p1b: Sylveon|Sylveon, L50, F|100/100
|turn|3
|
|t:|1782227498
|move|p1a: Kingambit|Protect|p1a: Kingambit
|-singleturn|p1a: Kingambit|Protect
|move|p2b: Incineroar|Flare Blitz|p1b: Sylveon
|-damage|p1b: Sylveon|14/100
|-damage|p2b: Incineroar|75/100|[from] Recoil
|move|p2a: TheSteed|Psychic|p1b: Sylveon
|-damage|p1b: Sylveon|0 fnt
|faint|p1b: Sylveon
|
|-weather|SunnyDay|[upkeep]
|upkeep
|
|t:|1782227506
|switch|p1b: Sneasler|Sneasler, L50, M|80/100
|turn|4
|-message|pablittoo forfeited.
|
|win|dreamswgh
|raw|pablittoo's rating: 1239 → 1209(-30 for losing)
|raw|dreamswgh's rating: 1163 → 1193(+30 for winning)
|l|☆pablittoo
|player|p1|
|c|☆dreamswgh|ggs
