|j|☆Stick Moltres
|j|☆HalcyonJon
|html|Stick MoltresHalcyonJon    
|uhtml|bestof|Game 2 of a best-of-3
|t:|1757743796
|gametype|doubles
|player|p1|Stick Moltres|169|1109
|player|p2|HalcyonJon|pokemonbreeder|1220
|gen|9
|tier|[Gen 9] VGC 2025 Reg H (Bo3)
|rated|
|rule|Species Clause: Limit one of each Pokémon
|rule|Item Clause: Limit 1 of each item
|clearpoke
|poke|p1|Ursaluna, L50, F|
|poke|p1|Hatterene, L50, F|
|poke|p1|Indeedee-F, L50, F|
|poke|p1|Exeggutor, L50, M|
|poke|p1|Gallade, L50, M|
|poke|p1|Torkoal, L50, F|
|poke|p2|Espeon, L50, F|
|poke|p2|Indeedee-F, L50, F|
|poke|p2|Slowbro, L50, F|
|poke|p2|Sneasler, L50, M|
|poke|p2|Tyranitar, L50, F|
|poke|p2|Braviary, L50, M|
|teampreview|4
|showteam|p1|Ursaluna||FlameOrb|Guts|Facade,HeadlongRush,Protect,Earthquake|||F|||50|,,,,,Normal]Hatterene||LifeOrb|MagicBounce|ExpandingForce,DazzlingGleam,Protect,TrickRoom|||F|||50|,,,,,Water]Indeedee-F||RockyHelmet|PsychicSurge|FollowMe,Psychic,HelpingHand,TrickRoom|||F|||50|,,,,,Grass]Exeggutor||FocusSash|Chlorophyll|ExpandingForce,SleepPowder,Protect,TrickRoom|||M|||50|,,,,,Psychic]Gallade||ClearAmulet|Sharpness|SacredSword,PsychoCut,NightSlash,TrickRoom|||M|||50|,,,,,Fighting]Torkoal||ChoiceSpecs|Drought|Eruption,WeatherBall,HeatWave,EarthPower|||F|||50|,,,,,Fire
|showteam|p2|Espeon||FocusSash|MagicBounce|ExpandingForce,TeraBlast,SkillSwap,Detect|||F|||50|,,,,,Ground]Indeedee-F||RockyHelmet|PsychicSurge|Psychic,FollowMe,HelpingHand,TrickRoom|||F|||50|,,,,,Fairy]Slowbro||SafetyGoggles|Oblivious|ExpandingForce,Scald,Flamethrower,TrickRoom|||F|||50|,,,,,Fire]Sneasler||PsychicSeed|Unburden|CloseCombat,DireClaw,SwordsDance,Protect|||M|||50|,,,,,Rock]Tyranitar||AssaultVest|SandStream|KnockOff,RockSlide,TeraBlast,BreakingSwipe|||F|||50|,,,,,Flying]Braviary||SitrusBerry|Defiant|BraveBird,CloseCombat,Tailwind,Protect|||M|||50|,,,,,Fighting
|
|t:|1757743838
|teamsize|p1|4
|teamsize|p2|4
|start
|switch|p1a: Indeedee|Indeedee-F, L50, F|100/100
|switch|p1b: Exeggutor|Exeggutor, L50, M|100/100
|switch|p2a: Tyranitar|Tyranitar, L50, F|100/100
|switch|p2b: Indeedee|Indeedee-F, L50, F|100/100
|-fieldstart|move: Psychic Terrain|[from] ability: Psychic Surge|[of] p2b: Indeedee
|-weather|Sandstorm|[from] ability: Sand Stream|[of] p2a: Tyranitar
|turn|1
|
|t:|1757743883
|switch|p2b: Espeon|Espeon, L50, F|100/100
|switch|p2a: Slowbro|Slowbro, L50, F|100/100
|move|p1a: Indeedee|Follow Me|p1a: Indeedee
|-singleturn|p1a: Indeedee|move: Follow Me
|move|p1b: Exeggutor|Trick Room|p1b: Exeggutor
|-fieldstart|move: Trick Room|[of] p1b: Exeggutor
|
|-weather|Sandstorm|[upkeep]
|-damage|p1a: Indeedee|94/100|[from] Sandstorm
|-damage|p1b: Exeggutor|95/100|[from] Sandstorm
|-damage|p2b: Espeon|95/100|[from] Sandstorm
|upkeep
|turn|2
|
|t:|1757743932
|move|p1a: Indeedee|Helping Hand|p1b: Exeggutor
|-singleturn|p1b: Exeggutor|Helping Hand|[of] p1a: Indeedee
|move|p2a: Slowbro|Flamethrower|p1b: Exeggutor
|-supereffective|p1b: Exeggutor
|-damage|p1b: Exeggutor|16/100
|move|p1b: Exeggutor|Expanding Force|p2a: Slowbro|[spread] p2a,p2b
|-resisted|p2a: Slowbro
|-resisted|p2b: Espeon
|-damage|p2a: Slowbro|53/100
|-damage|p2b: Espeon|29/100
|move|p2b: Espeon|Expanding Force|p1b: Exeggutor|[spread] p1a,p1b
|-resisted|p1a: Indeedee
|-resisted|p1b: Exeggutor
|-damage|p1a: Indeedee|64/100
|-damage|p1b: Exeggutor|0 fnt
|faint|p1b: Exeggutor
|
|-weather|Sandstorm|[upkeep]
|-damage|p1a: Indeedee|58/100|[from] Sandstorm
|-damage|p2b: Espeon|23/100|[from] Sandstorm
|upkeep
|
|t:|1757743936
|switch|p1b: Torkoal|Torkoal, L50, F|100/100
|-weather|SunnyDay|[from] ability: Drought|[of] p1b: Torkoal
|turn|3
|
|t:|1757743971
|switch|p2b: Tyranitar|Tyranitar, L50, F|100/100
|-weather|Sandstorm|[from] ability: Sand Stream|[of] p2b: Tyranitar
|move|p1a: Indeedee|Helping Hand|p1b: Torkoal
|-singleturn|p1b: Torkoal|Helping Hand|[of] p1a: Indeedee
|move|p1b: Torkoal|Eruption|p2b: Tyranitar|[spread] p2a,p2b
|-resisted|p2a: Slowbro
|-resisted|p2b: Tyranitar
|-damage|p2a: Slowbro|1/100
|-damage|p2b: Tyranitar|80/100
|move|p2a: Slowbro|Expanding Force|p1a: Indeedee|[spread] p1a,p1b
|-resisted|p1a: Indeedee
|-damage|p1a: Indeedee|30/100
|-damage|p1b: Torkoal|22/100
|
|-weather|Sandstorm|[upkeep]
|-damage|p1b: Torkoal|16/100|[from] Sandstorm
|-damage|p1a: Indeedee|24/100|[from] Sandstorm
|upkeep
|turn|4
|-message|Stick Moltres forfeited.
|
|win|HalcyonJon
|raw|Stick Moltres's rating: 1109 → 1092(-17 for losing)
|raw|HalcyonJon's rating: 1220 → 1237(+17 for winning)
|l|☆Stick Moltres
|player|p1|
