|j|☆freudianbreath
|j|☆pepethegoatscrote
|html|freudianbreathpepethegoatscrote    
|uhtml|bestof|Game 3 of a best-of-3
|t:|1784351575
|gametype|doubles
|player|p1|freudianbreath|169|1095
|player|p2|pepethegoatscrote|101|1139
|gen|9
|tier|[Gen 9 Champions] VGC 2026 Reg M-B (Bo3)
|rated|
|rule|Species Clause: Limit one of each Pokémon
|rule|Item Clause: Limit 1 of each item
|clearpoke
|poke|p1|Farigiraf, L50, F|
|poke|p1|Kangaskhan, L50, F|
|poke|p1|Torkoal, L50, F|
|poke|p1|Mawile, L50, M|
|poke|p1|Pyroar, L50, F|
|poke|p1|Decidueye-Hisui, L50, M|
|poke|p2|Charizard, L50, F|
|poke|p2|Aerodactyl, L50, M|
|poke|p2|Garchomp, L50, F|
|poke|p2|Sylveon, L50, F|
|poke|p2|Farigiraf, L50, M|
|poke|p2|Kingambit, L50, F|
|teampreview|4
|showteam|p1|Farigiraf||ColburBerry|ArmorTail|Psychic,Thunderbolt,HelpingHand,TrickRoom|Calm||F|||50|]Kangaskhan||SilkScarf|Scrappy|LastResort,FakeOut|Brave||F|||50|]Torkoal||Charcoal|Drought|Eruption,WeatherBall,HelpingHand,Protect|Quiet||F|||50|]Mawile||Mawilite|HyperCutter|PlayRough,RockSlide,SuckerPunch,SwordsDance|Brave||M|||50|]Pyroar||Pyroarite|Unnerve|HeatWave,Overheat,SolarBeam,Protect|Timid||F|||50|]Decidueye-Hisui||LifeOrb|Scrappy|CloseCombat,LeafBlade,BraveBird,Protect|Brave||M|||50|
|showteam|p2|Charizard||CharizarditeY|Blaze|HeatWave,WeatherBall,SolarBeam,Protect|Modest||F|||50|]Aerodactyl||Aerodactylite|Unnerve|RockSlide,DualWingbeat,IceFang,Tailwind|Jolly||M|||50|]Garchomp||LifeOrb|RoughSkin|DragonClaw,Earthquake,RockSlide,Protect|Jolly||F|||50|]Sylveon||FairyFeather|Pixilate|HyperVoice,HyperBeam,QuickAttack,Detect|Modest||F|||50|]Farigiraf||SitrusBerry|ArmorTail|Psychic,Thunderbolt,TrickRoom,Protect|Bold||M|||50|]Kingambit||FocusSash|Defiant|KowtowCleave,IronHead,SuckerPunch,LowKick|Adamant||F|||50|
|inactive|Battle timer is ON: inactive players will automatically lose when time's up. (requested by pepethegoatscrote)
|inactive|freudianbreath has 60 seconds left.
|inactive|pepethegoatscrote has 60 seconds left.
|inactive|freudianbreath has 30 seconds left.
|inactive|freudianbreath has 20 seconds left.
|inactive|freudianbreath has 15 seconds left.
|inactive|freudianbreath has 10 seconds left.
|inactive|freudianbreath has 5 seconds left.
|
|t:|1784351666
|teamsize|p1|4
|teamsize|p2|4
|start
|switch|p1a: Checkmate|Kangaskhan, L50, F|100/100
|switch|p1b: Mufasa|Pyroar, L50, F|100/100
|switch|p2a: Charizard|Charizard, L50, F|100/100
|switch|p2b: Garchomp|Garchomp, L50, F|100/100
|-ability|p1b: Mufasa|Unnerve
|turn|1
|inactive|freudianbreath has 30 seconds left.
|inactive|pepethegoatscrote has 30 seconds left.
|
|t:|1784351697
|move|p1b: Mufasa|Protect|p1b: Mufasa
|-singleturn|p1b: Mufasa|Protect
|move|p2b: Garchomp|Protect|p2b: Garchomp
|-singleturn|p2b: Garchomp|Protect
|move|p2a: Charizard|Protect|p2a: Charizard
|-singleturn|p2a: Charizard|Protect
|move|p1a: Checkmate|Fake Out|p2b: Garchomp
|-activate|p2b: Garchomp|move: Protect
|
|upkeep
|turn|2
|inactive|freudianbreath has 30 seconds left.
|inactive|pepethegoatscrote has 30 seconds left.
|inactive|freudianbreath has 20 seconds left.
|inactive|pepethegoatscrote has 20 seconds left.
|inactive|freudianbreath has 15 seconds left.
|inactive|pepethegoatscrote has 15 seconds left.
|inactive|freudianbreath has 10 seconds left.
|
|t:|1784351747
|switch|p1b: Epidemic|Farigiraf, L50, F|100/100
|move|p2b: Garchomp|Earthquake|p1b: Epidemic|[spread] p1a,p1b
|-immune|p2a: Charizard
|-damage|p1a: Checkmate|52/100
|-damage|p1b: Epidemic|54/100
|-damage|p2b: Garchomp|90/100|[from] item: Life Orb
|move|p2a: Charizard|Heat Wave|p1b: Epidemic|[spread] p1a,p1b
|-crit|p1a: Checkmate
|-damage|p1a: Checkmate|9/100
|-damage|p1b: Epidemic|29/100
|move|p1a: Checkmate|Last Resort|p2b: Garchomp
|-damage|p2b: Garchomp|7/100
|-damage|p1a: Checkmate|0 fnt|[from] ability: Rough Skin|[of] p2b: Garchomp
|faint|p1a: Checkmate
|
|upkeep
|
|t:|1784351770
|switch|p1a: Mufasa|Pyroar, L50, F|100/100
|-ability|p1a: Mufasa|Unnerve
|turn|3
|inactive|freudianbreath has 30 seconds left.
|inactive|pepethegoatscrote has 30 seconds left.
|inactive|freudianbreath has 20 seconds left.
|inactive|freudianbreath has 15 seconds left.
|inactive|freudianbreath has 10 seconds left.
|inactive|freudianbreath has 5 seconds left.
|
|t:|1784351820
|switch|p1b: Krakatoa|Torkoal, L50, F|100/100
|-weather|SunnyDay|[from] ability: Drought|[of] p1b: Krakatoa
|detailschange|p1a: Mufasa|Pyroar-Mega, L50, F
|-mega|p1a: Mufasa|Pyroar|Pyroarite
|move|p1a: Mufasa|Heat Wave|p2b: Garchomp|[spread] p2a,p2b
|-resisted|p2a: Charizard|1
|-resisted|p2b: Garchomp|1
|-damage|p2a: Charizard|51/100
|-damage|p2b: Garchomp|0 fnt
|faint|p2b: Garchomp
|move|p2a: Charizard|Heat Wave|p1b: Krakatoa|[spread] p1a,p1b
|-resisted|p1a: Mufasa|1
|-resisted|p1b: Krakatoa|1
|-damage|p1a: Mufasa|73/100
|-damage|p1b: Krakatoa|69/100
|
|-weather|SunnyDay|[upkeep]
|upkeep
|
|t:|1784351838
|switch|p2b: Aerodactyl|Aerodactyl, L50, M|100/100
|-ability|p2b: Aerodactyl|Unnerve
|turn|4
|inactive|freudianbreath has 30 seconds left.
|inactive|freudianbreath has 20 seconds left.
|inactive|freudianbreath has 15 seconds left.
|inactive|freudianbreath has 10 seconds left.
|inactive|freudianbreath has 5 seconds left.
|
|t:|1784351891
|detailschange|p2b: Aerodactyl|Aerodactyl-Mega, L50, M
|-mega|p2b: Aerodactyl|Aerodactyl|Aerodactylite
|move|p1b: Krakatoa|Protect|p1b: Krakatoa
|-singleturn|p1b: Krakatoa|Protect
|move|p2b: Aerodactyl|Rock Slide|p1a: Mufasa|[spread] p1a
|-activate|p1b: Krakatoa|move: Protect
|-supereffective|p1a: Mufasa|1
|-damage|p1a: Mufasa|0 fnt
|faint|p1a: Mufasa
|move|p2a: Charizard|Heat Wave|p1b: Krakatoa
|-activate|p1b: Krakatoa|move: Protect
|
|-weather|SunnyDay|[upkeep]
|upkeep
|
|t:|1784351901
|switch|p1a: Epidemic|Farigiraf, L50, F|29/100
|turn|5
|inactive|pepethegoatscrote has 30 seconds left.
|inactive|pepethegoatscrote has 20 seconds left.
|
|t:|1784351937
|move|p2b: Aerodactyl|Rock Slide|p1a: Epidemic|[spread] p1a,p1b
|-supereffective|p1b: Krakatoa|1
|-damage|p1a: Epidemic|1/100
|-damage|p1b: Krakatoa|24/100
|move|p2a: Charizard|Heat Wave|p1a: Epidemic|[spread] p1a,p1b
|-resisted|p1b: Krakatoa|1
|-damage|p1a: Epidemic|0 fnt
|-damage|p1b: Krakatoa|0 fnt
|faint|p1a: Epidemic
|faint|p1b: Krakatoa
|
|win|pepethegoatscrote
|raw|freudianbreath's rating: 1095 → 1074(-21 for losing)
|raw|pepethegoatscrote's rating: 1139 → 1161(+22 for winning)
|c|☆freudianbreath|Ggs
