|j|☆useless0o0
|j|☆Missed Ledgedash
|html|useless0o0Missed Ledgedash    
|uhtml|bestof|Game 2 of a best-of-3
|t:|1782343769
|gametype|doubles
|player|p1|useless0o0|265|1108
|player|p2|Missed Ledgedash|juan-gen3|1155
|gen|9
|tier|[Gen 9 Champions] VGC 2026 Reg M-B (Bo3)
|rated|
|rule|Species Clause: Limit one of each Pokémon
|rule|Item Clause: Limit 1 of each item
|clearpoke
|poke|p1|Delphox, L50, M|
|poke|p1|Sceptile, L50, F|
|poke|p1|Sinistcha, L50|
|poke|p1|Incineroar, L50, M|
|poke|p1|Grimmsnarl, L50, M|
|poke|p1|Kingambit, L50, F|
|poke|p2|Incineroar, L50, F|
|poke|p2|Gengar, L50, M|
|poke|p2|Staraptor, L50, M|
|poke|p2|Basculegion, L50, M|
|poke|p2|Sneasler, L50, M|
|poke|p2|Kingambit, L50, F|
|teampreview|4
|showteam|p1|Delphox||Delphoxite|Blaze|HeatWave,Psychic,NastyPlot,Protect|Timid||M|||50|]Sceptile||Sceptilite|Overgrow|LeafStorm,EarthPower,DragonPulse,Protect|Timid||F|||50|]Sinistcha||SitrusBerry|Hospitality|RagePowder,MatchaGotcha,LifeDew,Protect|Bold|||||50|]Incineroar||ChopleBerry|Intimidate|FakeOut,FlareBlitz,Taunt,PartingShot|Impish||M|||50|]Grimmsnarl||RoseliBerry|Prankster|Reflect,LightScreen,SpiritBreak,PartingShot|Careful||M|||50|]Kingambit||FocusSash|Defiant|KowtowCleave,SuckerPunch,IronHead,Protect|Adamant||F|||50|
|showteam|p2|Incineroar||SitrusBerry|Intimidate|Protect,FlareBlitz,PartingShot,FakeOut|Relaxed||F|||50|]Gengar||Gengarite|CursedBody|Protect,ShadowBall,SludgeBomb,PerishSong|Timid||M|||50|]Staraptor||Staraptite|Intimidate|Protect,CloseCombat,BraveBird,FinalGambit|Jolly||M|||50|]Basculegion||MysticWater|Adaptability|Protect,WaveCrash,LastRespects,AquaJet|Adamant||M|||50|]Sneasler||WhiteHerb|Unburden|Protect,CloseCombat,DireClaw,FakeOut|Adamant||M|||50|]Kingambit||ChopleBerry|Defiant|Protect,KowtowCleave,SuckerPunch,LowKick|Adamant||F|||50|
|inactive|Battle timer is ON: inactive players will automatically lose when time's up. (requested by useless0o0)
|inactive|useless0o0 has 60 seconds left.
|inactive|Missed Ledgedash has 60 seconds left.
|
|t:|1782343819
|teamsize|p1|4
|teamsize|p2|4
|start
|switch|p1a: Delphox|Delphox, L50, M|100/100
|switch|p1b: Kingambit|Kingambit, L50, F|100/100
|switch|p2a: Staraptor|Staraptor, L50, M|100/100
|switch|p2b: Basculegion|Basculegion, L50, M|100/100
|-ability|p2a: Staraptor|Intimidate|boost
|-unboost|p1a: Delphox|atk|1
|-unboost|p1b: Kingambit|atk|1
|-ability|p1b: Kingambit|Defiant|boost
|-boost|p1b: Kingambit|atk|2
|turn|1
|inactive|useless0o0 has 30 seconds left.
|inactive|Missed Ledgedash has 30 seconds left.
|inactive|useless0o0 has 20 seconds left.
|inactive|Missed Ledgedash has 20 seconds left.
|inactive|useless0o0 has 15 seconds left.
|inactive|Missed Ledgedash has 15 seconds left.
|inactive|useless0o0 has 10 seconds left.
|inactive|useless0o0 has 5 seconds left.
|
|t:|1782343874
|detailschange|p2a: Staraptor|Staraptor-Mega, L50, M
|-mega|p2a: Staraptor|Staraptor|Staraptite
|move|p2a: Staraptor|Protect|p2a: Staraptor
|-singleturn|p2a: Staraptor|Protect
|move|p1a: Delphox|Heat Wave|p2b: Basculegion|[spread] p2b
|-activate|p2a: Staraptor|move: Protect
|-resisted|p2b: Basculegion|1
|-damage|p2b: Basculegion|84/100
|move|p2b: Basculegion|Wave Crash|p1a: Delphox
|-supereffective|p1a: Delphox|1
|-damage|p1a: Delphox|0 fnt
|faint|p1a: Delphox
|-damage|p2b: Basculegion|57/100|[from] Recoil
|move|p1b: Kingambit|Kowtow Cleave|p2a: Staraptor
|-activate|p2a: Staraptor|move: Protect
|
|upkeep
|-message|useless0o0 forfeited.
|
|win|Missed Ledgedash
|raw|useless0o0's rating: 1108 → 1086(-22 for losing)
|raw|Missed Ledgedash's rating: 1155 → 1177(+22 for winning)
