|j|ÔİåJa-Orange
|j|Ôİåteyvgc
|html|Ja-Orangeteyvgc    
|uhtml|bestof|Game 1 of a best-of-3
|t:|1783207913
|gametype|doubles
|player|p1|Ja-Orange|guzma|
|player|p2|teyvgc|1|
|gen|9
|tier|[Gen 9 Champions] VGC 2026 Reg M-B (Bo3)
|rule|Species Clause: Limit one of each Pok├®mon
|rule|Item Clause: Limit 1 of each item
|clearpoke
|poke|p1|Gengar, L50, M, shiny|
|poke|p1|Maushold-Four, L50|
|poke|p1|Annihilape, L50, M, shiny|
|poke|p1|Incineroar, L50, F, shiny|
|poke|p1|Hydreigon, L50, F|
|poke|p1|Ninetales-Alola, L50, F|
|poke|p2|Excadrill, L50, M|
|poke|p2|Tyranitar, L50, M|
|poke|p2|Staraptor, L50, M|
|poke|p2|Sinistcha, L50|
|poke|p2|Milotic, L50, F|
|poke|p2|Gholdengo, L50|
|teampreview|4
|showteam|p1|Gengar||Gengarite|CursedBody|Protect,ShadowBall,PerishSong,Disable|Modest||M|||50|]Maushold-Four||FocusSash|FriendGuard|Protect,FollowMe,BeatUp,Encore|Jolly|||||50|]Annihilape||Leftovers|Defiant|Protect,BulkUp,DrainPunch,RageFist|Jolly||M|||50|]Incineroar||SitrusBerry|Intimidate|FakeOut,FlareBlitz,PartingShot,Protect|Careful||F|||50|]Hydreigon||ChoiceScarf|Levitate|DracoMeteor,DarkPulse,EarthPower,Snarl|Modest||F|||50|]Ninetales-Alola||NeverMeltIce|SnowWarning|Protect,Encore,Blizzard,FreezeDry|Timid||F|||50|
|showteam|p2|Excadrill||FocusSash|SandRush|HighHorsepower,IronHead,RockSlide,Protect|Adamant||M|||50|]Tyranitar||Tyranitarite|SandStream|RockSlide,KnockOff,DragonDance,Protect|Adamant||M|||50|]Staraptor||Staraptite|Intimidate|BraveBird,CloseCombat,Tailwind,Protect|Jolly||M|||50|]Sinistcha||SitrusBerry|Hospitality|MatchaGotcha,RagePowder,LifeDew,TrickRoom|Calm|||||50|]Milotic||Leftovers|Competitive|Scald,IceBeam,Recover,Protect|Modest||F|||50|]Gholdengo||LifeOrb|GoodasGold|MakeItRain,ShadowBall,NastyPlot,Protect|Modest|||||50|
|inactive|Battle timer is ON: inactive players will automatically lose when time's up. (requested by Ja-Orange)
|j| weird perish thing
|c|Ôİåteyvgc|D:
|c|Ôİåteyvgc|:D
|c|ÔİåJa-Orange|:)
|inactive|Ja-Orange has 60 seconds left.
|inactive|teyvgc has 60 seconds left.
|c|ÔİåJa-Orange|who tf is weird perish thing
|c|Ôİåteyvgc|Idk they been scoutting me for a while ngl
|inactive|teyvgc has 30 seconds left.
|c| weird perish thing|i'm just watchin games
|c|ÔİåJa-Orange|secret admirer ahh
|c| weird perish thing|if you're trying to do practice i can hop out
|inactive|teyvgc has 20 seconds left.
|
|t:|1783207986
|teamsize|p1|4
|teamsize|p2|4
|start
|switch|p1a: Maushold|Maushold-Four, L50|100/100
|switch|p1b: Annihilape|Annihilape, L50, M, shiny|100/100
|switch|p2a: Milotic|Milotic, L50, F|100/100
|switch|p2b: Gholdengo|Gholdengo, L50|100/100
|turn|1
|c|ÔİåJa-Orange|it dont really matter
|c|Ôİåteyvgc|yeah they just want sauce
|c| weird perish thing|i have sauce
|inactive|teyvgc has 30 seconds left.
|c|Ôİåteyvgc|lmao you good
|c|Ôİåteyvgc|we're just messing
|inactive|teyvgc has 20 seconds left.
|c|Ôİåteyvgc|send sauce
|inactive|teyvgc has 15 seconds left.
|c| weird perish thing|my b lol
|c| weird perish thing|uhh
|inactive|teyvgc has 10 seconds left.
|
|t:|1783208033
|move|p1a: Maushold|Beat Up|p1b: Annihilape
|-damage|p1b: Annihilape|98/100
|-damage|p1b: Annihilape|95/100
|-damage|p1b: Annihilape|93/100
|-damage|p1b: Annihilape|91/100
|-hitcount|p1b: Annihilape|4
|move|p1b: Annihilape|Rage Fist|p2b: Gholdengo
|-supereffective|p2b: Gholdengo|1
|-damage|p2b: Gholdengo|0 fnt
|faint|p2b: Gholdengo
|move|p2a: Milotic|Scald|p1b: Annihilape
|-damage|p1b: Annihilape|72/100
|-status|p1b: Annihilape|brn
|
|-heal|p1b: Annihilape|78/100 brn|[from] item: Leftovers
|-damage|p1b: Annihilape|72/100 brn|[from] brn
|upkeep
|c| weird perish thing|not sure i want to i may be playing in skraw tour next week
|
|t:|1783208040
|switch|p2b: Excadrill|Excadrill, L50, M|100/100
|turn|2
|c| weird perish thing|but i'll tell you it's gengar floette
|c|Ôİåteyvgc|damn okay locking in he just took my string cheese for free
|c|ÔİåJa-Orange|burned me ow
|inactive|Ja-Orange has 30 seconds left.
|inactive|teyvgc has 30 seconds left.
|inactive|teyvgc has 20 seconds left.
|inactive|teyvgc has 15 seconds left.
|
|t:|1783208081
|move|p1a: Maushold|Follow Me|p1a: Maushold
|-singleturn|p1a: Maushold|move: Follow Me
|move|p1b: Annihilape|Bulk Up|p1b: Annihilape
|-boost|p1b: Annihilape|atk|1
|-boost|p1b: Annihilape|def|1
|move|p2b: Excadrill|High Horsepower|p1a: Maushold
|-damage|p1a: Maushold|28/100
|move|p2a: Milotic|Scald|p1a: Maushold
|-damage|p1a: Maushold|0 fnt
|faint|p1a: Maushold
|
|-heal|p1b: Annihilape|78/100 brn|[from] item: Leftovers
|-damage|p1b: Annihilape|72/100 brn|[from] brn
|upkeep
|
|t:|1783208091
|switch|p1a: Hydreigon|Hydreigon, L50, F|100/100
|turn|3
|
|t:|1783208107
|move|p2b: Excadrill|Protect|p2b: Excadrill
|-singleturn|p2b: Excadrill|Protect
|move|p1a: Hydreigon|Earth Power|p2b: Excadrill
|-activate|p2b: Excadrill|move: Protect
|move|p1b: Annihilape|Rage Fist|p2a: Milotic
|-damage|p2a: Milotic|20/100y
|move|p2a: Milotic|Ice Beam|p1a: Hydreigon
|-supereffective|p1a: Hydreigon|1
|-damage|p1a: Hydreigon|44/100
|-status|p1a: Hydreigon|frz
|
|-heal|p1b: Annihilape|78/100 brn|[from] item: Leftovers
|-heal|p2a: Milotic|26/100|[from] item: Leftovers
|-damage|p1b: Annihilape|72/100 brn|[from] brn
|upkeep
|turn|4
|c|ÔİåJa-Orange|can i play please
|inactive|teyvgc has 30 seconds left.
|c|Ôİåteyvgc|team legit b quiet
|inactive|teyvgc has 20 seconds left.
|
|t:|1783208144
|switch|p2a: Tyranitar|Tyranitar, L50, M|100/100
|-weather|Sandstorm|[from] ability: Sand Stream|[of] p2a: Tyranitar
|move|p2b: Excadrill|High Horsepower|p1b: Annihilape
|-damage|p1b: Annihilape|30/100 brn
|-curestatus|p1a: Hydreigon|frz|[msg]
|move|p1a: Hydreigon|Earth Power|p2b: Excadrill
|-supereffective|p2b: Excadrill|1
|-damage|p2b: Excadrill|15/100
|move|p1b: Annihilape|Drain Punch|p2b: Excadrill
|-supereffective|p2b: Excadrill|1
|-damage|p2b: Excadrill|0 fnt
|-heal|p1b: Annihilape|37/100 brn|[from] drain|[of] p2b: Excadrill
|faint|p2b: Excadrill
|
|-weather|Sandstorm|[upkeep]
|-damage|p1a: Hydreigon|38/100|[from] Sandstorm
|-damage|p1b: Annihilape|30/100 brn|[from] Sandstorm
|-heal|p1b: Annihilape|37/100 brn|[from] item: Leftovers
|-damage|p1b: Annihilape|30/100 brn|[from] brn
|upkeep
|l| weird perish thing
|
|t:|1783208157
|switch|p2b: Milotic|Milotic, L50, F|26/100
|turn|5
|
|t:|1783208166
|switch|p1a: Ninetales|Ninetales-Alola, L50, F|100/100
|-weather|Snowscape|[from] ability: Snow Warning|[of] p1a: Ninetales
|detailschange|p2a: Tyranitar|Tyranitar-Mega, L50, M
|-mega|p2a: Tyranitar|Tyranitar|Tyranitarite
|-weather|Sandstorm|[from] ability: Sand Stream|[of] p2a: Tyranitar
|move|p1b: Annihilape|Protect|p1b: Annihilape
|-singleturn|p1b: Annihilape|Protect
|move|p2a: Tyranitar|Rock Slide|p1a: Ninetales|[spread] p1a
|-activate|p1b: Annihilape|move: Protect
|-supereffective|p1a: Ninetales|1
|-damage|p1a: Ninetales|0 fnt
|faint|p1a: Ninetales
|move|p2b: Milotic|Ice Beam|p1b: Annihilape
|-activate|p1b: Annihilape|move: Protect
|
|-weather|Sandstorm|[upkeep]
|-damage|p1b: Annihilape|24/100 brn|[from] Sandstorm
|-damage|p2b: Milotic|20/100y|[from] Sandstorm
|-heal|p1b: Annihilape|30/100 brn|[from] item: Leftovers
|-heal|p2b: Milotic|26/100|[from] item: Leftovers
|-damage|p1b: Annihilape|24/100 brn|[from] brn
|upkeep
|
|t:|1783208176
|switch|p1a: Hydreigon|Hydreigon, L50, F|38/100
|turn|6
|
|t:|1783208185
|move|p1a: Hydreigon|Draco Meteor|p2b: Milotic
|-damage|p2b: Milotic|0 fnt
|-unboost|p1a: Hydreigon|spa|2
|faint|p2b: Milotic
|move|p1b: Annihilape|Drain Punch|p2a: Tyranitar
|-supereffective|p2a: Tyranitar|2
|-damage|p2a: Tyranitar|45/100
|-heal|p1b: Annihilape|50/100g brn|[from] drain|[of] p2a: Tyranitar
|move|p2a: Tyranitar|Rock Slide|p1b: Annihilape|[spread] p1a,p1b
|-resisted|p1b: Annihilape|1
|-damage|p1a: Hydreigon|0 fnt
|-damage|p1b: Annihilape|39/100 brn
|faint|p1a: Hydreigon
|
|-weather|Sandstorm|[upkeep]
|-damage|p1b: Annihilape|33/100 brn|[from] Sandstorm
|-heal|p1b: Annihilape|39/100 brn|[from] item: Leftovers
|-damage|p1b: Annihilape|33/100 brn|[from] brn
|upkeep
|turn|7
|inactive|teyvgc has 30 seconds left.
|
|t:|1783208212
|move|p2a: Tyranitar|Protect|p2a: Tyranitar
|-singleturn|p2a: Tyranitar|Protect
|move|p1b: Annihilape|Drain Punch|p2a: Tyranitar
|-activate|p2a: Tyranitar|move: Protect
|
|-weather|Sandstorm|[upkeep]
|-damage|p1b: Annihilape|26/100 brn|[from] Sandstorm
|-heal|p1b: Annihilape|33/100 brn|[from] item: Leftovers
|-damage|p1b: Annihilape|26/100 brn|[from] brn
|upkeep
|turn|8
|
|t:|1783208218
|move|p1b: Annihilape|Drain Punch|p2a: Tyranitar
|-supereffective|p2a: Tyranitar|2
|-damage|p2a: Tyranitar|0 fnt
|-heal|p1b: Annihilape|49/100 brn|[from] drain|[of] p2a: Tyranitar
|faint|p2a: Tyranitar
|
|win|Ja-Orange
