|j|☆damage77
|j|☆Avocanoodle
|html|damage77Avocanoodle    
|uhtml|bestof|Game 1 of a best-of-3
|t:|1756301777
|gametype|doubles
|player|p1|damage77|ash|1388
|player|p2|Avocanoodle|169|1384
|gen|9
|tier|[Gen 9] VGC 2025 Reg H (Bo3)
|rated|
|rule|Species Clause: Limit one of each Pokémon
|rule|Item Clause: Limit 1 of each item
|clearpoke
|poke|p1|Ninetales-Alola, L50, F|
|poke|p1|Gholdengo, L50|
|poke|p1|Dragonite, L50, F|
|poke|p1|Annihilape, L50, F|
|poke|p1|Ursaluna-Bloodmoon, L50, M|
|poke|p1|Incineroar, L50, M|
|poke|p2|Dragonite, L50, F|
|poke|p2|Ursaluna-Bloodmoon, L50, M|
|poke|p2|Archaludon, L50, F|
|poke|p2|Magmar, L50, F|
|poke|p2|Annihilape, L50, M|
|poke|p2|Garganacl, L50, M|
|teampreview|4
|showteam|p1|Ninetales-Alola||LightClay|SnowWarning|IcicleSpear,Blizzard,AuroraVeil,IcyWind|||F|||50|,,,,,Ghost]Gholdengo||ChoiceScarf|GoodasGold|MakeItRain,ShadowBall,Trick,NastyPlot||||||50|,,,,,Steel]Dragonite||LoadedDice|Multiscale|ScaleShot,ExtremeSpeed,Protect,Haze|||F|||50|,,,,,Normal]Annihilape||SafetyGoggles|Defiant|DrainPunch,RageFist,BulkUp,Protect|||F|||50|,,,,,Fire]Ursaluna-Bloodmoon||AssaultVest|MindsEye|BloodMoon,HyperVoice,EarthPower,VacuumWave|||M|||50|,,,,,Water]Incineroar||SitrusBerry|Intimidate|FakeOut,FlareBlitz,KnockOff,PartingShot|||M|||50|,,,,,Ghost
|showteam|p2|Dragonite||LoadedDice|Multiscale|ScaleShot,Protect,Tailwind,TeraBlast|||F|||50|,,,,,Flying]Ursaluna-Bloodmoon||AssaultVest|MindsEye|BloodMoon,VacuumWave,HyperVoice,EarthPower|||M|||50|,,,,,Water]Archaludon||PowerHerb|Sturdy|DracoMeteor,Protect,ElectroShot,Thunderbolt|||F|||50|,,,,,Electric]Magmar||Eviolite|VitalSpirit|Protect,FollowMe,ClearSmog,Overheat|||F|||50|,,,,,Fairy]Annihilape||SitrusBerry|Defiant|FinalGambit,RageFist,Taunt,Coaching|||M|||50|,,,,,Water]Garganacl||Leftovers|PurifyingSalt|WideGuard,Protect,SaltCure,BodyPress|||M|||50|,,,,,Grass
|inactive|Battle timer is ON: inactive players will automatically lose when time's up. (requested by Avocanoodle)
|inactive|damage77 has 60 seconds left.
|inactive|Avocanoodle has 60 seconds left.
|inactive|damage77 has 30 seconds left.
|inactive|Avocanoodle has 30 seconds left.
|inactive|damage77 has 20 seconds left.
|inactive|Avocanoodle has 20 seconds left.
|inactive|damage77 has 15 seconds left.
|inactive|Avocanoodle has 15 seconds left.
|inactive|damage77 has 10 seconds left.
|inactive|Avocanoodle has 10 seconds left.
|inactive|damage77 has 5 seconds left.
|
|t:|1756301863
|teamsize|p1|4
|teamsize|p2|4
|start
|switch|p1a: Gholdengo|Gholdengo, L50|100/100
|switch|p1b: Dragonite|Dragonite, L50, F|100/100
|switch|p2a: Magmar|Magmar, L50, F|100/100
|switch|p2b: Annihilape|Annihilape, L50, M|100/100
|turn|1
|inactive|Avocanoodle has 30 seconds left.
|
|t:|1756301891
|switch|p2b: Ursaluna|Ursaluna-Bloodmoon, L50, M|100/100
|move|p1a: Gholdengo|Trick|p2a: Magmar
|-activate|p1a: Gholdengo|move: Trick|[of] p2a: Magmar
|-item|p2a: Magmar|Choice Scarf|[from] move: Trick
|-item|p1a: Gholdengo|Eviolite|[from] move: Trick
|move|p2a: Magmar|Overheat|p1a: Gholdengo
|-supereffective|p1a: Gholdengo
|-damage|p1a: Gholdengo|0 fnt
|-unboost|p2a: Magmar|spa|2
|faint|p1a: Gholdengo
|move|p1b: Dragonite|Scale Shot|p2a: Magmar|[miss]
|-miss|p1b: Dragonite|p2a: Magmar
|
|upkeep
|
|t:|1756301905
|switch|p1a: Ursaluna|Ursaluna-Bloodmoon, L50, M|100/100
|turn|2
|
|t:|1756301925
|switch|p2a: Annihilape|Annihilape, L50, M|100/100
|move|p1b: Dragonite|Scale Shot|p2b: Ursaluna
|-damage|p2b: Ursaluna|90/100
|-damage|p2b: Ursaluna|80/100
|-damage|p2b: Ursaluna|69/100
|-damage|p2b: Ursaluna|59/100
|-damage|p2b: Ursaluna|47/100
|-hitcount|p2b: Ursaluna|5
|-unboost|p1b: Dragonite|def|1
|-boost|p1b: Dragonite|spe|1
|move|p1a: Ursaluna|Hyper Voice|p2a: Annihilape|[spread] p2a,p2b
|-damage|p2a: Annihilape|70/100
|-damage|p2b: Ursaluna|19/100
|move|p2b: Ursaluna|Hyper Voice|p1a: Ursaluna|[spread] p1a,p1b
|-damage|p1a: Ursaluna|75/100
|-damage|p1b: Dragonite|79/100
|
|upkeep
|turn|3
|inactive|damage77 has 30 seconds left.
|inactive|Avocanoodle has 30 seconds left.
|inactive|Avocanoodle has 20 seconds left.
|inactive|Avocanoodle has 15 seconds left.
|inactive|Avocanoodle has 10 seconds left.
|
|t:|1756301971
|switch|p2b: Magmar|Magmar, L50, F|100/100
|-terastallize|p1b: Dragonite|Normal
|move|p1b: Dragonite|Scale Shot|p2a: Annihilape
|-damage|p2a: Annihilape|55/100
|-damage|p2a: Annihilape|40/100
|-enditem|p2a: Annihilape|Sitrus Berry|[eat]
|-heal|p2a: Annihilape|65/100|[from] item: Sitrus Berry
|-damage|p2a: Annihilape|51/100
|-damage|p2a: Annihilape|35/100
|-damage|p2a: Annihilape|19/100
|-hitcount|p2a: Annihilape|5
|-unboost|p1b: Dragonite|def|1
|-boost|p1b: Dragonite|spe|1
|move|p2a: Annihilape|Rage Fist|p1b: Dragonite
|-immune|p1b: Dragonite
|move|p1a: Ursaluna|Hyper Voice|p2a: Annihilape|[spread] p2a,p2b
|-damage|p2a: Annihilape|0 fnt
|-damage|p2b: Magmar|55/100
|faint|p2a: Annihilape
|
|upkeep
|
|t:|1756301983
|switch|p2a: Garganacl|Garganacl, L50, M|100/100
|turn|4
|
|t:|1756302000
|move|p1b: Dragonite|Scale Shot|p2b: Magmar
|-damage|p2b: Magmar|37/100
|-damage|p2b: Magmar|22/100
|-damage|p2b: Magmar|4/100
|-damage|p2b: Magmar|0 fnt
|faint|p2b: Magmar
|-hitcount|p2: Magmar|4
|-unboost|p1b: Dragonite|def|1
|-boost|p1b: Dragonite|spe|1
|move|p1a: Ursaluna|Earth Power|p2a: Garganacl
|-supereffective|p2a: Garganacl
|-damage|p2a: Garganacl|33/100
|move|p2a: Garganacl|Body Press|p1b: Dragonite
|-supereffective|p1b: Dragonite
|-damage|p1b: Dragonite|0 fnt
|faint|p1b: Dragonite
|
|-heal|p2a: Garganacl|39/100|[from] item: Leftovers
|upkeep
|
|t:|1756302015
|switch|p1b: Ninetales|Ninetales-Alola, L50, F|100/100
|switch|p2b: Ursaluna|Ursaluna-Bloodmoon, L50, M|19/100
|-weather|Snowscape|[from] ability: Snow Warning|[of] p1b: Ninetales
|turn|5
|-message|Avocanoodle forfeited.
|
|win|damage77
||Avocanoodle is ready for game 2.
||damage77 is ready for game 2.
|uhtml|next|Next: Game 2 of 3
