|j|☆Luh_simoes-04
|j|☆hexagonfoot
|html|Luh_simoes-04hexagonfoot    
|uhtml|bestof|Game 2 of a best-of-3
|t:|1757817547
|gametype|doubles
|player|p1|Luh_simoes-04|drayden|1174
|player|p2|hexagonfoot|caitlin|1108
|gen|9
|tier|[Gen 9] VGC 2025 Reg H (Bo3)
|rated|
|rule|Species Clause: Limit one of each Pokémon
|rule|Item Clause: Limit 1 of each item
|clearpoke
|poke|p1|Armarouge, L50, M|
|poke|p1|Ursaluna-Bloodmoon, L50, M|
|poke|p1|Indeedee-F, L50, F|
|poke|p1|Tsareena, L50, F|
|poke|p1|Primarina, L50, M|
|poke|p1|Gallade, L50, M|
|poke|p2|Gholdengo, L50|
|poke|p2|Sneasler, L50, M|
|poke|p2|Rillaboom, L50, M|
|poke|p2|Dragonite, L50, F|
|poke|p2|Ninetales-Alola, L50, M|
|poke|p2|Arcanine-Hisui, L50, M|
|teampreview|4
|showteam|p1|Armarouge||PowerHerb|FlashFire|ArmorCannon,ExpandingForce,MeteorBeam,TrickRoom|||M|||50|,,,,,Grass]Ursaluna-Bloodmoon||LifeOrb|MindsEye|HyperVoice,BloodMoon,EarthPower,Protect|||M|||50|,,,,,Normal]Indeedee-F||MentalHerb|PsychicSurge|Psychic,HelpingHand,FollowMe,TrickRoom|||F|||50|,,,,,Fairy]Tsareena||WideLens|QueenlyMajesty|PowerWhip,TripleAxel,Taunt,Protect|||F|||50|,,,,,Ice]Primarina||ThroatSpray|LiquidVoice|HyperVoice,Moonblast,Haze,Protect|||M|||50|,,,,,Steel]Gallade||SafetyGoggles|Sharpness|SacredSword,PsychoCut,WideGuard,TrickRoom|||M|||50|,,,,,Water
|showteam|p2|Gholdengo||GrassySeed|GoodasGold|NastyPlot,MakeItRain,ShadowBall,Protect||||||50|,,,,,Water]Sneasler||WhiteHerb|Unburden|CloseCombat,DireClaw,Coaching,Protect|||M|||50|,,,,,Ghost]Rillaboom||AssaultVest|GrassySurge|FakeOut,GrassyGlide,DrumBeating,HighHorsepower|||M|||50|,,,,,Fire]Dragonite||LoadedDice|Multiscale|ScaleShot,StompingTantrum,Tailwind,Protect|||F|||50|,,,,,Ground]Ninetales-Alola||FocusSash|SnowWarning|Blizzard,IcyWind,Encore,AuroraVeil|||M|||50|,,,,,Ghost]Arcanine-Hisui||ClearAmulet|Intimidate|RockSlide,FlareBlitz,ExtremeSpeed,Protect|||M|||50|,,,,,Water
|inactive|Battle timer is ON: inactive players will automatically lose when time's up. (requested by Luh_simoes-04)
|j| Cazabichosroger
|inactive|Luh_simoes-04 has 60 seconds left.
|
|t:|1757817579
|teamsize|p1|4
|teamsize|p2|4
|start
|switch|p1a: Indeedee|Indeedee-F, L50, F|100/100
|switch|p1b: Armarouge|Armarouge, L50, M|100/100
|switch|p2a: Canada Water|Ninetales-Alola, L50, M|100/100
|switch|p2b: Barking Riverside|Arcanine-Hisui, L50, M|100/100
|-weather|Snowscape|[from] ability: Snow Warning|[of] p2a: Canada Water
|-ability|p2b: Barking Riverside|Intimidate|boost
|-unboost|p1a: Indeedee|atk|1
|-unboost|p1b: Armarouge|atk|1
|-fieldstart|move: Psychic Terrain|[from] ability: Psychic Surge|[of] p1a: Indeedee
|turn|1
|
|t:|1757817589
|-terastallize|p1b: Armarouge|Grass
|move|p2a: Canada Water|Aurora Veil|p2a: Canada Water
|-sidestart|p2: hexagonfoot|move: Aurora Veil
|move|p2b: Barking Riverside|Rock Slide|p1b: Armarouge|[spread] p1a,p1b
|-damage|p1a: Indeedee|71/100
|-damage|p1b: Armarouge|77/100
|cant|p1b: Armarouge|flinch
|cant|p1a: Indeedee|flinch
|
|-weather|Snowscape|[upkeep]
|upkeep
|turn|2
|
|t:|1757817602
|switch|p1b: Primarina|Primarina, L50, M|100/100
|move|p2a: Canada Water|Blizzard|p1b: Primarina|[spread] p1a,p1b
|-resisted|p1b: Primarina
|-damage|p1a: Indeedee|37/100
|-damage|p1b: Primarina|87/100
|-status|p1b: Primarina|frz
|move|p2b: Barking Riverside|Rock Slide|p1a: Indeedee|[spread] p1a
|-miss|p2b: Barking Riverside|p1b: Primarina
|-damage|p1a: Indeedee|10/100
|move|p1a: Indeedee|Trick Room|p1a: Indeedee
|-fieldstart|move: Trick Room|[of] p1a: Indeedee
|
|-weather|Snowscape|[upkeep]
|upkeep
|turn|3
|-message|Luh_simoes-04 forfeited.
|
|win|hexagonfoot
|raw|Luh_simoes-04's rating: 1174 → 1144(-30 for losing)
|raw|hexagonfoot's rating: 1108 → 1138(+30 for winning)
|l|☆Luh_simoes-04
|player|p1|
|l|☆hexagonfoot
|player|p2|
|l| Cazabichosroger
|j|☆hexagonfoot
|player|p2|hexagonfoot|caitlin|
