|j|☆louffytarau
|j|☆ExploudGaming
|html|louffytarauExploudGaming    
|uhtml|bestof|Game 3 of a best-of-3
|t:|1756270991
|gametype|doubles
|player|p1|louffytarau|1|1190
|player|p2|ExploudGaming|burglar|1267
|gen|9
|tier|[Gen 9] VGC 2025 Reg H (Bo3)
|rated|
|rule|Species Clause: Limit one of each Pokémon
|rule|Item Clause: Limit 1 of each item
|clearpoke
|poke|p1|Incineroar, L50, M|
|poke|p1|Gholdengo, L50|
|poke|p1|Amoonguss, L50, M|
|poke|p1|Hydreigon, L50, M|
|poke|p1|Porygon2, L50|
|poke|p1|Ursaluna, L50, F|
|poke|p2|Whimsicott, L50, M|
|poke|p2|Annihilape, L50, F|
|poke|p2|Ursaluna-Bloodmoon, L50, M|
|poke|p2|Farigiraf, L50, F|
|poke|p2|Salamence, L50, F|
|poke|p2|Rillaboom, L50, M|
|teampreview|4
|showteam|p1|Incineroar||SitrusBerry|Intimidate|KnockOff,FakeOut,FlareBlitz,PartingShot|||M|||50|,,,,,Ghost]Gholdengo||MetalCoat|GoodasGold|Protect,NastyPlot,MakeItRain,ShadowBall||||||50|,,,,,Water]Amoonguss||RockyHelmet|Regenerator|Spore,RagePowder,PollenPuff,Protect|||M|||50|,,,,,Fairy]Hydreigon||SafetyGoggles|Levitate|DracoMeteor,Snarl,Tailwind,Protect|||M|||50|,,,,,Ghost]Porygon2||Eviolite|Download|Recover,IceBeam,TeraBlast,TrickRoom||||||50|,,,,,Fighting]Ursaluna||FlameOrb|Guts|Earthquake,Facade,HeadlongRush,Protect|||F|||50|,,,,,Ghost
|showteam|p2|Whimsicott||CovertCloak|Prankster|HelpingHand,Tailwind,BeatUp,Moonblast|||M|||50|,,,,,Fire]Annihilape||SafetyGoggles|Defiant|Protect,Taunt,RageFist,CloseCombat|||F|||50|,,,,,Water]Ursaluna-Bloodmoon||LifeOrb|MindsEye|Protect,BloodMoon,HyperVoice,EarthPower|||M|||50|,,,,,Normal]Farigiraf||SitrusBerry|ArmorTail|TrickRoom,HelpingHand,HyperVoice,Psychic|||F|||50|,,,,,Fire]Salamence||ChoiceBand|Intimidate|BreakingSwipe,Outrage,TemperFlare,DualWingbeat|||F|||50|,,,,,Fire]Rillaboom||AssaultVest|GrassySurge|FakeOut,GrassyGlide,HighHorsepower,WoodHammer|||M|||50|,,,,,Poison
|inactive|Battle timer is ON: inactive players will automatically lose when time's up. (requested by ExploudGaming)
|
|t:|1756271041
|teamsize|p1|4
|teamsize|p2|4
|start
|switch|p1a: Porygon2|Porygon2, L50|100/100
|switch|p1b: Ursaluna|Ursaluna, L50, F|100/100
|switch|p2a: Whimsicott|Whimsicott, L50, M|100/100
|switch|p2b: Annihilape|Annihilape, L50, F|100/100
|-ability|p1a: Porygon2|Download|boost
|-boost|p1a: Porygon2|atk|1
|turn|1
|
|t:|1756271061
|move|p2a: Whimsicott|Helping Hand|p2b: Annihilape
|-singleturn|p2b: Annihilape|Helping Hand|[of] p2a: Whimsicott
|move|p1b: Ursaluna|Protect|p1b: Ursaluna
|-singleturn|p1b: Ursaluna|Protect
|move|p2b: Annihilape|Close Combat|p1a: Porygon2
|-supereffective|p1a: Porygon2
|-damage|p1a: Porygon2|0 fnt
|-unboost|p2b: Annihilape|def|1
|-unboost|p2b: Annihilape|spd|1
|faint|p1a: Porygon2
|
|-status|p1b: Ursaluna|brn|[from] item: Flame Orb
|upkeep
|
|t:|1756271077
|switch|p1a: Gholdengo|Gholdengo, L50|100/100
|turn|2
|inactive|ExploudGaming has 30 seconds left.
|inactive|ExploudGaming has 20 seconds left.
|
|t:|1756271112
|-terastallize|p1b: Ursaluna|Ghost
|move|p2a: Whimsicott|Tailwind|p2a: Whimsicott
|-sidestart|p2: ExploudGaming|move: Tailwind
|move|p2b: Annihilape|Taunt|p1b: Ursaluna
|-start|p1b: Ursaluna|move: Taunt
|move|p1a: Gholdengo|Shadow Ball|p2b: Annihilape
|-supereffective|p2b: Annihilape
|-damage|p2b: Annihilape|0 fnt
|faint|p2b: Annihilape
|move|p1b: Ursaluna|Facade|p2a: Whimsicott
|-damage|p2a: Whimsicott|0 fnt
|faint|p2a: Whimsicott
|
|-damage|p1b: Ursaluna|94/100 brn|[from] brn
|upkeep
|
|t:|1756271121
|switch|p2a: Ursaluna|Ursaluna-Bloodmoon, L50, M|100/100
|switch|p2b: Salamence|Salamence, L50, F|100/100
|-ability|p2b: Salamence|Intimidate|boost
|-unboost|p1a: Gholdengo|atk|1
|-unboost|p1b: Ursaluna|atk|1
|turn|3
|inactive|louffytarau has 30 seconds left.
|
|t:|1756271149
|-terastallize|p2b: Salamence|Fire
|move|p1a: Gholdengo|Protect|p1a: Gholdengo
|-singleturn|p1a: Gholdengo|Protect
|move|p2b: Salamence|Temper Flare|p1a: Gholdengo
|-activate|p1a: Gholdengo|move: Protect
|move|p2a: Ursaluna|Blood Moon|p1b: Ursaluna
|-crit|p1b: Ursaluna
|-damage|p1b: Ursaluna|0 fnt
|faint|p1b: Ursaluna
|-damage|p2a: Ursaluna|91/100|[from] item: Life Orb
|
|upkeep
|
|t:|1756271161
|switch|p1b: Amoonguss|Amoonguss, L50, M|100/100
|turn|4
|inactive|louffytarau has 30 seconds left.
|inactive|louffytarau has 20 seconds left.
|inactive|louffytarau has 15 seconds left.
|inactive|louffytarau has 10 seconds left.
|
|t:|1756271210
|move|p1a: Gholdengo|Protect||[still]
|-fail|p1a: Gholdengo
|move|p2b: Salamence|Temper Flare|p1b: Amoonguss
|-supereffective|p1b: Amoonguss
|-damage|p1b: Amoonguss|13/100
|-damage|p2b: Salamence|84/100|[from] item: Rocky Helmet|[of] p1b: Amoonguss
|move|p2a: Ursaluna|Earth Power|p1a: Gholdengo
|-supereffective|p1a: Gholdengo
|-damage|p1a: Gholdengo|0 fnt
|faint|p1a: Gholdengo
|-damage|p2a: Ursaluna|81/100|[from] item: Life Orb
|move|p1b: Amoonguss|Spore|p2a: Ursaluna
|-status|p2a: Ursaluna|slp|[from] move: Spore
|
|upkeep
|turn|5
|-message|louffytarau forfeited.
|
|win|ExploudGaming
|raw|louffytarau's rating: 1190 → 1170(-20 for losing)
|raw|ExploudGaming's rating: 1267 → 1287(+20 for winning)
|l|☆louffytarau
|player|p1|
|j|☆louffytarau
|player|p1|louffytarau|1|
