|j|☆MikeShinobu
|j|☆Jadyeetus
|html|MikeShinobuJadyeetus    
|uhtml|bestof|Game 1 of a best-of-3
|t:|1783102021
|gametype|doubles
|player|p1|MikeShinobu|ethan|1091
|player|p2|Jadyeetus|linebacker|1077
|gen|9
|tier|[Gen 9 Champions] VGC 2026 Reg M-B (Bo3)
|rated|
|rule|Species Clause: Limit one of each Pokémon
|rule|Item Clause: Limit 1 of each item
|clearpoke
|poke|p1|Whimsicott, L50, M|
|poke|p1|Garchomp, L50, M|
|poke|p1|Staraptor, L50, F|
|poke|p1|Blaziken, L50, M|
|poke|p1|Ninetales-Alola, L50, M|
|poke|p1|Excadrill, L50, M|
|poke|p2|Staraptor, L50, M|
|poke|p2|Excadrill, L50, M, shiny|
|poke|p2|Rotom-Heat, L50, shiny|
|poke|p2|Sceptile, L50, M, shiny|
|poke|p2|Whimsicott, L50, M|
|poke|p2|Palafin, L50, M|
|teampreview|4
|showteam|p1|Whimsicott||CobaBerry|Prankster|Encore,Tailwind,Moonblast,Charm|Timid||M|||50|]Garchomp||LifeOrb|RoughSkin|DragonClaw,Earthquake,Protect,RockSlide|Jolly||M|||50|]Staraptor||Staraptite|Intimidate|CloseCombat,BraveBird,Roost,Protect|Jolly||F|||50|]Blaziken||FocusSash|SpeedBoost|Coaching,Protect,BrickBreak,FlareBlitz|Adamant||M|||50|]Ninetales-Alola||LightClay|SnowWarning|Blizzard,Moonblast,AuroraVeil,Protect|Modest||M|||50|]Excadrill||Excadrite|MoldBreaker|Earthquake,HighHorsepower,IronHead,Protect|Jolly||M|||50|
|showteam|p2|Staraptor||Staraptite|Intimidate|CloseCombat,BraveBird,Protect,Roost|Jolly||M|||50|]Excadrill||ChoiceScarf|MoldBreaker|Earthquake,RockSlide,BrickBreak,IronHead|Jolly||M|||50|]Rotom-Heat||Leftovers|Levitate|Discharge,Overheat,DarkPulse,Protect|Timid|||||50|]Sceptile||Sceptilite|Overgrow|EarthPower,GigaDrain,Protect,DragonPulse|Timid||M|||50|]Whimsicott||FocusSash|Prankster|Charm,Tailwind,Moonblast,SunnyDay|Bold||M|||50|]Palafin||MysticWater|ZerotoHero|FlipTurn,Protect,CloseCombat,JetPunch|Jolly||M|||50|
|inactive|Battle timer is ON: inactive players will automatically lose when time's up. (requested by Jadyeetus)
|inactive|MikeShinobu also wants the timer to be on.
|inactive|Jadyeetus has 60 seconds left.
|
|t:|1783102066
|teamsize|p1|4
|teamsize|p2|4
|start
|switch|p1a: Whimsicott|Whimsicott, L50, M|100/100
|switch|p1b: Excadrill|Excadrill, L50, M|100/100
|switch|p2a: Whimsy|Whimsicott, L50, M|100/100
|switch|p2b: Unhand me|Excadrill, L50, M, shiny|100/100
|-ability|p2b: Unhand me|Mold Breaker
|-ability|p1b: Excadrill|Mold Breaker
|turn|1
|
|t:|1783102087
|move|p1a: Whimsicott|Charm|p2b: Unhand me
|-unboost|p2b: Unhand me|atk|2
|move|p2a: Whimsy|Charm|p1b: Excadrill
|-unboost|p1b: Excadrill|atk|2
|move|p2b: Unhand me|Earthquake|p1b: Excadrill|[spread] p2a,p1a,p1b
|-resisted|p2a: Whimsy|1
|-resisted|p1a: Whimsicott|1
|-supereffective|p1b: Excadrill|1
|-crit|p1b: Excadrill
|-damage|p2a: Whimsy|92/100
|-damage|p1a: Whimsicott|85/100
|-damage|p1b: Excadrill|0 fnt
|faint|p1b: Excadrill
|
|upkeep
|
|t:|1783102095
|switch|p1b: Staraptor|Staraptor, L50, F|100/100
|-ability|p1b: Staraptor|Intimidate|boost
|-unboost|p2a: Whimsy|atk|1
|-unboost|p2b: Unhand me|atk|1
|turn|2
|
|t:|1783102110
|switch|p2b: Mohawk|Staraptor, L50, M|100/100
|-ability|p2b: Mohawk|Intimidate|boost
|-unboost|p1a: Whimsicott|atk|1
|-unboost|p1b: Staraptor|atk|1
|detailschange|p1b: Staraptor|Staraptor-Mega, L50, F
|-mega|p1b: Staraptor|Staraptor|Staraptite
|move|p1a: Whimsicott|Charm|p1b: Staraptor
|-boost|p1b: Staraptor|atk|2
|move|p2a: Whimsy|Tailwind|p2a: Whimsy
|-sidestart|p2: Jadyeetus|move: Tailwind
|move|p1b: Staraptor|Close Combat|p2b: Mohawk
|-damage|p2b: Mohawk|0 fnt
|-boost|p1b: Staraptor|def|1
|-boost|p1b: Staraptor|spd|1
|faint|p2b: Mohawk
|
|upkeep
|
|t:|1783102130
|switch|p2b: Unhand me|Excadrill, L50, M, shiny|100/100
|-ability|p2b: Unhand me|Mold Breaker
|turn|3
|
|t:|1783102137
|move|p1a: Whimsicott|Tailwind|p1a: Whimsicott
|-sidestart|p1: MikeShinobu|move: Tailwind
|move|p2b: Unhand me|Rock Slide|p1a: Whimsicott|[spread] p1a,p1b
|-damage|p1a: Whimsicott|54/100
|-damage|p1b: Staraptor|87/100
|move|p1b: Staraptor|Brave Bird|p2a: Whimsy
|-supereffective|p2a: Whimsy|1
|-damage|p2a: Whimsy|0 fnt
|faint|p2a: Whimsy
|-damage|p1b: Staraptor|60/100|[from] Recoil
|
|upkeep
|
|t:|1783102146
|switch|p2a: All might|Palafin, L50, M|100/100
|turn|4
|-message|Jadyeetus forfeited.
|
|win|MikeShinobu
