|j|☆titsydude
|j|☆awif34
|html|titsydudeawif34    
|uhtml|bestof|Game 1 of a best-of-3
|t:|1783658117
|gametype|doubles
|player|p1|titsydude|2|1107
|player|p2|awif34|265|1030
|gen|9
|tier|[Gen 9 Champions] VGC 2026 Reg M-B (Bo3)
|rated|
|rule|Species Clause: Limit one of each Pokémon
|rule|Item Clause: Limit 1 of each item
|clearpoke
|poke|p1|Pyroar, L50, M|
|poke|p1|Ninetales, L50, F|
|poke|p1|Whimsicott, L50, F|
|poke|p1|Floette-Eternal, L50, F|
|poke|p1|Basculegion, L50, M|
|poke|p1|Farigiraf, L50, F|
|poke|p2|Staraptor, L50, M, shiny|
|poke|p2|Grimmsnarl, L50, M|
|poke|p2|Garchomp, L50, F|
|poke|p2|Armarouge, L50, F, shiny|
|poke|p2|Gholdengo, L50|
|poke|p2|Floette-Eternal, L50, F|
|teampreview|4
|showteam|p1|Pyroar||Pyroarite|Unnerve|HeatWave,Overheat,SolarBeam,Protect|Timid||M|||50|]Ninetales||ChoiceScarf|Drought|HeatWave,Overheat,SolarBeam,FakeTears|Modest||F|||50|]Whimsicott||FocusSash|Prankster|Moonblast,Tailwind,SunnyDay,Protect|Timid||F|||50|]Floette-Eternal||Floettite|FlowerVeil|Moonblast,LightofRuin,DazzlingGleam,Protect|Modest||F|||50|]Basculegion||LifeOrb|Adaptability|WaveCrash,LastRespects,AquaJet,Protect|Adamant||M|||50|]Farigiraf||SitrusBerry|ArmorTail|Psychic,Thunderbolt,TrickRoom,HelpingHand|Bold||F|||50|
|showteam|p2|Staraptor||Staraptite|Intimidate|CloseCombat,BraveBird,Protect,BlazeKick|Jolly||M|||50|]Grimmsnarl||SitrusBerry|Prankster|FakeOut,PartingShot,ScaryFace,SpiritBreak|Adamant||M|||50|]Garchomp||WideLens|RoughSkin|Earthquake,RockSlide,BreakingSwipe,Protect|Jolly||F|||50|]Armarouge||FocusSash|FlashFire|WideGuard,ScorchingSands,ExpandingForce,HeatWave|Modest||F|||50|]Gholdengo||LifeOrb|GoodasGold|ShadowBall,MakeItRain,DazzlingGleam,Protect|Timid|||||50|]Floette-Eternal||Floettite|FlowerVeil|CalmMind,LightofRuin,DazzlingGleam,Protect|Timid||F|||50|
|inactive|Battle timer is ON: inactive players will automatically lose when time's up. (requested by titsydude)
|inactive|titsydude has 60 seconds left.
|
|t:|1783658159
|teamsize|p1|4
|teamsize|p2|4
|start
|switch|p1a: Basculegion|Basculegion, L50, M|100/100
|switch|p1b: Pyroar|Pyroar, L50, M|100/100
|switch|p2a: Armarouge|Armarouge, L50, F, shiny|100/100
|switch|p2b: Garchomp|Garchomp, L50, F|100/100
|-ability|p1b: Pyroar|Unnerve
|turn|1
|inactive|titsydude has 30 seconds left.
|inactive|awif34 has 30 seconds left.
|inactive|awif34 has 20 seconds left.
|inactive|awif34 has 15 seconds left.
|
|t:|1783658204
|move|p1b: Pyroar|Protect|p1b: Pyroar
|-singleturn|p1b: Pyroar|Protect
|move|p2b: Garchomp|Rock Slide|p1b: Pyroar|[spread] p1a
|-activate|p1b: Pyroar|move: Protect
|-damage|p1a: Basculegion|76/100
|cant|p1a: Basculegion|flinch
|move|p2a: Armarouge|Scorching Sands|p1b: Pyroar
|-activate|p1b: Pyroar|move: Protect
|
|upkeep
|turn|2
|
|t:|1783658223
|switch|p1b: Farigiraf|Farigiraf, L50, F|100/100
|move|p2b: Garchomp|Rock Slide|p1b: Farigiraf|[spread] p1a,p1b
|-damage|p1a: Basculegion|56/100
|-damage|p1b: Farigiraf|83/100
|cant|p1a: Basculegion|flinch
|move|p2a: Armarouge|Scorching Sands|p1b: Farigiraf
|-damage|p1b: Farigiraf|56/100
|-status|p1b: Farigiraf|brn
|
|-damage|p1b: Farigiraf|50/100g brn|[from] brn
|upkeep
|turn|3
|-message|titsydude forfeited.
|
|win|awif34
