|j|ŌśåUneCourgettte
|j|Ōśålosingwithbadteam
|html|UneCourgetttelosingwithbadteam    
|uhtml|bestof|Game 2 of a best-of-3
|t:|1756563509
|gametype|doubles
|player|p1|UneCourgettte|swimmerf|1037
|player|p2|losingwithbadteam|1|1076
|gen|9
|tier|[Gen 9] VGC 2025 Reg H (Bo3)
|rated|
|rule|Species Clause: Limit one of each Pok├®mon
|rule|Item Clause: Limit 1 of each item
|clearpoke
|poke|p1|Maushold-Four, L50|
|poke|p1|Kingambit, L50, M|
|poke|p1|Ninetales-Alola, L50, M|
|poke|p1|Tauros-Paldea-Blaze, L50, M|
|poke|p1|Greninja-*, L50, M|
|poke|p1|Indeedee, L50, M|
|poke|p2|Torkoal, L50, F|
|poke|p2|Charizard, L50, F|
|poke|p2|Jumpluff, L50, M|
|poke|p2|Ursaluna, L50, F|
|poke|p2|Incineroar, L50, F|
|poke|p2|Porygon2, L50|
|teampreview|4
|showteam|p1|Maushold-Four||WideLens|Technician|PopulationBomb,Taunt,FollowMe,Protect||||||50|,,,,,Ghost]Kingambit||AssaultVest|Defiant|KowtowCleave,SuckerPunch,IronHead,LowKick|||M|||50|,,,,,Fire]Ninetales-Alola||FocusSash|SnowWarning|Blizzard,FreezeDry,Encore,Protect|||M|||50|,,,,,Ghost]Tauros-Paldea-Blaze||MirrorHerb|Intimidate|RagingBull,CloseCombat,WillOWisp,Protect|||M|||50|,,,,,Grass]Greninja||ChoiceSpecs|Protean|HydroPump,Blizzard,Haze,DarkPulse|||M|||50|,,,,,Ghost]Indeedee||PsychicSeed|PsychicSurge|ExpandingForce,TeraBlast,TrickRoom,Imprison|||M|||50|,,,,,Fighting
|showteam|p2|Torkoal||EjectPack|Drought|Overheat,Eruption,HelpingHand,Protect|||F|||50|,,,,,Fire]Charizard||ChoiceSpecs|SolarPower|WeatherBall,HeatWave,Overheat,DragonPulse|||F|||50|,,,,,Ghost]Jumpluff||CovertCloak|Chlorophyll|Tailwind,RagePowder,SleepPowder,SunnyDay|||M|||50|,,,,,Fire]Ursaluna||FlameOrb|Guts|Protect,Facade,HeadlongRush,Earthquake|||F|||50|,,,,,Ghost]Incineroar||SitrusBerry|Intimidate|FakeOut,FlareBlitz,KnockOff,PartingShot|||F|||50|,,,,,Ghost]Porygon2||Eviolite|Download|TeraBlast,IceBeam,TrickRoom,Recover||||||50|,,,,,Fighting
|inactive|Battle timer is ON: inactive players will automatically lose when time's up. (requested by losingwithbadteam)
|inactive|UneCourgettte has 60 seconds left.
|inactive|losingwithbadteam has 60 seconds left.
|
|t:|1756563566
|teamsize|p1|4
|teamsize|p2|4
|start
|switch|p1a: Maushold|Maushold-Four, L50|100/100
|switch|p1b: Kingambit|Kingambit, L50, M|100/100
|switch|p2a: Charizard|Charizard, L50, F|100/100
|switch|p2b: Jumpluff|Jumpluff, L50, M|100/100
|turn|1
|inactive|UneCourgettte has 30 seconds left.
|
|t:|1756563601
|switch|p2a: Torkoal|Torkoal, L50, F|100/100
|-weather|SunnyDay|[from] ability: Drought|[of] p2a: Torkoal
|-terastallize|p1b: Kingambit|Fire
|move|p2b: Jumpluff|Sleep Powder|p1a: Maushold|[miss]
|-miss|p2b: Jumpluff|p1a: Maushold
|move|p1a: Maushold|Population Bomb|p2b: Jumpluff
|-damage|p2b: Jumpluff|87/100
|-damage|p2b: Jumpluff|72/100
|-damage|p2b: Jumpluff|58/100
|-damage|p2b: Jumpluff|43/100
|-damage|p2b: Jumpluff|29/100
|-damage|p2b: Jumpluff|14/100
|-damage|p2b: Jumpluff|0 fnt
|faint|p2b: Jumpluff
|-hitcount|p2: Jumpluff|7
|move|p1b: Kingambit|Kowtow Cleave|p2a: Torkoal
|-damage|p2a: Torkoal|63/100
|
|-weather|SunnyDay|[upkeep]
|upkeep
|c|Ōśålosingwithbadteam|Licky
|c|Ōśålosingwithbadteam|Lucky
|c|Ōśålosingwithbadteam|Lucky
|c|Ōśålosingwithbadteam|Lucky
|-message|losingwithbadteam forfeited.
|raw|UneCourgettte's rating: 1037 → 1075(+38 for winning)
|raw|losingwithbadteam's rating: 1076 → 1052(-24 for losing)
|
|win|UneCourgettte
|l|Ōśålosingwithbadteam
|player|p2|
