|j|☆PekitoGor
|j|☆saartori
|html|PekitoGorsaartori    
|uhtml|bestof|Game 1 of a best-of-3
|t:|1757101106
|gametype|doubles
|player|p1|PekitoGor|hilda|1047
|player|p2|saartori|miku-ghost|1068
|gen|9
|tier|[Gen 9] VGC 2025 Reg H (Bo3)
|rated|
|rule|Species Clause: Limit one of each Pokémon
|rule|Item Clause: Limit 1 of each item
|clearpoke
|poke|p1|Drednaw, L50, F|
|poke|p1|Politoed, L50, M|
|poke|p1|Gothitelle, L50, M|
|poke|p1|Incineroar, L50, F|
|poke|p1|Ursaluna-Bloodmoon, L50, M|
|poke|p1|Amoonguss, L50, M|
|poke|p2|Archaludon, L50, F|
|poke|p2|Rillaboom, L50, F|
|poke|p2|Basculegion, L50, M|
|poke|p2|Kingambit, L50, M|
|poke|p2|Pelipper, L50, M|
|poke|p2|Electabuzz, L50, M|
|teampreview|4
|showteam|p1|Drednaw||LifeOrb|SwiftSwim|JawLock,Liquidation,IceSpinner,Protect|||F|||50|,,,,,Stellar]Politoed||SitrusBerry|Drizzle|PerishSong,ChillingWater,IcyWind,Substitute|||M|||50|,,,,,Grass]Gothitelle||Leftovers|ShadowTag|FakeOut,Taunt,Protect,Psychic|||M|||50|,,,,,Dark]Incineroar||SafetyGoggles|Intimidate|FakeOut,KnockOff,PartingShot,WillOWisp|||F|||50|,,,,,Ghost]Ursaluna-Bloodmoon||AssaultVest|MindsEye|BloodMoon,Moonblast,EarthPower,HyperVoice|||M|||50|,,,,,Ghost]Amoonguss||RockyHelmet|Regenerator|Protect,Spore,RagePowder,PollenPuff|||M|||50|,,,,,Water
|showteam|p2|Archaludon||AssaultVest|Stamina|ElectroShot,DracoMeteor,FlashCannon,BodyPress|||F|||50|,,,,,Fairy]Rillaboom||LoadedDice|GrassySurge|BulletSeed,GrassyGlide,FakeOut,HighHorsepower|||F|||50|,,,,,Fire]Basculegion||ChoiceBand|SwiftSwim|WaveCrash,LastRespects,FlipTurn,AquaJet|||M|||50|,,,,,Grass]Kingambit||BlackGlasses|Defiant|KowtowCleave,SuckerPunch,SwordsDance,Protect|||M|||50|,,,,,Dark]Pelipper||FocusSash|Drizzle|WeatherBall,Hurricane,Tailwind,Protect|||M|||50|,,,,,Ghost]Electabuzz||Eviolite|VitalSpirit|Electroweb,Taunt,FollowMe,Protect|||M|||50|,,,,,Ghost
|inactive|Battle timer is ON: inactive players will automatically lose when time's up. (requested by saartori)
|inactive|saartori has 60 seconds left.
|
|t:|1757101157
|teamsize|p1|4
|teamsize|p2|4
|start
|switch|p1a: Politoed|Politoed, L50, M|100/100
|switch|p1b: Drednaw|Drednaw, L50, F|100/100
|switch|p2a: Basculegion|Basculegion, L50, M|100/100
|switch|p2b: Pelipper|Pelipper, L50, M|100/100
|-weather|RainDance|[from] ability: Drizzle|[of] p2b: Pelipper
|turn|1
|inactive|PekitoGor has 30 seconds left.
|
|t:|1757101185
|switch|p1b: Incineroar|Incineroar, L50, F|100/100
|-ability|p1b: Incineroar|Intimidate|boost
|-unboost|p2a: Basculegion|atk|1
|-unboost|p2b: Pelipper|atk|1
|move|p2a: Basculegion|Wave Crash|p1b: Incineroar
|-supereffective|p1b: Incineroar
|-damage|p1b: Incineroar|0 fnt
|faint|p1b: Incineroar
|-damage|p2a: Basculegion|66/100|[from] Recoil
|move|p2b: Pelipper|Hurricane|p1a: Politoed
|-damage|p1a: Politoed|52/100
|move|p1a: Politoed|Icy Wind|p2b: Pelipper|[spread] p2a,p2b
|-resisted|p2a: Basculegion
|-damage|p2a: Basculegion|60/100
|-damage|p2b: Pelipper|84/100
|-unboost|p2a: Basculegion|spe|1
|-unboost|p2b: Pelipper|spe|1
|
|-weather|RainDance|[upkeep]
|upkeep
|
|t:|1757101201
|switch|p1b: Drednaw|Drednaw, L50, F|100/100
|turn|2
|
|t:|1757101216
|switch|p2a: Archaludon|Archaludon, L50, F|100/100
|move|p2b: Pelipper|Protect|p2b: Pelipper
|-singleturn|p2b: Pelipper|Protect
|move|p1b: Drednaw|Jaw Lock|p2a: Archaludon
|-damage|p2a: Archaludon|78/100
|-activate|p1b: Drednaw|trapped
|-activate|p2a: Archaludon|trapped
|-ability|p2a: Archaludon|Stamina|boost
|-boost|p2a: Archaludon|def|1
|-damage|p1b: Drednaw|91/100|[from] item: Life Orb
|move|p1a: Politoed|Icy Wind|p2a: Archaludon|[spread] p2a
|-activate|p2b: Pelipper|move: Protect
|-damage|p2a: Archaludon|71/100
|-unboost|p2a: Archaludon|spe|1
|-ability|p2a: Archaludon|Stamina|boost
|-boost|p2a: Archaludon|def|1
|
|-weather|RainDance|[upkeep]
|upkeep
|turn|3
|inactive|PekitoGor has 30 seconds left.
|inactive|saartori has 30 seconds left.
|inactive|saartori has 20 seconds left.
|
|t:|1757101256
|-terastallize|p1b: Drednaw|Stellar
|move|p1b: Drednaw|Liquidation|p2a: Archaludon
|-resisted|p2a: Archaludon
|-damage|p2a: Archaludon|53/100
|-unboost|p2a: Archaludon|def|1
|-ability|p2a: Archaludon|Stamina|boost
|-boost|p2a: Archaludon|def|1
|-damage|p1b: Drednaw|81/100|[from] item: Life Orb
|move|p1a: Politoed|Icy Wind|p2b: Pelipper|[spread] p2a
|-miss|p1a: Politoed|p2b: Pelipper
|-damage|p2a: Archaludon|46/100
|-unboost|p2a: Archaludon|spe|1
|-ability|p2a: Archaludon|Stamina|boost
|-boost|p2a: Archaludon|def|1
|move|p2b: Pelipper|Hurricane|p1a: Politoed
|-damage|p1a: Politoed|6/100
|-start|p1a: Politoed|confusion
|-enditem|p1a: Politoed|Sitrus Berry|[eat]
|-heal|p1a: Politoed|31/100|[from] item: Sitrus Berry
|move|p2a: Archaludon|Electro Shot||[still]
|-prepare|p2a: Archaludon|Electro Shot
|-boost|p2a: Archaludon|spa|1
|-anim|p2a: Archaludon|Electro Shot|p1a: Politoed
|-supereffective|p1a: Politoed
|-crit|p1a: Politoed
|-damage|p1a: Politoed|0 fnt
|faint|p1a: Politoed
|
|-weather|RainDance|[upkeep]
|upkeep
|inactive|PekitoGor has 30 seconds left.
|
|t:|1757101290
|switch|p1a: Ursaluna|Ursaluna-Bloodmoon, L50, M|100/100
|turn|4
|-message|PekitoGor forfeited.
|raw|PekitoGor's rating: 1047 → 1031(-16 for losing)
|raw|saartori's rating: 1068 → 1096(+28 for winning)
|
|win|saartori
