|j|☆tactical espeonage
|j|☆BerryCekodok
|html|tactical espeonageBerryCekodok    
|uhtml|bestof|Game 1 of a best-of-3
|t:|1757768988
|gametype|doubles
|player|p1|tactical espeonage|102|1113
|player|p2|BerryCekodok|pokefan|1106
|gen|9
|tier|[Gen 9] VGC 2025 Reg H (Bo3)
|rated|
|rule|Species Clause: Limit one of each Pokémon
|rule|Item Clause: Limit 1 of each item
|clearpoke
|poke|p1|Indeedee-F, L50, F|
|poke|p1|Espeon, L50, F|
|poke|p1|Tyranitar, L50, M|
|poke|p1|Excadrill, L50, F|
|poke|p1|Annihilape, L50, F|
|poke|p1|Scyther, L50, M|
|poke|p2|Porygon2, L50|
|poke|p2|Ursaluna, L50, M|
|poke|p2|Incineroar, L50, M|
|poke|p2|Amoonguss, L50, M|
|poke|p2|Gholdengo, L50|
|poke|p2|Flamigo, L50, M|
|teampreview|4
|showteam|p1|Indeedee-F||PsychicSeed|PsychicSurge|Psychic,FollowMe,HelpingHand,TrickRoom|||F|||50|,,,,,Fairy]Espeon||ChoiceSpecs|MagicBounce|ExpandingForce,ShadowBall,PowerGem,TeraBlast|||F|||50|,,,,,Fighting]Tyranitar||AssaultVest|SandStream|KnockOff,RockSlide,LowKick,TeraBlast|||M|||50|,,,,,Flying]Excadrill||ClearAmulet|SandRush|HighHorsepower,IronHead,Earthquake,Protect|||F|||50|,,,,,Ghost]Annihilape||SafetyGoggles|Defiant|RageFist,CloseCombat,Taunt,Protect|||F|||50|,,,,,Fire]Scyther||Eviolite|Technician|DualWingbeat,StruggleBug,Tailwind,Protect|||M|||50|,,,,,Rock
|showteam|p2|Porygon2||Eviolite|Download|TeraBlast,IceBeam,TrickRoom,Recover||||||50|,,,,,Fighting]Ursaluna||FlameOrb|Guts|Facade,HeadlongRush,Earthquake,Protect|||M|||50|,,,,,Ghost]Incineroar||SafetyGoggles|Intimidate|FlareBlitz,KnockOff,FakeOut,PartingShot|||M|||50|,,,,,Ghost]Amoonguss||SitrusBerry|Regenerator|PollenPuff,Protect,Spore,RagePowder|||M|||50|,,,,,Fairy]Gholdengo||LifeOrb|GoodasGold|MakeItRain,ShadowBall,Protect,NastyPlot||||||50|,,,,,Dragon]Flamigo||FocusSash|Scrappy|CloseCombat,BraveBird,Detect,WideGuard|||M|||50|,,,,,Ghost
|
|t:|1757769077
|teamsize|p1|4
|teamsize|p2|4
|start
|switch|p1a: Annihilape|Annihilape, L50, F|100/100
|switch|p1b: Indeedee|Indeedee-F, L50, F|100/100
|switch|p2a: Hunter|Incineroar, L50, M|100/100
|switch|p2b: Bearfoot|Ursaluna, L50, M|100/100
|-fieldstart|move: Psychic Terrain|[from] ability: Psychic Surge|[of] p1b: Indeedee
|-enditem|p1b: Indeedee|Psychic Seed
|-boost|p1b: Indeedee|spd|1|[from] item: Psychic Seed
|-ability|p2a: Hunter|Intimidate|boost
|-unboost|p1a: Annihilape|atk|1
|-ability|p1a: Annihilape|Defiant|boost
|-boost|p1a: Annihilape|atk|2
|-unboost|p1b: Indeedee|atk|1
|turn|1
|
|t:|1757769127
|switch|p1b: Tyranitar|Tyranitar, L50, M|100/100
|-weather|Sandstorm|[from] ability: Sand Stream|[of] p1b: Tyranitar
|move|p2b: Bearfoot|Protect|p2b: Bearfoot
|-singleturn|p2b: Bearfoot|Protect
|move|p1a: Annihilape|Close Combat|p2a: Hunter
|-supereffective|p2a: Hunter
|-damage|p2a: Hunter|0 fnt
|-unboost|p1a: Annihilape|def|1
|-unboost|p1a: Annihilape|spd|1
|faint|p2a: Hunter
|
|-weather|Sandstorm|[upkeep]
|-status|p2b: Bearfoot|brn|[from] item: Flame Orb
|upkeep
|
|t:|1757769133
|switch|p2a: Noodle|Flamigo, L50, M|100/100
|turn|2
|
|t:|1757769169
|-terastallize|p1b: Tyranitar|Flying
|-terastallize|p2b: Bearfoot|Ghost
|move|p2a: Noodle|Brave Bird|p1a: Annihilape
|-supereffective|p1a: Annihilape
|-damage|p1a: Annihilape|0 fnt
|faint|p1a: Annihilape
|-damage|p2a: Noodle|57/100|[from] Recoil
|move|p1b: Tyranitar|Knock Off|p2b: Bearfoot
|-supereffective|p2b: Bearfoot
|-damage|p2b: Bearfoot|9/100 brn
|-enditem|p2b: Bearfoot|Flame Orb|[from] move: Knock Off|[of] p1b: Tyranitar
|move|p2b: Bearfoot|Earthquake|p1b: Tyranitar|[spread] 
|-immune|p2a: Noodle
|-immune|p1b: Tyranitar
|
|-weather|Sandstorm|[upkeep]
|-damage|p2a: Noodle|52/100|[from] Sandstorm
|-damage|p1b: Tyranitar|95/100|[from] Sandstorm
|-damage|p2b: Bearfoot|3/100 brn|[from] Sandstorm
|-damage|p2b: Bearfoot|0 fnt|[from] brn
|faint|p2b: Bearfoot
|upkeep
|-message|BerryCekodok forfeited.
|raw|tactical espeonage's rating: 1113 → 1137(+24 for winning)
|raw|BerryCekodok's rating: 1106 → 1082(-24 for losing)
|
|win|tactical espeonage
|l|☆BerryCekodok
|player|p2|
|l|☆tactical espeonage
|player|p1|
