|j|☆MidoMidori
|j|☆TobiYume
|html|MidoMidoriTobiYume    
|uhtml|bestof|Game 1 of a best-of-3
|t:|1757625579
|gametype|doubles
|player|p1|MidoMidori|roxanne-gen6|1299
|player|p2|TobiYume|roxie|1327
|gen|9
|tier|[Gen 9] VGC 2025 Reg H (Bo3)
|rated|
|rule|Species Clause: Limit one of each Pokémon
|rule|Item Clause: Limit 1 of each item
|clearpoke
|poke|p1|Sneasler, L50, M|
|poke|p1|Indeedee, L50, M|
|poke|p1|Volcarona, L50, M|
|poke|p1|Ursaluna-Bloodmoon, L50, M|
|poke|p1|Annihilape, L50, M|
|poke|p1|Tyranitar, L50, M|
|poke|p2|Garchomp, L50, M|
|poke|p2|Talonflame, L50, F|
|poke|p2|Sylveon, L50, F|
|poke|p2|Tyranitar, L50, M|
|poke|p2|Decidueye-Hisui, L50, F|
|poke|p2|Gholdengo, L50|
|teampreview|4
|showteam|p1|Sneasler||PsychicSeed|Unburden|CloseCombat,DireClaw,ThroatChop,Protect|||M|||50|,,,,,Dark]Indeedee||FocusSash|PsychicSurge|ExpandingForce,TeraBlast,TrickRoom,Protect|||M|||50|,,,,,Fighting]Volcarona||SitrusBerry|FlameBody|Overheat,StruggleBug,RagePowder,Tailwind|||M|||50|,,,,,Grass]Ursaluna-Bloodmoon||LifeOrb|MindsEye|BloodMoon,HyperVoice,EarthPower,Protect|||M|||50|,,,,,Normal]Annihilape||SafetyGoggles|Defiant|CloseCombat,RageFist,Taunt,FinalGambit|||M|||50|,,,,,Fairy]Tyranitar||AssaultVest|SandStream|RockSlide,KnockOff,TeraBlast,LowKick|||M|||50|,,,,,Flying
|showteam|p2|Garchomp||LifeOrb|RoughSkin|DragonClaw,StompingTantrum,Earthquake,Protect|||M|||50|,,,,,Steel]Talonflame||CovertCloak|GaleWings|Tailwind,WillOWisp,BraveBird,Taunt|||F|||50|,,,,,Grass]Sylveon||ThroatSpray|Pixilate|HyperVoice,HyperBeam,TeraBlast,Protect|||F|||50|,,,,,Water]Tyranitar||AssaultVest|SandStream|RockSlide,KnockOff,TeraBlast,LowKick|||M|||50|,,,,,Flying]Decidueye-Hisui||RazorClaw|Scrappy|TripleArrows,LeafBlade,SuckerPunch,Protect|||F|||50|,,,,,Fire]Gholdengo||Leftovers|GoodasGold|MakeItRain,ShadowBall,NastyPlot,Protect||||||50|,,,,,Dragon
|inactive|Battle timer is ON: inactive players will automatically lose when time's up. (requested by TobiYume)
|
|t:|1757625646
|teamsize|p1|4
|teamsize|p2|4
|start
|switch|p1a: Indeedee|Indeedee, L50, M|100/100
|switch|p1b: Volcarona|Volcarona, L50, M|100/100
|switch|p2a: Randy|Tyranitar, L50, M|100/100
|switch|p2b: Lloyd|Garchomp, L50, M|100/100
|-fieldstart|move: Psychic Terrain|[from] ability: Psychic Surge|[of] p1a: Indeedee
|-weather|Sandstorm|[from] ability: Sand Stream|[of] p2a: Randy
|turn|1
|inactive|TobiYume has 30 seconds left.
|
|t:|1757625677
|switch|p1a: Annihilape|Annihilape, L50, M|100/100
|-terastallize|p2a: Randy|Flying
|move|p2b: Lloyd|Earthquake|p1a: Annihilape|[spread] p1a,p1b
|-immune|p2a: Randy
|-damage|p1a: Annihilape|52/100
|-damage|p1b: Volcarona|33/100
|-enditem|p1b: Volcarona|Sitrus Berry|[eat]
|-heal|p1b: Volcarona|58/100|[from] item: Sitrus Berry
|-damage|p2b: Lloyd|91/100|[from] item: Life Orb
|move|p1b: Volcarona|Tailwind|p1b: Volcarona
|-sidestart|p1: MidoMidori|move: Tailwind
|move|p2a: Randy|Rock Slide|p1a: Annihilape|[spread] p1a,p1b
|-resisted|p1a: Annihilape
|-supereffective|p1b: Volcarona
|-damage|p1a: Annihilape|37/100
|-damage|p1b: Volcarona|0 fnt
|faint|p1b: Volcarona
|
|-weather|Sandstorm|[upkeep]
|-damage|p2a: Randy|94/100|[from] Sandstorm
|upkeep
|
|t:|1757625688
|switch|p1b: Sneasler|Sneasler, L50, M|100/100
|-enditem|p1b: Sneasler|Psychic Seed
|-boost|p1b: Sneasler|spd|1|[from] item: Psychic Seed
|turn|2
|inactive|MidoMidori has 30 seconds left.
|inactive|MidoMidori has 20 seconds left.
|
|t:|1757625724
|move|p1b: Sneasler|Dire Claw|p2a: Randy
|-damage|p2a: Randy|58/100
|move|p1a: Annihilape|Rage Fist|p2b: Lloyd
|-damage|p2b: Lloyd|27/100
|-damage|p1a: Annihilape|24/100|[from] ability: Rough Skin|[of] p2b: Lloyd
|move|p2b: Lloyd|Earthquake|p1a: Annihilape|[spread] p1a,p1b
|-immune|p2a: Randy
|-supereffective|p1b: Sneasler
|-damage|p1a: Annihilape|0 fnt
|-damage|p1b: Sneasler|0 fnt
|faint|p1a: Annihilape
|faint|p1b: Sneasler
|-damage|p2b: Lloyd|17/100|[from] item: Life Orb
|move|p2a: Randy|Tera Blast|p1: Annihilape|[notarget]
|-fail|p2a: Randy
|
|-weather|Sandstorm|[upkeep]
|-damage|p2a: Randy|52/100|[from] Sandstorm
|upkeep
|
|t:|1757625731
|switch|p1b: Indeedee|Indeedee, L50, M|100/100
|turn|3
|
|t:|1757625740
|move|p1b: Indeedee|Expanding Force|p2b: Lloyd|[spread] p2a,p2b
|-damage|p2a: Randy|20/100
|-damage|p2b: Lloyd|0 fnt
|faint|p2b: Lloyd
|move|p2a: Randy|Knock Off|p1b: Indeedee
|-supereffective|p1b: Indeedee
|-enditem|p1b: Indeedee|Focus Sash
|-damage|p1b: Indeedee|1/100
|
|-weather|Sandstorm|[upkeep]
|-damage|p1b: Indeedee|0 fnt|[from] Sandstorm
|-damage|p2a: Randy|14/100|[from] Sandstorm
|faint|p1b: Indeedee
|
|win|TobiYume
||MidoMidori is ready for game 2.
||TobiYume is ready for game 2.
|uhtml|next|Next: Game 2 of 3
