|j|☆spellbreakvgc
|j|☆BANKAI_545
|html|spellbreakvgcBANKAI_545    
|uhtml|bestof|Game 1 of a best-of-3
|t:|1756989000
|gametype|doubles
|player|p1|spellbreakvgc|lance|1094
|player|p2|BANKAI_545|n|1065
|gen|9
|tier|[Gen 9] VGC 2025 Reg H (Bo3)
|rated|
|rule|Species Clause: Limit one of each Pokémon
|rule|Item Clause: Limit 1 of each item
|clearpoke
|poke|p1|Baxcalibur, L50, F|
|poke|p1|Kingambit, L50, M|
|poke|p1|Volcarona, L50, M|
|poke|p1|Dondozo, L50, M|
|poke|p1|Sneasler, L50, F|
|poke|p1|Rillaboom, L50, M|
|poke|p2|Indeedee-F, L50, F|
|poke|p2|Annihilape, L50, M|
|poke|p2|Whimsicott, L50, M|
|poke|p2|Incineroar, L50, M|
|poke|p2|Kingambit, L50, F|
|poke|p2|Hatterene, L50, F|
|teampreview|4
|showteam|p1|Baxcalibur||LoadedDice|ThermalExchange|Protect,IcicleSpear,ScaleShot,IceShard|||F|||50|,,,,,Ghost]Kingambit||SafetyGoggles|Defiant|Protect,KowtowCleave,SuckerPunch,SwordsDance|||M|||50|,,,,,Ghost]Volcarona||CovertCloak|FlameBody|HeatWave,TeraBlast,QuiverDance,RagePowder|||M|||50|,,,,,Fairy]Dondozo||Leftovers|Unaware|Protect,Liquidation,Yawn,Fissure|||M|||50|,,,,,Poison]Sneasler||FocusSash|Unburden|Protect,CloseCombat,DireClaw,Coaching|||F|||50|,,,,,Stellar]Rillaboom||AssaultVest|GrassySurge|WoodHammer,GrassyGlide,FakeOut,HighHorsepower|||M|||50|,,,,,Water
|showteam|p2|Indeedee-F||SafetyGoggles|PsychicSurge|FollowMe,Protect,Psychic,TrickRoom|||F|||50|,,,,,Ghost]Annihilape||AssaultVest|Defiant|RageFist,CloseCombat,StompingTantrum,DrainPunch|||M|||50|,,,,,Normal]Whimsicott||CovertCloak|Prankster|Tailwind,Protect,Encore,BeatUp|||M|||50|,,,,,Ghost]Incineroar||RockyHelmet|Intimidate|FakeOut,PartingShot,KnockOff,FlareBlitz|||M|||50|,,,,,Fire]Kingambit||BlackGlasses|Defiant|KowtowCleave,SuckerPunch,Protect,TeraBlast|||F|||50|,,,,,Flying]Hatterene||ChoiceSpecs|MagicBounce|ExpandingForce,DazzlingGleam,TeraBlast,DrainingKiss|||F|||50|,,,,,Psychic
|inactive|Battle timer is ON: inactive players will automatically lose when time's up. (requested by BANKAI_545)
|c|☆BANKAI_545|Hllo brooo
|inactive|spellbreakvgc has 60 seconds left.
|inactive|spellbreakvgc has 30 seconds left.
|
|t:|1756989069
|teamsize|p1|4
|teamsize|p2|4
|start
|switch|p1a: Baxcalibur|Baxcalibur, L50, F|100/100
|switch|p1b: Volcarona|Volcarona, L50, M|100/100
|switch|p2a: Indeedee|Indeedee-F, L50, F|100/100
|switch|p2b: Hatterene|Hatterene, L50, F|100/100
|-fieldstart|move: Psychic Terrain|[from] ability: Psychic Surge|[of] p2a: Indeedee
|turn|1
|inactive|spellbreakvgc has 30 seconds left.
|inactive|BANKAI_545 has 30 seconds left.
|inactive|spellbreakvgc has 20 seconds left.
|inactive|spellbreakvgc has 15 seconds left.
|
|t:|1756989113
|switch|p1b: Dondozo|Dondozo, L50, M|100/100
|move|p1a: Baxcalibur|Scale Shot|p2a: Indeedee
|-damage|p2a: Indeedee|80/100
|-damage|p2a: Indeedee|60/100
|-damage|p2a: Indeedee|43/100
|-damage|p2a: Indeedee|24/100
|-damage|p2a: Indeedee|4/100
|-hitcount|p2a: Indeedee|5
|-unboost|p1a: Baxcalibur|def|1
|-boost|p1a: Baxcalibur|spe|1
|move|p2b: Hatterene|Expanding Force|p1a: Baxcalibur|[spread] p1a,p1b
|-crit|p1b: Dondozo
|-damage|p1a: Baxcalibur|0 fnt
|-damage|p1b: Dondozo|0 fnt
|faint|p1a: Baxcalibur
|faint|p1b: Dondozo
|move|p2a: Indeedee|Trick Room|p2a: Indeedee
|-fieldstart|move: Trick Room|[of] p2a: Indeedee
|
|upkeep
|-message|spellbreakvgc forfeited.
|
|win|BANKAI_545
