|j|‽supremeenchilada
|j|☆piedi nei piedi
|html|supremeenchiladapiedi nei piedi    
|uhtml|bestof|Game 1 of a best-of-3
|t:|1757674841
|gametype|doubles
|player|p1|supremeenchilada|101|1116
|player|p2|piedi nei piedi|beni-ninja|1076
|gen|9
|tier|[Gen 9] VGC 2025 Reg H (Bo3)
|rated|
|rule|Species Clause: Limit one of each Pokémon
|rule|Item Clause: Limit 1 of each item
|clearpoke
|poke|p1|Amoonguss, L50, M|
|poke|p1|Incineroar, L50, M|
|poke|p1|Indeedee-F, L50, F|
|poke|p1|Hatterene, L50, F|
|poke|p1|Torkoal, L50, M|
|poke|p1|Ursaluna, L50, M|
|poke|p2|Ninetales-Alola, L50, F|
|poke|p2|Weezing, L50, M|
|poke|p2|Flamigo, L50, M|
|poke|p2|Toedscruel, L50, M|
|poke|p2|Typhlosion, L50, M|
|poke|p2|Beartic, L50, F|
|teampreview|4
|showteam|p1|Amoonguss||RockyHelmet|EffectSpore|Protect,Spore,RagePowder,PollenPuff|||M|||50|,,,,,Rock]Incineroar||SafetyGoggles|Intimidate|FakeOut,KnockOff,FlareBlitz,PartingShot|||M|||50|,,,,,Bug]Indeedee-F||PsychicSeed|PsychicSurge|TrickRoom,Psychic,FollowMe,Protect|||F|||50|,,,,,Dark]Hatterene||LifeOrb|MagicBounce|DazzlingGleam,ExpandingForce,Protect,TrickRoom|||F|||50|,,,,,Psychic]Torkoal||Charcoal|Drought|Eruption,HeatWave,SolarBeam,AncientPower|||M|||50|,,,,,Flying]Ursaluna||FlameOrb|Guts|Protect,HeadlongRush,Earthquake,Facade|||M|||50|,,,,,Grass
|showteam|p2|Ninetales-Alola||ChoiceSpecs|SnowWarning|Blizzard,FreezeDry,Moonblast,DarkPulse|||F|||50|,,,,,Ghost]Weezing||AssaultVest|NeutralizingGas|SludgeBomb,Thunderbolt,Flamethrower,TeraBlast|||M|||50|,,,,,Psychic]Flamigo||FocusSash|Scrappy|CloseCombat,BraveBird,Tailwind,Detect|||M|||50|,,,,,Ghost]Toedscruel||RockyHelmet|MyceliumMight|EnergyBall,EarthPower,Spore,RagePowder|||M|||50|,,,,,Fire]Typhlosion||SafetyGoggles|FlashFire|Eruption,Flamethrower,Overheat,Protect|||M|||50|,,,,,Dark]Beartic||ClearAmulet|SlushRush|IcicleCrash,CloseCombat,RockSlide,Protect|||F|||50|,,,,,Rock
|
|t:|1757674910
|teamsize|p1|4
|teamsize|p2|4
|start
|switch|p1a: Amoonguss|Amoonguss, L50, M, shiny|100/100
|switch|p1b: Hatterene|Hatterene, L50, F, shiny|100/100
|switch|p2a: Toedscruel|Toedscruel, L50, M|100/100
|switch|p2b: Typhlosion|Typhlosion, L50, M|100/100
|turn|1
|
|t:|1757674945
|switch|p1a: Torkoal|Torkoal, L50, M|100/100
|-weather|SunnyDay|[from] ability: Drought|[of] p1a: Torkoal
|move|p2b: Typhlosion|Eruption|p1b: Hatterene|[spread] p1a,p1b
|-resisted|p1a: Torkoal
|-crit|p1b: Hatterene
|-damage|p1a: Torkoal|41/100
|-damage|p1b: Hatterene|0 fnt
|faint|p1b: Hatterene
|move|p2a: Toedscruel|Spore|p1a: Torkoal
|-status|p1a: Torkoal|slp|[from] move: Spore
|
|-weather|SunnyDay|[upkeep]
|upkeep
|-message|supremeenchilada forfeited.
|
|win|piedi nei piedi
|l|‽supremeenchilada
|player|p1|
||piedi nei piedi is ready for game 2.
||supremeenchilada is ready for game 2.
|uhtml|next|Next: Game 2 of 3
|l|☆piedi nei piedi
|player|p2|
