|j|☆LookBackInBanger
|j|☆femboy y plugplug
|html|LookBackInBangerfemboy y plugplug    
|uhtml|bestof|Game 1 of a best-of-3
|t:|1756161448
|gametype|doubles
|player|p1|LookBackInBanger|roxie|1109
|player|p2|femboy y plugplug|101|1089
|gen|9
|tier|[Gen 9] VGC 2025 Reg H (Bo3)
|rated|
|rule|Species Clause: Limit one of each Pokémon
|rule|Item Clause: Limit 1 of each item
|clearpoke
|poke|p1|Amoonguss, L50, F|
|poke|p1|Incineroar, L50, F|
|poke|p1|Kingambit, L50, F|
|poke|p1|Ninetales-Alola, L50, M|
|poke|p1|Garchomp, L50, M|
|poke|p1|Dragonite, L50, M|
|poke|p2|Whimsicott, L50, M|
|poke|p2|Typhlosion-Hisui, L50, M|
|poke|p2|Farigiraf, L50, F|
|poke|p2|Ursaluna-Bloodmoon, L50, M|
|poke|p2|Clefairy, L50, M|
|poke|p2|Annihilape, L50, F|
|teampreview|4
|showteam|p1|Amoonguss||SitrusBerry|Regenerator|Protect,PollenPuff,Spore,RagePowder|||F|||50|,,,,,Fairy]Incineroar||RockyHelmet|Intimidate|FakeOut,FlareBlitz,KnockOff,PartingShot|||F|||50|,,,,,Grass]Kingambit||SafetyGoggles|Defiant|KowtowCleave,SuckerPunch,SwordsDance,Protect|||F|||50|,,,,,Dark]Ninetales-Alola||ChoiceSpecs|SnowWarning|Blizzard,DazzlingGleam,FreezeDry,Moonblast|||M|||50|,,,,,Ice]Garchomp||ChoiceBand|RoughSkin|DragonClaw,Earthquake,StompingTantrum,RockSlide|||M|||50|,,,,,Steel]Dragonite||AssaultVest|Multiscale|TeraBlast,ExtremeSpeed,IceSpinner,LowKick|||M|||50|,,,,,Flying
|showteam|p2|Whimsicott||CovertCloak|Prankster|Moonblast,Tailwind,SunnyDay,BeatUp|||M|||50|,,,,,Dark]Typhlosion-Hisui||ChoiceSpecs|Blaze|Eruption,HeatWave,ShadowBall,Overheat|||M|||50|,,,,,Fire]Farigiraf||ThroatSpray|ArmorTail|HyperVoice,Psychic,Protect,TrickRoom|||F|||50|,,,,,Dragon]Ursaluna-Bloodmoon||LifeOrb|MindsEye|HyperVoice,BloodMoon,EarthPower,Protect|||M|||50|,,,,,Normal]Clefairy||Eviolite|FriendGuard|FollowMe,HelpingHand,Protect,AfterYou|||M|||50|,,,,,Steel]Annihilape||AssaultVest|Defiant|RageFist,CloseCombat,DrainPunch,FinalGambit|||F|||50|,,,,,Fire
|
|t:|1756161515
|teamsize|p1|4
|teamsize|p2|4
|start
|switch|p1a: Cheddar|Incineroar, L50, F|100/100
|switch|p1b: Roquefort|Garchomp, L50, M|100/100
|switch|p2a: Whimsicott|Whimsicott, L50, M|100/100
|switch|p2b: Annihilape|Annihilape, L50, F|100/100
|-ability|p1a: Cheddar|Intimidate|boost
|-unboost|p2a: Whimsicott|atk|1
|-unboost|p2b: Annihilape|atk|1
|-ability|p2b: Annihilape|Defiant|boost
|-boost|p2b: Annihilape|atk|2
|turn|1
|
|t:|1756161578
|move|p1b: Roquefort|Stomping Tantrum|p2b: Annihilape
|-damage|p2b: Annihilape|48/100
|move|p2a: Whimsicott|Beat Up|p2b: Annihilape
|-damage|p2b: Annihilape|46/100
|-damage|p2b: Annihilape|44/100
|-damage|p2b: Annihilape|43/100
|-damage|p2b: Annihilape|41/100
|-hitcount|p2b: Annihilape|4
|move|p2b: Annihilape|Rage Fist|p1b: Roquefort
|-damage|p1b: Roquefort|0 fnt
|-damage|p2b: Annihilape|29/100|[from] ability: Rough Skin|[of] p1b: Roquefort
|faint|p1b: Roquefort
|move|p1a: Cheddar|Flare Blitz|p2a: Whimsicott
|-supereffective|p2a: Whimsicott
|-damage|p2a: Whimsicott|0 fnt
|faint|p2a: Whimsicott
|-damage|p1a: Cheddar|73/100|[from] Recoil
|
|upkeep
|
|t:|1756161610
|switch|p1b: Gouda|Kingambit, L50, F|100/100
|switch|p2a: Clefairy|Clefairy, L50, M|100/100
|turn|2
|
|t:|1756161644
|move|p1b: Gouda|Protect|p1b: Gouda
|-singleturn|p1b: Gouda|Protect
|move|p2a: Clefairy|Follow Me|p2a: Clefairy
|-singleturn|p2a: Clefairy|move: Follow Me
|move|p2b: Annihilape|Drain Punch|p1a: Cheddar
|-supereffective|p1a: Cheddar
|-damage|p1a: Cheddar|0 fnt
|-heal|p2b: Annihilape|64/100|[from] drain|[of] p1a: Cheddar
|-damage|p2b: Annihilape|48/100|[from] item: Rocky Helmet|[of] p1a: Cheddar
|faint|p1a: Cheddar
|
|upkeep
|
|t:|1756161655
|switch|p1a: Mozzarella|Dragonite, L50, M|100/100
|turn|3
|inactive|Battle timer is ON: inactive players will automatically lose when time's up. (requested by femboy y plugplug)
|
|t:|1756161689
|-terastallize|p1a: Mozzarella|Flying
|move|p2a: Clefairy|Follow Me|p2a: Clefairy
|-singleturn|p2a: Clefairy|move: Follow Me
|move|p1b: Gouda|Sucker Punch||[still]
|-fail|p1b: Gouda
|move|p2b: Annihilape|Drain Punch|p1b: Gouda
|-supereffective|p1b: Gouda
|-damage|p1b: Gouda|0 fnt
|-heal|p2b: Annihilape|97/100|[from] drain|[of] p1b: Gouda
|faint|p1b: Gouda
|move|p1a: Mozzarella|Tera Blast|p2a: Clefairy|[anim] Tera Blast Flying
|-damage|p2a: Clefairy|51/100
|
|upkeep
|turn|4
|
|t:|1756161709
|move|p2a: Clefairy|Follow Me|p2a: Clefairy
|-singleturn|p2a: Clefairy|move: Follow Me
|move|p2b: Annihilape|Rage Fist|p1a: Mozzarella
|-damage|p1a: Mozzarella|0 fnt
|faint|p1a: Mozzarella
|
|win|femboy y plugplug
||LookBackInBanger is ready for game 2.
||femboy y plugplug is ready for game 2.
|uhtml|next|Next: Game 2 of 3
