|j|☆Arkhept
|j|☆fidelillo
|html|Arkheptfidelillo    
|uhtml|bestof|Game 3 of a best-of-3
|t:|1756307054
|gametype|doubles
|player|p1|Arkhept|misty|1082
|player|p2|fidelillo|silver|1144
|gen|9
|tier|[Gen 9] VGC 2025 Reg H (Bo3)
|rated|
|rule|Species Clause: Limit one of each Pokémon
|rule|Item Clause: Limit 1 of each item
|clearpoke
|poke|p1|Sylveon, L50, F|
|poke|p1|Indeedee, L50, M|
|poke|p1|Arcanine-Hisui, L50, F|
|poke|p1|Whimsicott, L50, F|
|poke|p1|Ursaluna-Bloodmoon, L50, M|
|poke|p1|Sneasler, L50, F|
|poke|p2|Torkoal, L50, F|
|poke|p2|Indeedee-F, L50, F|
|poke|p2|Hatterene, L50, F|
|poke|p2|Ursaluna, L50, F|
|poke|p2|Gallade, L50, M|
|poke|p2|Annihilape, L50, F|
|teampreview|4
|showteam|p1|Sylveon||ChoiceSpecs|Pixilate|HyperVoice,Psychic,Moonblast,TeraBlast|||F|||50|,,,,,Fire]Indeedee||ChoiceScarf|PsychicSurge|ExpandingForce,TeraBlast,Trick,Protect|||M|||50|,,,,,Psychic]Arcanine-Hisui||LifeOrb|Intimidate|RockSlide,Protect,ExtremeSpeed,FlareBlitz|||F|||50|,,,,,Grass]Whimsicott||FocusSash|Prankster|Moonblast,FakeTears,Taunt,Tailwind|||F|||50|,,,,,Ghost]Ursaluna-Bloodmoon||AssaultVest|MindsEye|BloodMoon,HyperVoice,EarthPower,VacuumWave|||M|||50|,,,,,Poison]Sneasler||PsychicSeed|Unburden|DireClaw,CloseCombat,ThroatChop,Coaching|||F|||50|,,,,,Dark
|showteam|p2|Torkoal||ChoiceSpecs|Drought|Eruption,WeatherBall,SolarBeam,HeatWave|||F|||50|,,,,,Fire]Indeedee-F||PsychicSeed|PsychicSurge|TrickRoom,HelpingHand,FollowMe,Psychic|||F|||50|,,,,,Grass]Hatterene||LifeOrb|MagicBounce|DazzlingGleam,ExpandingForce,Psyshock,TrickRoom|||F|||50|,,,,,Steel]Ursaluna||FlameOrb|Guts|Facade,Earthquake,HeadlongRush,Protect|||F|||50|,,,,,Ground]Gallade||ClearAmulet|Steadfast|TrickRoom,SacredSword,PsychoCut,Imprison|||M|||50|,,,,,Grass]Annihilape||ChoiceScarf|Defiant|FinalGambit,CloseCombat,RageFist,Uturn|||F|||50|,,,,,Fighting
|inactive|Battle timer is ON: inactive players will automatically lose when time's up. (requested by fidelillo)
|l|☆fidelillo
|inactive|fidelillo disconnected and has a minute to reconnect!
|player|p2|
|j|☆fidelillo
|inactive|fidelillo reconnected.
|player|p2|fidelillo|silver|
|inactive|Arkhept has 60 seconds left.
|
|t:|1756307085
|teamsize|p1|4
|teamsize|p2|4
|start
|switch|p1a: Sylveon|Sylveon, L50, F|100/100
|switch|p1b: Arcanine|Arcanine-Hisui, L50, F|100/100
|switch|p2a: Hatterene|Hatterene, L50, F|100/100
|switch|p2b: Indeedee|Indeedee-F, L50, F|100/100
|-ability|p1b: Arcanine|Intimidate|boost
|-unboost|p2a: Hatterene|atk|1
|-unboost|p2b: Indeedee|atk|1
|-fieldstart|move: Psychic Terrain|[from] ability: Psychic Surge|[of] p2b: Indeedee
|-enditem|p2b: Indeedee|Psychic Seed
|-boost|p2b: Indeedee|spd|1|[from] item: Psychic Seed
|turn|1
|l|☆fidelillo
|inactive|fidelillo disconnected and has a minute to reconnect!
|player|p2|
|j|☆fidelillo
|inactive|fidelillo reconnected and has 35 seconds left.
|player|p2|fidelillo|silver|
|inactive|fidelillo has 30 seconds left.
|
|t:|1756307113
|move|p2b: Indeedee|Follow Me|p2b: Indeedee
|-singleturn|p2b: Indeedee|move: Follow Me
|move|p1b: Arcanine|Rock Slide|p2a: Hatterene|[spread] p2b
|-miss|p1b: Arcanine|p2a: Hatterene
|-damage|p2b: Indeedee|64/100
|-damage|p1b: Arcanine|90/100|[from] item: Life Orb
|move|p1a: Sylveon|Hyper Voice|p2b: Indeedee|[spread] p2a,p2b
|-damage|p2a: Hatterene|35/100
|-damage|p2b: Indeedee|25/100
|move|p2a: Hatterene|Trick Room|p2a: Hatterene
|-fieldstart|move: Trick Room|[of] p2a: Hatterene
|
|upkeep
|turn|2
|
|t:|1756307126
|switch|p1b: Indeedee|Indeedee, L50, M|100/100
|move|p2b: Indeedee|Helping Hand|p2a: Hatterene
|-singleturn|p2a: Hatterene|Helping Hand|[of] p2b: Indeedee
|move|p2a: Hatterene|Expanding Force|p1b: Indeedee|[spread] p1a,p1b
|-resisted|p1b: Indeedee
|-damage|p1a: Sylveon|0 fnt
|-damage|p1b: Indeedee|4/100
|faint|p1a: Sylveon
|-damage|p2a: Hatterene|25/100|[from] item: Life Orb
|
|upkeep
|-message|Arkhept forfeited.
|
|win|fidelillo
|raw|Arkhept's rating: 1082 → 1064(-18 for losing)
|raw|fidelillo's rating: 1144 → 1165(+21 for winning)
|l|☆Arkhept
|player|p1|
