|j|☆TheLambasEffigy
|j|☆0001110101k
|html|TheLambasEffigy0001110101k    
|uhtml|bestof|Game 3 of a best-of-3
|t:|1782704444
|gametype|doubles
|player|p1|TheLambasEffigy|101|1103
|player|p2|0001110101k|janitor|1222
|gen|9
|tier|[Gen 9 Champions] VGC 2026 Reg M-B (Bo3)
|rated|
|rule|Species Clause: Limit one of each Pokémon
|rule|Item Clause: Limit 1 of each item
|clearpoke
|poke|p1|Floette-Eternal, L50, F|
|poke|p1|Tinkaton, L50, F|
|poke|p1|Sinistcha, L50|
|poke|p1|Sneasler, L50, M|
|poke|p1|Kingambit, L50, M|
|poke|p1|Garchomp, L50, F|
|poke|p2|Metagross, L50|
|poke|p2|Hydreigon, L50, M|
|poke|p2|Ninetales-Alola, L50, F|
|poke|p2|Talonflame, L50, F|
|poke|p2|Kleavor, L50, M|
|poke|p2|Milotic, L50, F|
|teampreview|4
|showteam|p1|Floette-Eternal||Floettite|FlowerVeil|DazzlingGleam,DrainingKiss,Protect,LightofRuin|Modest||F|||50|]Tinkaton||OccaBerry|MoldBreaker|FakeOut,HelpingHand,Protect,GigatonHammer|Careful||F|||50|]Sinistcha||ColburBerry|Hospitality|MatchaGotcha,Imprison,Protect,TrickRoom|Sassy|||||50|]Sneasler||FocusSash|PoisonTouch|FakeOut,DireClaw,Protect,CloseCombat|Jolly||M|||50|]Kingambit||LifeOrb|Defiant|KowtowCleave,SuckerPunch,Protect,IronHead|Adamant||M|||50|]Garchomp||SitrusBerry|RoughSkin|RockSlide,StompingTantrum,Protect,SwordsDance|Jolly||F|||50|
|showteam|p2|Metagross||Metagrossite|ClearBody|IronHead,PsychicFangs,BodyPress,Protect|Jolly|||||50|]Hydreigon||ChoiceScarf|Levitate|DarkPulse,Snarl,DracoMeteor,FlashCannon|Timid||M|||50|]Ninetales-Alola||LightClay|SnowWarning|Blizzard,AuroraVeil,Encore,Protect|Timid||F|||50|]Talonflame||ChartiBerry|GaleWings|Tailwind,Taunt,QuickGuard,BraveBird|Jolly||F|||50|]Kleavor||FocusSash|Sharpness|StoneAxe,CloseCombat,Feint,Protect|Jolly||M|||50|]Milotic||Leftovers|Competitive|MuddyWater,Coil,Hypnosis,Protect|Bold||F|||50|
|
|t:|1782704474
|teamsize|p1|4
|teamsize|p2|4
|start
|switch|p1a: Kingambit|Kingambit, L50, M|100/100
|switch|p1b: Sneasler|Sneasler, L50, M|100/100
|switch|p2a: Hydreigon|Hydreigon, L50, M|100/100
|switch|p2b: Ninetales|Ninetales-Alola, L50, F|100/100
|-weather|Snowscape|[from] ability: Snow Warning|[of] p2b: Ninetales
|turn|1
|
|t:|1782704516
|move|p2b: Ninetales|Protect|p2b: Ninetales
|-singleturn|p2b: Ninetales|Protect
|move|p1b: Sneasler|Fake Out|p2a: Hydreigon
|-damage|p2a: Hydreigon|84/100
|cant|p2a: Hydreigon|flinch
|move|p1a: Kingambit|Iron Head|p2b: Ninetales
|-activate|p2b: Ninetales|move: Protect
|
|-weather|Snowscape|[upkeep]
|upkeep
|turn|2
|
|t:|1782704538
|switch|p2b: Metagross|Metagross, L50|100/100
|move|p2a: Hydreigon|Draco Meteor|p1b: Sneasler
|-damage|p1b: Sneasler|4/100
|-unboost|p2a: Hydreigon|spa|2
|move|p1b: Sneasler|Close Combat|p2a: Hydreigon
|-supereffective|p2a: Hydreigon|1
|-damage|p2a: Hydreigon|0 fnt
|-unboost|p1b: Sneasler|def|1
|-unboost|p1b: Sneasler|spd|1
|faint|p2a: Hydreigon
|move|p1a: Kingambit|Iron Head|p2b: Metagross
|-resisted|p2b: Metagross|1
|-damage|p2b: Metagross|75/100
|-damage|p1a: Kingambit|90/100|[from] item: Life Orb
|
|-weather|Snowscape|[upkeep]
|upkeep
|
|t:|1782704551
|switch|p2a: Ninetales|Ninetales-Alola, L50, F|100/100
|turn|3
|
|t:|1782704563
|detailschange|p2b: Metagross|Metagross-Mega, L50
|-mega|p2b: Metagross|Metagross|Metagrossite
|move|p1a: Kingambit|Sucker Punch|p2b: Metagross
|-supereffective|p2b: Metagross|1
|-damage|p2b: Metagross|0 fnt
|faint|p2b: Metagross
|-damage|p1a: Kingambit|80/100|[from] item: Life Orb
|move|p1b: Sneasler|Dire Claw|p2a: Ninetales
|-supereffective|p2a: Ninetales|1
|-damage|p2a: Ninetales|29/100
|-status|p2a: Ninetales|psn|[from] ability: Poison Touch|[of] p1b: Sneasler
|move|p2a: Ninetales|Aurora Veil|p2a: Ninetales
|-sidestart|p2: 0001110101k|move: Aurora Veil
|
|-weather|Snowscape|[upkeep]
|-damage|p2a: Ninetales|17/100 psn|[from] psn
|upkeep
|-message|0001110101k forfeited.
|
|win|TheLambasEffigy
|raw|TheLambasEffigy's rating: 1103 → 1136(+33 for winning)
|raw|0001110101k's rating: 1222 → 1189(-33 for losing)
|l|☆0001110101k
|player|p2|
