|j|☆Casarjs
|j|☆SuprEpcGuy
|html|CasarjsSuprEpcGuy    
|uhtml|bestof|Game 2 of a best-of-3
|t:|1784574280
|gametype|doubles
|player|p1|Casarjs|2|1000
|player|p2|SuprEpcGuy|shauntal|1105
|gen|9
|tier|[Gen 9 Champions] VGC 2026 Reg M-B (Bo3)
|rated|
|rule|Species Clause: Limit one of each Pokémon
|rule|Item Clause: Limit 1 of each item
|clearpoke
|poke|p1|Trevenant, L50, F|
|poke|p1|Torkoal, L50, F|
|poke|p1|Farigiraf, L50, F|
|poke|p1|Venusaur, L50, F|
|poke|p1|Whimsicott, L50, F|
|poke|p1|Garchomp, L50, F|
|poke|p2|Zoroark-Hisui, L50, M|
|poke|p2|Torkoal, L50, M|
|poke|p2|Farigiraf, L50, F|
|poke|p2|Pyroar, L50, F|
|poke|p2|Kangaskhan, L50, F|
|poke|p2|Aerodactyl, L50, M|
|teampreview|4
|showteam|p1|Trevenant||SitrusBerry|Harvest|HornLeech,Poltergeist,DrainPunch,Protect|Jolly||F|||50|]Torkoal||Leftovers|Drought|Eruption,Overheat,WeatherBall,Protect|Quiet||F|||50|]Farigiraf||FocusSash|ArmorTail|Psychic,HyperVoice,TrickRoom,Protect|Quiet||F|||50|]Venusaur||OccaBerry|Chlorophyll|SolarBeam,SludgeWave,SleepPowder,Protect|Timid||F|||50|]Whimsicott||LifeOrb|Prankster|DazzlingGleam,Tailwind,SunnyDay,Protect|Timid||F|||50|]Garchomp||ChoiceScarf|RoughSkin|DragonClaw,Earthquake,IronHead,Protect|Adamant||F|||50|
|showteam|p2|Zoroark-Hisui||ChoiceScarf|Illusion|IcyWind,BitterMalice,Flamethrower,Taunt|Timid||M|||50|]Torkoal||Charcoal|Drought|Eruption,WeatherBall,EarthPower,Protect|Quiet||M|||50|]Farigiraf||ColburBerry|ArmorTail|Psychic,Thunderbolt,TrickRoom,HelpingHand|Quiet||F|||50|]Pyroar||Pyroarite|Rivalry|HeatWave,Overheat,Snarl,Protect|Timid||F|||50|]Kangaskhan||SilkScarf|Scrappy|FakeOut,LastResort|Adamant||F|||50|]Aerodactyl||Aerodactylite|RockHead|RockSlide,DualWingbeat,Tailwind,Protect|Jolly||M|||50|
|inactive|Battle timer is ON: inactive players will automatically lose when time's up. (requested by SuprEpcGuy)
|inactive|Casarjs has 60 seconds left.
|inactive|SuprEpcGuy has 60 seconds left.
|inactive|Casarjs has 30 seconds left.
|inactive|Casarjs has 20 seconds left.
|inactive|Casarjs has 15 seconds left.
|inactive|Casarjs has 10 seconds left.
|inactive|Casarjs has 5 seconds left.
|
|t:|1784574371
|teamsize|p1|4
|teamsize|p2|4
|start
|switch|p1a: Trevenant|Trevenant, L50, F|100/100
|switch|p1b: Torkoal|Torkoal, L50, F|100/100
|switch|p2a: Freight|Aerodactyl, L50, M|100/100
|switch|p2b: Majesty|Pyroar, L50, F|100/100
|-weather|SunnyDay|[from] ability: Drought|[of] p1b: Torkoal
|turn|1
|inactive|Casarjs has 30 seconds left.
|inactive|Casarjs has 20 seconds left.
|inactive|Casarjs has 15 seconds left.
|inactive|Casarjs has 10 seconds left.
|inactive|Casarjs has 5 seconds left.
|
|t:|1784574426
|detailschange|p2b: Majesty|Pyroar-Mega, L50, F
|-mega|p2b: Majesty|Pyroar|Pyroarite
|move|p2a: Freight|Dual Wingbeat|p1a: Trevenant
|-supereffective|p1a: Trevenant|1
|-damage|p1a: Trevenant|46/100
|-enditem|p1a: Trevenant|Sitrus Berry|[eat]
|-heal|p1a: Trevenant|71/100|[from] item: Sitrus Berry
|-supereffective|p1a: Trevenant|1
|-damage|p1a: Trevenant|22/100
|-hitcount|p1a: Trevenant|2
|move|p2b: Majesty|Heat Wave|p1b: Torkoal|[spread] p1a,p1b
|-supereffective|p1a: Trevenant|1
|-resisted|p1b: Torkoal|1
|-damage|p1a: Trevenant|0 fnt
|-damage|p1b: Torkoal|45/100
|faint|p1a: Trevenant
|move|p1b: Torkoal|Eruption|p2a: Freight|[spread] p2a,p2b
|-resisted|p2a: Freight|1
|-resisted|p2b: Majesty|1
|-damage|p2a: Freight|75/100
|-damage|p2b: Majesty|79/100
|
|-weather|SunnyDay|[upkeep]
|-heal|p1b: Torkoal|51/100|[from] item: Leftovers
|upkeep
|inactive|Casarjs has 30 seconds left.
|inactive|Casarjs has 20 seconds left.
|inactive|Casarjs has 15 seconds left.
|inactive|Casarjs has 10 seconds left.
|inactive|Casarjs has 5 seconds left.
|
|t:|1784574481
|switch|p1a: Farigiraf|Farigiraf, L50, F|100/100
|turn|2
|inactive|Casarjs has 30 seconds left.
|inactive|Casarjs has 20 seconds left.
|inactive|Casarjs has 15 seconds left.
|inactive|Casarjs has 10 seconds left.
|inactive|Casarjs has 5 seconds left.
|
|t:|1784574536
|move|p2a: Freight|Rock Slide|p1a: Farigiraf|[spread] p1a,p1b
|-supereffective|p1b: Torkoal|1
|-damage|p1a: Farigiraf|75/100
|-damage|p1b: Torkoal|13/100
|move|p2b: Majesty|Heat Wave|p1a: Farigiraf|[spread] p1a
|-miss|p2b: Majesty|p1b: Torkoal
|-damage|p1a: Farigiraf|0 fnt
|faint|p1a: Farigiraf
|move|p1b: Torkoal|Eruption|p2b: Majesty|[spread] p2a,p2b
|-resisted|p2a: Freight|1
|-resisted|p2b: Majesty|1
|-crit|p2b: Majesty
|-damage|p2a: Freight|68/100
|-damage|p2b: Majesty|70/100
|
|-weather|SunnyDay|[upkeep]
|-heal|p1b: Torkoal|19/100|[from] item: Leftovers
|upkeep
|inactive|Casarjs has 30 seconds left.
|inactive|Casarjs has 20 seconds left.
|inactive|Casarjs has 15 seconds left.
|inactive|Casarjs has 10 seconds left.
|inactive|Casarjs has 5 seconds left.
|
|t:|1784574591
|switch|p1a: Venusaur|Venusaur, L50, F|100/100
|turn|3
|inactive|Casarjs has 30 seconds left.
|inactive|SuprEpcGuy has 30 seconds left.
|inactive|Casarjs has 20 seconds left.
|inactive|Casarjs has 15 seconds left.
|inactive|Casarjs has 10 seconds left.
|inactive|Casarjs has 5 seconds left.
|
|t:|1784574646
|move|p1a: Venusaur|Solar Beam||[still]
|-prepare|p1a: Venusaur|Solar Beam
|-anim|p1a: Venusaur|Solar Beam|p2a: Freight
|-damage|p2a: Freight|0 fnt
|faint|p2a: Freight
|move|p2b: Majesty|Heat Wave|p1a: Venusaur|[spread] p1a,p1b
|-supereffective|p1a: Venusaur|1
|-enditem|p1a: Venusaur|Occa Berry|[eat]
|-enditem|p1a: Venusaur|Occa Berry|[weaken]
|-resisted|p1b: Torkoal|1
|-damage|p1a: Venusaur|3/100
|-damage|p1b: Torkoal|0 fnt
|faint|p1b: Torkoal
|
|-weather|SunnyDay|[upkeep]
|upkeep
|inactive|SuprEpcGuy has 30 seconds left.
|inactive|SuprEpcGuy has 20 seconds left.
|inactive|SuprEpcGuy has 15 seconds left.
|
|t:|1784574687
|switch|p2a: Kangaskhan|Kangaskhan, L50, F|100/100
|turn|4
|inactive|Casarjs has 30 seconds left.
|inactive|Casarjs has 20 seconds left.
|inactive|Casarjs has 15 seconds left.
|inactive|Casarjs has 10 seconds left.
|inactive|Casarjs has 5 seconds left.
|
|t:|1784574743
|move|p2a: Kangaskhan|Fake Out|p1a: Venusaur
|-damage|p1a: Venusaur|0 fnt
|faint|p1a: Venusaur
|
|win|SuprEpcGuy
