|j|ŌśåBbob415
|j|Ōśåjaybee394
|html|Bbob415jaybee394    
|uhtml|bestof|Game 1 of a best-of-3
|t:|1782591958
|gametype|doubles
|player|p1|Bbob415|n|
|player|p2|jaybee394|2|
|gen|9
|tier|[Gen 9 Champions] VGC 2026 Reg M-B (Bo3)
|rule|Species Clause: Limit one of each Pok├®mon
|rule|Item Clause: Limit 1 of each item
|clearpoke
|poke|p1|Raichu, L50, F|
|poke|p1|Basculegion, L50, M|
|poke|p1|Garchomp, L50, M|
|poke|p1|Aerodactyl, L50, F|
|poke|p1|Farigiraf, L50, M|
|poke|p1|Venusaur, L50, M|
|poke|p2|Swampert, L50, M|
|poke|p2|Pelipper, L50, F|
|poke|p2|Archaludon, L50, M|
|poke|p2|Sinistcha, L50|
|poke|p2|Gholdengo, L50|
|poke|p2|Grimmsnarl, L50, M|
|teampreview|4
|showteam|p1|Raichu||RaichuniteY|LightningRod|ZapCannon,FocusBlast,FakeOut,Protect|Timid||F|||50|]Basculegion||ChoiceScarf|Adaptability|LastRespects,WaveCrash,FlipTurn,AquaJet|Adamant||M|||50|]Garchomp||LifeOrb|RoughSkin|DragonClaw,StompingTantrum,RockSlide,Protect|Jolly||M|||50|]Aerodactyl||FocusSash|Unnerve|RockSlide,DualWingbeat,Tailwind,Protect|Jolly||F|||50|]Farigiraf||SitrusBerry|ArmorTail|TwinBeam,GrassKnot,TrickRoom,Protect|Quiet||M|||50|]Venusaur||Venusaurite|Chlorophyll|GigaDrain,SludgeBomb,EarthPower,Protect|Bold||M|||50|
|showteam|p2|Swampert||Swampertite|Torrent|WaveCrash,RockSlide,Earthquake,Protect|Adamant||M|||50|]Pelipper||FocusSash|Drizzle|WeatherBall,Hurricane,Tailwind,Protect|Modest||F|||50|]Archaludon||Leftovers|Stamina|FlashCannon,ElectroShot,DragonPulse,Protect|Modest||M|||50|]Sinistcha||BigRoot|Hospitality|MatchaGotcha,RagePowder,LifeDew,Protect|Modest|||||50|]Gholdengo||LifeOrb|GoodasGold|Protect,MakeItRain,ShadowBall,NastyPlot|Timid|||||50|]Grimmsnarl||LightClay|Prankster|LightScreen,Reflect,FakeOut,SpiritBreak|Impish||M|||50|
|c|ŌśåBbob415|There
|c|ŌśåBbob415|Okay few
|c|Ōśåjaybee394|We good now?
|c|ŌśåBbob415|I hope so
|c|Ōśåjaybee394|We need to wait for the cavalry to arrive
|c|ŌśåBbob415|Yup
|j| ZardiCharVGC
|c|ŌśåBbob415|There
|c|ŌśåBbob415|Im rlly srry for the hassle
|c|Ōśåjaybee394|You're good. Thank you for your patience with my slow ass
|j| Autin Mago
|j| the crimson craig
|c| Autin Mago|Cavalry has arrived
|j| VioletVeiledQueen
|c|ŌśåBbob415|That gives me overwatch ptsd
|l| the crimson craig
|c|ŌśåBbob415|Am i good to start timer again?
|
|t:|1782592180
|teamsize|p1|4
|teamsize|p2|4
|start
|switch|p1a: Aerodactyl|Aerodactyl, L50, F|100/100
|switch|p1b: Garchomp|Garchomp, L50, M|100/100
|switch|p2a: Grimmsnarl|Grimmsnarl, L50, M|100/100
|switch|p2b: Archaludon|Archaludon, L50, M|100/100
|-ability|p1a: Aerodactyl|Unnerve
|turn|1
|c| ZardiCharVGC|on T1
|c|Ōśåjaybee394|Yeah you can start timer
|j| Izzywooperstan
|inactive|Battle timer is ON: inactive players will automatically lose when time's up. (requested by Bbob415)
|
|t:|1782592226
|move|p1a: Aerodactyl|Protect|p1a: Aerodactyl
|-singleturn|p1a: Aerodactyl|Protect
|move|p1b: Garchomp|Protect|p1b: Garchomp
|-singleturn|p1b: Garchomp|Protect
|move|p2a: Grimmsnarl|Reflect|p2a: Grimmsnarl
|-sidestart|p2: jaybee394|Reflect
|move|p2b: Archaludon|Flash Cannon|p1a: Aerodactyl
|-activate|p1a: Aerodactyl|move: Protect
|
|upkeep
|turn|2
|inactive|jaybee394 has 30 seconds left.
|
|t:|1782592252
|move|p1a: Aerodactyl|Tailwind|p1a: Aerodactyl
|-sidestart|p1: Bbob415|move: Tailwind
|move|p1b: Garchomp|Stomping Tantrum|p2b: Archaludon
|-supereffective|p2b: Archaludon|1
|-damage|p2b: Archaludon|52/100
|-ability|p2b: Archaludon|Stamina|boost
|-boost|p2b: Archaludon|def|1
|-damage|p1b: Garchomp|90/100|[from] item: Life Orb
|move|p2b: Archaludon|Flash Cannon|p1a: Aerodactyl
|-supereffective|p1a: Aerodactyl|1
|-enditem|p1a: Aerodactyl|Focus Sash
|-damage|p1a: Aerodactyl|1/100
|move|p2a: Grimmsnarl|Spirit Break|p1a: Aerodactyl
|-damage|p1a: Aerodactyl|0 fnt
|faint|p1a: Aerodactyl
|
|-heal|p2b: Archaludon|58/100|[from] item: Leftovers
|upkeep
|j| PolaroidVGC
|
|t:|1782592271
|switch|p1a: Venusaur|Venusaur, L50, M|100/100
|turn|3
|inactive|jaybee394 has 30 seconds left.
|inactive|Bbob415 has 30 seconds left.
|inactive|jaybee394 has 20 seconds left.
|inactive|Bbob415 has 20 seconds left.
|
|t:|1782592313
|switch|p2a: Pelipper|Pelipper, L50, F|100/100
|-weather|RainDance|[from] ability: Drizzle|[of] p2a: Pelipper
|detailschange|p1a: Venusaur|Venusaur-Mega, L50, M
|-mega|p1a: Venusaur|Venusaur|Venusaurite
|move|p2b: Archaludon|Protect|p2b: Archaludon
|-singleturn|p2b: Archaludon|Protect
|move|p1b: Garchomp|Rock Slide|p2a: Pelipper|[spread] 
|-activate|p2b: Archaludon|move: Protect
|-miss|p1b: Garchomp|p2a: Pelipper
|move|p1a: Venusaur|Earth Power|p2b: Archaludon
|-activate|p2b: Archaludon|move: Protect
|
|-weather|RainDance|[upkeep]
|-heal|p2b: Archaludon|64/100|[from] item: Leftovers
|upkeep
|turn|4
|inactive|jaybee394 has 30 seconds left.
|inactive|jaybee394 has 20 seconds left.
|inactive|jaybee394 has 15 seconds left.
|inactive|jaybee394 has 10 seconds left.
|
|t:|1782592362
|switch|p2b: Grimmsnarl|Grimmsnarl, L50, M|100/100
|move|p1b: Garchomp|Rock Slide|p2b: Grimmsnarl|[spread] p2a
|-miss|p1b: Garchomp|p2b: Grimmsnarl
|-supereffective|p2a: Pelipper|1
|-damage|p2a: Pelipper|55/100
|-damage|p1b: Garchomp|80/100|[from] item: Life Orb
|move|p1a: Venusaur|Earth Power|p2b: Grimmsnarl
|-damage|p2b: Grimmsnarl|70/100
|cant|p2a: Pelipper|flinch
|
|-weather|RainDance|[upkeep]
|upkeep
|turn|5
|inactive|Bbob415 has 30 seconds left.
|inactive|jaybee394 has 30 seconds left.
|
|t:|1782592394
|move|p2b: Grimmsnarl|Fake Out|p1b: Garchomp
|-damage|p1b: Garchomp|68/100
|-damage|p2b: Grimmsnarl|58/100|[from] ability: Rough Skin|[of] p1b: Garchomp
|cant|p1b: Garchomp|flinch
|move|p1a: Venusaur|Sludge Bomb|p2b: Grimmsnarl
|-supereffective|p2b: Grimmsnarl|1
|-damage|p2b: Grimmsnarl|0 fnt
|faint|p2b: Grimmsnarl
|move|p2a: Pelipper|Hurricane|p1a: Venusaur
|-supereffective|p1a: Venusaur|1
|-damage|p1a: Venusaur|19/100
|
|-weather|RainDance|[upkeep]
|-sideend|p1: Bbob415|move: Tailwind
|upkeep
|j| Blizz.vg
|
|t:|1782592413
|switch|p2b: Archaludon|Archaludon, L50, M|64/100
|turn|6
|inactive|jaybee394 has 30 seconds left.
|
|t:|1782592443
|move|p2b: Archaludon|Protect|p2b: Archaludon
|-singleturn|p2b: Archaludon|Protect
|move|p1b: Garchomp|Stomping Tantrum|p2b: Archaludon
|-activate|p2b: Archaludon|move: Protect
|move|p2a: Pelipper|Tailwind|p2a: Pelipper
|-sidestart|p2: jaybee394|move: Tailwind
|move|p1a: Venusaur|Giga Drain|p2a: Pelipper
|-damage|p2a: Pelipper|0 fnt
|-heal|p1a: Venusaur|40/100|[from] drain|[of] p2a: Pelipper
|faint|p2a: Pelipper
|
|-weather|RainDance|[upkeep]
|-heal|p2b: Archaludon|70/100|[from] item: Leftovers
|upkeep
|
|t:|1782592458
|switch|p2a: Gholdengo|Gholdengo, L50|100/100
|turn|7
|inactive|jaybee394 has 30 seconds left.
|
|t:|1782592484
|move|p2a: Gholdengo|Nasty Plot|p2a: Gholdengo
|-boost|p2a: Gholdengo|spa|2
|move|p2b: Archaludon|Dragon Pulse|p1b: Garchomp
|-supereffective|p1b: Garchomp|1
|-damage|p1b: Garchomp|0 fnt
|faint|p1b: Garchomp
|move|p1a: Venusaur|Earth Power|p2b: Archaludon
|-supereffective|p2b: Archaludon|1
|-damage|p2b: Archaludon|18/100
|-ability|p2b: Archaludon|Stamina|boost
|-boost|p2b: Archaludon|def|1
|
|-weather|none
|-heal|p2b: Archaludon|24/100|[from] item: Leftovers
|upkeep
|
|t:|1782592498
|switch|p1b: Basculegion|Basculegion, L50, M|100/100
|turn|8
|j| TemporalDonut
|inactive|Bbob415 has 30 seconds left.
|
|t:|1782592525
|move|p2a: Gholdengo|Shadow Ball|p1b: Basculegion
|-supereffective|p1b: Basculegion|1
|-damage|p1b: Basculegion|0 fnt
|faint|p1b: Basculegion
|-damage|p2a: Gholdengo|90/100|[from] item: Life Orb
|move|p2b: Archaludon|Dragon Pulse|p1a: Venusaur
|-damage|p1a: Venusaur|9/100
|move|p1a: Venusaur|Earth Power|p2a: Gholdengo
|-supereffective|p2a: Gholdengo|1
|-damage|p2a: Gholdengo|44/100
|
|-heal|p2b: Archaludon|30/100|[from] item: Leftovers
|-sideend|p2: jaybee394|Reflect
|upkeep
|turn|9
|
|t:|1782592546
|move|p2a: Gholdengo|Shadow Ball|p1a: Venusaur
|-damage|p1a: Venusaur|0 fnt
|faint|p1a: Venusaur
|-damage|p2a: Gholdengo|35/100|[from] item: Life Orb
|
|win|jaybee394
||Bbob415 is ready for game 2.
|inactive|jaybee394 has 30 seconds to confirm battle start!
|inactive|jaybee394 has 20 seconds to confirm battle start!
||jaybee394 is ready for game 2.
|uhtml|next|Next: Game 2 of 3
