|j|☆Mushroom Hater
|j|☆zaraskadi
|html|Mushroom Haterzaraskadi    
|uhtml|bestof|Game 1 of a best-of-3
|t:|1756870090
|gametype|doubles
|player|p1|Mushroom Hater|dawn|1300
|player|p2|zaraskadi|1|1293
|gen|9
|tier|[Gen 9] VGC 2025 Reg H (Bo3)
|rated|
|rule|Species Clause: Limit one of each Pokémon
|rule|Item Clause: Limit 1 of each item
|clearpoke
|poke|p1|Maushold-Four, L50|
|poke|p1|Dragonite, L50, M|
|poke|p1|Rillaboom, L50, M|
|poke|p1|Annihilape, L50, M|
|poke|p1|Ursaluna-Bloodmoon, L50, M|
|poke|p1|Gholdengo, L50|
|poke|p2|Indeedee, L50, M|
|poke|p2|Sneasler, L50, M|
|poke|p2|Excadrill, L50, F|
|poke|p2|Magmar, L50, M|
|poke|p2|Corviknight, L50, F|
|poke|p2|Tyranitar, L50, M|
|teampreview|4
|showteam|p1|Maushold-Four||FocusSash|FriendGuard|BeatUp,FollowMe,SuperFang,Protect||||||50|,,,,,Ghost]Dragonite||LoadedDice|Multiscale|ScaleShot,ExtremeSpeed,Tailwind,Protect|||M|||50|,,,,,Normal]Rillaboom||MiracleSeed|GrassySurge|GrassyGlide,DrumBeating,HighHorsepower,FakeOut|||M|||50|,,,,,Fire]Annihilape||SafetyGoggles|Defiant|DrainPunch,RageFist,BulkUp,Protect|||M|||50|,,,,,Fire]Ursaluna-Bloodmoon||AssaultVest|MindsEye|HyperVoice,BloodMoon,VacuumWave,EarthPower|||M|||50|,,,,,Water]Gholdengo||LifeOrb|GoodasGold|MakeItRain,ShadowBall,NastyPlot,Protect||||||50|,,,,,Water
|showteam|p2|Indeedee||ChoiceScarf|PsychicSurge|ExpandingForce,TeraBlast,Trick,Protect|||M|||50|,,,,,Psychic]Sneasler||WhiteHerb|Unburden|FakeOut,CloseCombat,DireClaw,Coaching|||M|||50|,,,,,Ghost]Excadrill||FocusSash|SandRush|Earthquake,IronHead,HighHorsepower,Protect|||F|||50|,,,,,Stellar]Magmar||Eviolite|VitalSpirit|HeatWave,FollowMe,WillOWisp,Protect|||M|||50|,,,,,Grass]Corviknight||PsychicSeed|MirrorArmor|BraveBird,PowerTrip,BulkUp,Roost|||F|||50|,,,,,Dragon]Tyranitar||AssaultVest|SandStream|RockSlide,KnockOff,LowKick,TeraBlast|||M|||50|,,,,,Flying
|inactive|Battle timer is ON: inactive players will automatically lose when time's up. (requested by zaraskadi)
|inactive|Mushroom Hater has 60 seconds left.
|
|t:|1756870217
|teamsize|p1|4
|teamsize|p2|4
|start
|switch|p1a: Dragonite|Dragonite, L50, M|100/100
|switch|p1b: Annihilape|Annihilape, L50, M|100/100
|switch|p2a: Sneasler|Sneasler, L50, M|100/100
|switch|p2b: Tyranitar|Tyranitar, L50, M|100/100
|-weather|Sandstorm|[from] ability: Sand Stream|[of] p2b: Tyranitar
|turn|1
|inactive|Mushroom Hater has 30 seconds left.
|inactive|zaraskadi has 30 seconds left.
|inactive|Mushroom Hater has 20 seconds left.
|inactive|zaraskadi has 20 seconds left.
|inactive|Mushroom Hater has 15 seconds left.
|inactive|zaraskadi has 15 seconds left.
|inactive|Mushroom Hater has 10 seconds left.
|
|t:|1756870266
|switch|p1b: Ursaluna|Ursaluna-Bloodmoon, L50, M|100/100
|-terastallize|p2b: Tyranitar|Flying
|move|p2a: Sneasler|Coaching|p2b: Tyranitar
|-boost|p2b: Tyranitar|atk|1
|-boost|p2b: Tyranitar|def|1
|move|p1a: Dragonite|Tailwind|p1a: Dragonite
|-sidestart|p1: Mushroom Hater|move: Tailwind
|move|p2b: Tyranitar|Tera Blast|p1b: Ursaluna|[anim] Tera Blast Flying
|-damage|p1b: Ursaluna|47/100
|
|-weather|Sandstorm|[upkeep]
|-damage|p1a: Dragonite|95/100|[from] Sandstorm
|-damage|p2a: Sneasler|95/100|[from] Sandstorm
|-damage|p2b: Tyranitar|95/100|[from] Sandstorm
|upkeep
|turn|2
|inactive|Mushroom Hater has 30 seconds left.
|inactive|Mushroom Hater has 20 seconds left.
|inactive|Mushroom Hater has 15 seconds left.
|inactive|Mushroom Hater has 10 seconds left.
|inactive|zaraskadi has 30 seconds left.
|
|t:|1756870321
|move|p1a: Dragonite|Scale Shot|p2b: Tyranitar
|-damage|p2b: Tyranitar|87/100
|-damage|p2b: Tyranitar|79/100
|-crit|p2b: Tyranitar
|-damage|p2b: Tyranitar|60/100
|-damage|p2b: Tyranitar|52/100
|-hitcount|p2b: Tyranitar|4
|-unboost|p1a: Dragonite|def|1
|-boost|p1a: Dragonite|spe|1
|move|p1b: Ursaluna|Earth Power|p2a: Sneasler
|-supereffective|p2a: Sneasler
|-damage|p2a: Sneasler|0 fnt
|faint|p2a: Sneasler
|move|p2b: Tyranitar|Rock Slide|p1b: Ursaluna|[spread] p1a,p1b
|-supereffective|p1a: Dragonite
|-resisted|p1b: Ursaluna
|-damage|p1a: Dragonite|0 fnt
|-damage|p1b: Ursaluna|31/100
|faint|p1a: Dragonite
|
|-weather|Sandstorm|[upkeep]
|-damage|p2b: Tyranitar|46/100|[from] Sandstorm
|upkeep
|inactive|Mushroom Hater has 30 seconds left.
|
|t:|1756870346
|switch|p2a: Excadrill|Excadrill, L50, F|100/100
|switch|p1a: Annihilape|Annihilape, L50, M|100/100
|turn|3
|inactive|Mushroom Hater has 30 seconds left.
|inactive|zaraskadi has 30 seconds left.
|inactive|Mushroom Hater has 20 seconds left.
|inactive|Mushroom Hater has 15 seconds left.
|inactive|Mushroom Hater has 10 seconds left.
|
|t:|1756870393
|move|p1b: Ursaluna|Vacuum Wave|p2a: Excadrill
|-supereffective|p2a: Excadrill
|-damage|p2a: Excadrill|64/100
|move|p1a: Annihilape|Drain Punch|p2a: Excadrill
|-supereffective|p2a: Excadrill
|-damage|p2a: Excadrill|0 fnt
|faint|p2a: Excadrill
|move|p2b: Tyranitar|Tera Blast|p1a: Annihilape|[anim] Tera Blast Flying
|-supereffective|p1a: Annihilape
|-damage|p1a: Annihilape|0 fnt
|faint|p1a: Annihilape
|
|-weather|Sandstorm|[upkeep]
|-damage|p2b: Tyranitar|40/100|[from] Sandstorm
|upkeep
|
|t:|1756870404
|switch|p1a: Rillaboom|Rillaboom, L50, M|100/100
|switch|p2a: Indeedee|Indeedee, L50, M|100/100
|-fieldstart|move: Grassy Terrain|[from] ability: Grassy Surge|[of] p1a: Rillaboom
|-fieldstart|move: Psychic Terrain|[from] ability: Psychic Surge|[of] p2a: Indeedee
|turn|4
|inactive|Mushroom Hater has 30 seconds left.
|inactive|Mushroom Hater has 20 seconds left.
|inactive|zaraskadi has 30 seconds left.
|
|t:|1756870445
|move|p1a: Rillaboom|Drum Beating|p2a: Indeedee
|-damage|p2a: Indeedee|0 fnt
|faint|p2a: Indeedee
|move|p1b: Ursaluna|Blood Moon|p2b: Tyranitar
|-damage|p2b: Tyranitar|0 fnt
|faint|p2b: Tyranitar
|
|win|Mushroom Hater
