|j|☆DeewompostYT
|j|☆MetaknightXIII
|html|DeewompostYTMetaknightXIII    
|uhtml|bestof|Game 2 of a best-of-3
|t:|1755835872
|gametype|doubles
|player|p1|DeewompostYT|candice|1125
|player|p2|MetaknightXIII|veteran|1189
|gen|9
|tier|[Gen 9] VGC 2025 Reg H (Bo3)
|rated|
|rule|Species Clause: Limit one of each Pokémon
|rule|Item Clause: Limit 1 of each item
|clearpoke
|poke|p1|Indeedee, L50, M|
|poke|p1|Sneasler, L50, F|
|poke|p1|Whimsicott, L50, M|
|poke|p1|Ursaluna-Bloodmoon, L50, M|
|poke|p1|Electabuzz, L50, M|
|poke|p1|Dragonite, L50, M|
|poke|p2|Kingdra, L50, M|
|poke|p2|Archaludon, L50, M|
|poke|p2|Politoed, L50, F|
|poke|p2|Gothitelle, L50, M|
|poke|p2|Incineroar, L50, M|
|poke|p2|Amoonguss, L50, F|
|teampreview|4
|showteam|p1|Indeedee||FocusSash|PsychicSurge|ExpandingForce,TrickRoom,Imprison,Protect|||M|||50|,,,,,Psychic]Sneasler||PsychicSeed|Unburden|DireClaw,CloseCombat,ThroatChop,Protect|||F|||50|,,,,,Stellar]Whimsicott||CovertCloak|Prankster|Tailwind,HelpingHand,Moonblast,Protect|||M|||50|,,,,,Dark]Ursaluna-Bloodmoon||LifeOrb|MindsEye|HyperVoice,EarthPower,BloodMoon,Protect|||M|||50|,,,,,Ghost]Electabuzz||Eviolite|VitalSpirit|FollowMe,Electroweb,Taunt,Protect|||M|||50|,,,,,Grass]Dragonite||LoadedDice|InnerFocus|ScaleShot,Haze,Tailwind,Protect|||M|||50|,,,,,Dragon
|showteam|p2|Kingdra||LifeOrb|SwiftSwim|WeatherBall,MuddyWater,DracoMeteor,Protect|||M|||50|,,,,,Stellar]Archaludon||PowerHerb|Sturdy|ElectroShot,FlashCannon,DragonPulse,Protect|||M|||50|,,,,,Electric]Politoed||Leftovers|Drizzle|WeatherBall,PerishSong,Encore,Protect|||F|||50|,,,,,Grass]Gothitelle||SitrusBerry|ShadowTag|FakeOut,Psychic,TrickRoom,Protect|||M|||50|,,,,,Dark]Incineroar||SafetyGoggles|Intimidate|FakeOut,KnockOff,PartingShot,Protect|||M|||50|,,,,,Ghost]Amoonguss||EjectButton|Regenerator|Spore,RagePowder,PollenPuff,Protect|||F|||50|,,,,,Fairy
|
|t:|1755835936
|teamsize|p1|4
|teamsize|p2|4
|start
|switch|p1a: Electabuzz|Electabuzz, L50, M|100/100
|switch|p1b: Dragonite|Dragonite, L50, M|100/100
|switch|p2a: Archaludon|Archaludon, L50, M|100/100
|switch|p2b: Gothitelle|Gothitelle, L50, M|100/100
|turn|1
|
|t:|1755835962
|move|p1b: Dragonite|Protect|p1b: Dragonite
|-singleturn|p1b: Dragonite|Protect
|move|p2b: Gothitelle|Fake Out|p1a: Electabuzz
|-damage|p1a: Electabuzz|95/100
|move|p2a: Archaludon|Dragon Pulse|p1b: Dragonite
|-activate|p1b: Dragonite|move: Protect
|cant|p1a: Electabuzz|flinch
|
|upkeep
|turn|2
|
|t:|1755836004
|move|p1a: Electabuzz|Follow Me|p1a: Electabuzz
|-singleturn|p1a: Electabuzz|move: Follow Me
|move|p2a: Archaludon|Electro Shot||[still]
|-prepare|p2a: Archaludon|Electro Shot
|-boost|p2a: Archaludon|spa|1
|-enditem|p2a: Archaludon|Power Herb
|-anim|p2a: Archaludon|Electro Shot|p1a: Electabuzz
|-resisted|p1a: Electabuzz
|-damage|p1a: Electabuzz|73/100
|move|p1b: Dragonite|Scale Shot|p2a: Archaludon
|-damage|p2a: Archaludon|88/100
|-damage|p2a: Archaludon|75/100
|-damage|p2a: Archaludon|63/100
|-damage|p2a: Archaludon|50/100
|-hitcount|p2a: Archaludon|4
|-unboost|p1b: Dragonite|def|1
|-boost|p1b: Dragonite|spe|1
|move|p2b: Gothitelle|Psychic|p1a: Electabuzz
|-damage|p1a: Electabuzz|52/100
|
|upkeep
|turn|3
|
|t:|1755836030
|-terastallize|p1b: Dragonite|Dragon
|move|p2a: Archaludon|Protect|p2a: Archaludon
|-singleturn|p2a: Archaludon|Protect
|move|p1b: Dragonite|Scale Shot|p2a: Archaludon
|-activate|p2a: Archaludon|move: Protect
|move|p1a: Electabuzz|Taunt|p2b: Gothitelle
|-start|p2b: Gothitelle|move: Taunt
|cant|p2b: Gothitelle|move: Taunt|Trick Room
|
|upkeep
|turn|4
|-message|MetaknightXIII forfeited.
|
|win|DeewompostYT
|raw|DeewompostYT's rating: 1125 → 1155(+30 for winning)
|raw|MetaknightXIII's rating: 1189 → 1159(-30 for losing)
|l|☆MetaknightXIII
|player|p2|
