|j|☆zbsch
|j|☆spellbreakvgc
|html|zbschspellbreakvgc    
|uhtml|bestof|Game 1 of a best-of-3
|t:|1756718179
|gametype|doubles
|player|p1|zbsch|harlequin|1104
|player|p2|spellbreakvgc|lance|1171
|gen|9
|tier|[Gen 9] VGC 2025 Reg H (Bo3)
|rated|
|rule|Species Clause: Limit one of each Pokémon
|rule|Item Clause: Limit 1 of each item
|clearpoke
|poke|p1|Charizard, L50, M|
|poke|p1|Torkoal, L50, F|
|poke|p1|Jumpluff, L50, F|
|poke|p1|Archaludon, L50, M|
|poke|p1|Sneasler, L50, M|
|poke|p1|Indeedee, L50, M|
|poke|p2|Whimsicott, L50, F|
|poke|p2|Typhlosion-Hisui, L50, F|
|poke|p2|Dragapult, L50, M|
|poke|p2|Electabuzz, L50, F|
|poke|p2|Torkoal, L50, F|
|poke|p2|Lilligant-Hisui, L50, F|
|teampreview|4
|showteam|p1|Charizard||LifeOrb|SolarPower|HeatWave,Protect,WeatherBall,AirSlash|||M|||50|,,,,,Fire]Torkoal||EjectPack|Drought|Eruption,HeatWave,HelpingHand,Protect|||F|||50|,,,,,Fire]Jumpluff||CovertCloak|Chlorophyll|SleepPowder,Tailwind,RagePowder,SunnyDay|||F|||50|,,,,,Water]Archaludon||PowerHerb|Stamina|Protect,ElectroShot,DracoMeteor,FlashCannon|||M|||50|,,,,,Dragon]Sneasler||PsychicSeed|Unburden|DireClaw,ThroatChop,CloseCombat,Protect|||M|||50|,,,,,Dark]Indeedee||ChoiceSpecs|PsychicSurge|ExpandingForce,TeraBlast,DazzlingGleam,Protect|||M|||50|,,,,,Fighting
|showteam|p2|Whimsicott||CovertCloak|Prankster|Tailwind,SunnyDay,Encore,Moonblast|||F|||50|,,,,,Steel]Typhlosion-Hisui||ChoiceSpecs|Blaze|Eruption,HeatWave,ShadowBall,Overheat|||F|||50|,,,,,Fire]Dragapult||ChoiceBand|ClearBody|DragonDarts,Outrage,SuckerPunch,Uturn|||M|||50|,,,,,Dragon]Electabuzz||Eviolite|VitalSpirit|VoltSwitch,FollowMe,Feint,Protect|||F|||50|,,,,,Ghost]Torkoal||LifeOrb|Drought|Eruption,HeatWave,WeatherBall,Protect|||F|||50|,,,,,Fire]Lilligant-Hisui||FocusSash|Chlorophyll|CloseCombat,SleepPowder,AfterYou,LeafBlade|||F|||50|,,,,,Ghost
|inactive|Battle timer is ON: inactive players will automatically lose when time's up. (requested by zbsch)
|inactive|spellbreakvgc has 60 seconds left.
|j| buckeniers
|l| buckeniers
|inactive|spellbreakvgc has 30 seconds left.
|j| buckeniers
|l| buckeniers
|inactive|spellbreakvgc has 20 seconds left.
|
|t:|1756718257
|teamsize|p1|4
|teamsize|p2|4
|start
|switch|p1a: Sneasler|Sneasler, L50, M|100/100
|switch|p1b: Indeedee|Indeedee, L50, M|100/100
|switch|p2a: Whimsicott|Whimsicott, L50, F|100/100
|switch|p2b: Typhlosion|Typhlosion-Hisui, L50, F|100/100
|-fieldstart|move: Psychic Terrain|[from] ability: Psychic Surge|[of] p1b: Indeedee
|-enditem|p1a: Sneasler|Psychic Seed
|-boost|p1a: Sneasler|spd|1|[from] item: Psychic Seed
|turn|1
|
|t:|1756718276
|-terastallize|p1a: Sneasler|Dark
|-terastallize|p2a: Whimsicott|Steel
|move|p2a: Whimsicott|Tailwind|p2a: Whimsicott
|-sidestart|p2: spellbreakvgc|move: Tailwind
|move|p1a: Sneasler|Throat Chop|p2b: Typhlosion
|-supereffective|p2b: Typhlosion
|-damage|p2b: Typhlosion|0 fnt
|faint|p2b: Typhlosion
|move|p1b: Indeedee|Expanding Force|p2a: Whimsicott
|-resisted|p2a: Whimsicott
|-damage|p2a: Whimsicott|32/100
|
|upkeep
|-message|spellbreakvgc forfeited.
|
|win|zbsch
