|j|☆x-demon18
|j|‽NicClassic
|html|x-demon18NicClassic    
|uhtml|bestof|Game 2 of a best-of-3
|t:|1784747302
|gametype|doubles
|player|p1|x-demon18|lucas|1031
|player|p2|NicClassic|102|1014
|gen|9
|tier|[Gen 9 Champions] VGC 2026 Reg M-B (Bo3)
|rated|
|rule|Species Clause: Limit one of each Pokémon
|rule|Item Clause: Limit 1 of each item
|clearpoke
|poke|p1|Incineroar, L50, M|
|poke|p1|Rotom-Wash, L50|
|poke|p1|Venusaur, L50, F|
|poke|p1|Corviknight, L50, M|
|poke|p1|Sylveon, L50, F|
|poke|p1|Garchomp, L50, M|
|poke|p2|Charizard, L50, F|
|poke|p2|Venusaur, L50, M|
|poke|p2|Incineroar, L50, F|
|poke|p2|Garchomp, L50, M|
|poke|p2|Whimsicott, L50, M|
|poke|p2|Kingambit, L50, M|
|teampreview|4
|showteam|p1|Incineroar||ExpertBelt|Intimidate|FakeOut,TemperFlare,ThroatChop,PartingShot|Adamant||M|||50|]Rotom-Wash||RindoBerry|Levitate|HydroPump,Electroweb,WillOWisp,VoltSwitch|Modest|||||50|]Venusaur||Venusaurite|Chlorophyll|GigaDrain,SludgeBomb,EarthPower,Protect|Modest||F|||50|]Corviknight||OccaBerry|MirrorArmor|Tailwind,DualWingbeat,IronHead,BodyPress|Adamant||M|||50|]Sylveon||FairyFeather|Pixilate|HyperVoice,QuickAttack,Yawn,Detect|Modest||F|||50|]Garchomp||LifeOrb|RoughSkin|RockSlide,DragonClaw,StompingTantrum,Protect|Jolly||M|||50|
|showteam|p2|Charizard||CharizarditeY|Blaze|HeatWave,SolarBeam,WeatherBall,Protect|Modest||F|||50|]Venusaur||MiracleSeed|Chlorophyll|SleepPowder,SludgeBomb,GigaDrain,Protect|Timid||M|||50|]Incineroar||SitrusBerry|Intimidate|FakeOut,PartingShot,FlareBlitz,DarkestLariat|Careful||F|||50|]Garchomp||LifeOrb|RoughSkin|StompingTantrum,DragonClaw,RockSlide,Protect|Jolly||M|||50|]Whimsicott||FocusSash|Prankster|Tailwind,Moonblast,Encore,Protect|Timid||M|||50|]Kingambit||BlackGlasses|Defiant|KowtowCleave,SuckerPunch,IronHead,Protect|Adamant||M|||50|
|
|t:|1784747337
|teamsize|p1|4
|teamsize|p2|4
|start
|switch|p1a: Wolverine|Incineroar, L50, M|100/100
|switch|p1b: Griffith|Corviknight, L50, M|100/100
|switch|p2a: Incineroar|Incineroar, L50, F|100/100
|switch|p2b: Garchomp|Garchomp, L50, M|100/100
|-ability|p1a: Wolverine|Intimidate|boost
|-unboost|p2a: Incineroar|atk|1
|-unboost|p2b: Garchomp|atk|1
|-ability|p2a: Incineroar|Intimidate|boost
|-unboost|p1a: Wolverine|atk|1
|-ability|p1b: Griffith|Mirror Armor
|-unboost|p2a: Incineroar|atk|1
|turn|1
|
|t:|1784747366
|move|p2a: Incineroar|Fake Out|p1b: Griffith
|-resisted|p1b: Griffith|1
|-damage|p1b: Griffith|97/100
|move|p2b: Garchomp|Stomping Tantrum|p1a: Wolverine
|-supereffective|p1a: Wolverine|1
|-damage|p1a: Wolverine|44/100
|-damage|p2b: Garchomp|90/100|[from] item: Life Orb
|cant|p1b: Griffith|flinch
|move|p1a: Wolverine|Parting Shot|p2b: Garchomp
|-unboost|p2b: Garchomp|atk|1
|-unboost|p2b: Garchomp|spa|1
|
|t:|1784747381
|switch|p1a: Berserk|Garchomp, L50, M|100/100|[from] Parting Shot
|
|upkeep
|turn|2
|
|t:|1784747396
|move|p2b: Garchomp|Protect|p2b: Garchomp
|-singleturn|p2b: Garchomp|Protect
|move|p1a: Berserk|Rock Slide|p2b: Garchomp|[spread] p2a
|-activate|p2b: Garchomp|move: Protect
|-supereffective|p2a: Incineroar|1
|-damage|p2a: Incineroar|41/100
|-enditem|p2a: Incineroar|Sitrus Berry|[eat]
|-heal|p2a: Incineroar|66/100|[from] item: Sitrus Berry
|-damage|p1a: Berserk|90/100|[from] item: Life Orb
|move|p1b: Griffith|Tailwind|p1b: Griffith
|-sidestart|p1: x-demon18|move: Tailwind
|cant|p2a: Incineroar|flinch
|
|upkeep
|turn|3
|
|t:|1784747420
|switch|p1b: Wolverine|Incineroar, L50, M|44/100
|-ability|p1b: Wolverine|Intimidate|boost
|-unboost|p2a: Incineroar|atk|1
|-unboost|p2b: Garchomp|atk|1
|move|p1a: Berserk|Dragon Claw|p2b: Garchomp
|-supereffective|p2b: Garchomp|1
|-damage|p2b: Garchomp|0 fnt
|-damage|p1a: Berserk|78/100|[from] ability: Rough Skin|[of] p2b: Garchomp
|faint|p2b: Garchomp
|-damage|p1a: Berserk|68/100|[from] item: Life Orb
|move|p2a: Incineroar|Parting Shot|p1a: Berserk
|-unboost|p1a: Berserk|atk|1
|-unboost|p1a: Berserk|spa|1
|-message|NicClassic forfeited.
|raw|x-demon18's rating: 1031 → 1065(+34 for winning)
|raw|NicClassic's rating: 1014 → 1002(-12 for losing)
|
|win|x-demon18
|l|‽NicClassic
|player|p2|
