|j|☆stevie.bot
|j|☆Dkelly1126
|html|stevie.botDkelly1126    
|uhtml|bestof|Game 1 of a best-of-3
|t:|1756153696
|gametype|doubles
|player|p1|stevie.bot|liza|1288
|player|p2|Dkelly1126|blue|1204
|gen|9
|tier|[Gen 9] VGC 2025 Reg H (Bo3)
|rated|
|rule|Species Clause: Limit one of each Pokémon
|rule|Item Clause: Limit 1 of each item
|clearpoke
|poke|p1|Sneasler, L50, F|
|poke|p1|Dragapult, L50, M|
|poke|p1|Primarina, L50, M|
|poke|p1|Rillaboom, L50, F|
|poke|p1|Kingambit, L50, F|
|poke|p1|Magmar, L50, F|
|poke|p2|Talonflame, L50, F|
|poke|p2|Ursaluna-Bloodmoon, L50, M|
|poke|p2|Electabuzz, L50, M|
|poke|p2|Dragonite, L50, M|
|poke|p2|Indeedee, L50, M|
|poke|p2|Sneasler, L50, M|
|teampreview|4
|showteam|p1|Sneasler||FocusSash|PoisonTouch|CloseCombat,DireClaw,FakeOut,Protect|||F|||50|,,,,,Stellar]Dragapult||ChoiceBand|ClearBody|DragonDarts,TeraBlast,PhantomForce,Uturn|||M|||50|,,,,,Ghost]Primarina||SitrusBerry|LiquidVoice|HyperVoice,Moonblast,Haze,Protect|||M|||50|,,,,,Water]Rillaboom||AssaultVest|GrassySurge|WoodHammer,GrassyGlide,HighHorsepower,FakeOut|||F|||50|,,,,,Fire]Kingambit||BlackGlasses|Defiant|KowtowCleave,SuckerPunch,SwordsDance,Protect|||F|||50|,,,,,Ghost]Magmar||Eviolite|VitalSpirit|Overheat,WillOWisp,FollowMe,Protect|||F|||50|,,,,,Fairy
|showteam|p2|Talonflame||CovertCloak|GaleWings|Tailwind,DualWingbeat,WillOWisp,FlareBlitz|||F|||50|,,,,,Fairy]Ursaluna-Bloodmoon||LifeOrb|MindsEye|BloodMoon,Protect,HyperVoice,EarthPower|||M|||50|,,,,,Normal]Electabuzz||Eviolite|VitalSpirit|FollowMe,Electroweb,Protect,Taunt|||M|||50|,,,,,Ghost]Dragonite||LoadedDice|Multiscale|ScaleShot,StompingTantrum,Haze,Protect|||M|||50|,,,,,Fairy]Indeedee||FocusSash|PsychicSurge|ExpandingForce,TrickRoom,Imprison,HelpingHand|||M|||50|,,,,,Psychic]Sneasler||PsychicSeed|Unburden|DireClaw,CloseCombat,ThroatChop,Protect|||M|||50|,,,,,Dark
|inactive|Battle timer is ON: inactive players will automatically lose when time's up. (requested by stevie.bot)
|
|t:|1756153727
|teamsize|p1|4
|teamsize|p2|4
|start
|switch|p1a: Sneasler|Sneasler, L50, F|100/100
|switch|p1b: Primarina|Primarina, L50, M|100/100
|switch|p2a: Talonflame|Talonflame, L50, F|100/100
|switch|p2b: Ursaluna|Ursaluna-Bloodmoon, L50, M|100/100
|turn|1
|
|t:|1756153749
|-terastallize|p1b: Primarina|Water
|move|p2b: Ursaluna|Protect|p2b: Ursaluna
|-singleturn|p2b: Ursaluna|Protect
|move|p1a: Sneasler|Fake Out|p2b: Ursaluna
|-activate|p2b: Ursaluna|move: Protect
|move|p2a: Talonflame|Dual Wingbeat|p1a: Sneasler
|-supereffective|p1a: Sneasler
|-damage|p1a: Sneasler|46/100
|-supereffective|p1a: Sneasler
|-crit|p1a: Sneasler
|-damage|p1a: Sneasler|0 fnt
|faint|p1a: Sneasler
|-hitcount|p1: Sneasler|2
|move|p1b: Primarina|Hyper Voice|p2a: Talonflame|[spread] p2a
|-activate|p2b: Ursaluna|move: Protect
|-supereffective|p2a: Talonflame
|-damage|p2a: Talonflame|0 fnt
|faint|p2a: Talonflame
|
|upkeep
|
|t:|1756153771
|switch|p2a: Sneasler|Sneasler, L50, M|100/100
|switch|p1a: Dragapult|Dragapult, L50, M|100/100
|turn|2
|
|t:|1756153787
|switch|p1a: Kingambit|Kingambit, L50, F|100/100
|switch|p2b: Indeedee|Indeedee, L50, M|100/100
|-fieldstart|move: Psychic Terrain|[from] ability: Psychic Surge|[of] p2b: Indeedee
|-enditem|p2a: Sneasler|Psychic Seed
|-boost|p2a: Sneasler|spd|1|[from] item: Psychic Seed
|-terastallize|p2a: Sneasler|Dark
|move|p2a: Sneasler|Throat Chop|p1a: Kingambit
|-resisted|p1a: Kingambit
|-damage|p1a: Kingambit|84/100
|-start|p1a: Kingambit|Throat Chop|[silent]
|move|p1b: Primarina|Moonblast|p2a: Sneasler
|-supereffective|p2a: Sneasler
|-damage|p2a: Sneasler|18/100
|
|upkeep
|turn|3
|inactive|Dkelly1126 has 30 seconds left.
|
|t:|1756153819
|move|p2a: Sneasler|Close Combat|p1a: Kingambit
|-supereffective|p1a: Kingambit
|-damage|p1a: Kingambit|0 fnt
|-unboost|p2a: Sneasler|def|1
|-unboost|p2a: Sneasler|spd|1
|faint|p1a: Kingambit
|move|p2b: Indeedee|Expanding Force|p1b: Primarina
|-damage|p1b: Primarina|42/100
|-enditem|p1b: Primarina|Sitrus Berry|[eat]
|-heal|p1b: Primarina|67/100|[from] item: Sitrus Berry
|move|p1b: Primarina|Hyper Voice|p2a: Sneasler|[spread] p2a,p2b
|-damage|p2a: Sneasler|0 fnt
|-damage|p2b: Indeedee|41/100
|faint|p2a: Sneasler
|
|upkeep
|
|t:|1756153832
|switch|p2a: Ursaluna|Ursaluna-Bloodmoon, L50, M|100/100
|switch|p1a: Dragapult|Dragapult, L50, M|100/100
|turn|4
|
|t:|1756153855
|move|p2b: Indeedee|Helping Hand|p2a: Ursaluna
|-singleturn|p2a: Ursaluna|Helping Hand|[of] p2b: Indeedee
|move|p1a: Dragapult|Dragon Darts|p2b: Indeedee
|-damage|p2b: Indeedee|0 fnt
|-anim|p1a: Dragapult|Dragon Darts|p2a: Ursaluna
|-damage|p2a: Ursaluna|70/100
|faint|p2b: Indeedee
|move|p2a: Ursaluna|Hyper Voice|p1a: Dragapult|[spread] p1a,p1b
|-damage|p1a: Dragapult|4/100
|-damage|p1b: Primarina|5/100
|-damage|p2a: Ursaluna|60/100|[from] item: Life Orb
|move|p1b: Primarina|Hyper Voice|p2a: Ursaluna
|-supereffective|p2a: Ursaluna
|-damage|p2a: Ursaluna|0 fnt
|faint|p2a: Ursaluna
|
|win|stevie.bot
|inactive|stevie.bot has 30 seconds to confirm battle start!
|inactive|Dkelly1126 has 30 seconds to confirm battle start!
||stevie.bot is ready for game 2.
