|j|☆camala64
|j|☆magicalarcher57
|html|camala64magicalarcher57    
|uhtml|bestof|Game 1 of a best-of-3
|t:|1784820603
|gametype|doubles
|player|p1|camala64|lance-masters2|
|player|p2|magicalarcher57|diantha|
|gen|9
|tier|[Gen 9 Champions] VGC 2026 Reg M-B (Bo3)
|rule|Species Clause: Limit one of each Pokémon
|rule|Item Clause: Limit 1 of each item
|clearpoke
|poke|p1|Kingambit, L50, M, shiny|
|poke|p1|Whimsicott, L50, M, shiny|
|poke|p1|Scovillain, L50, M|
|poke|p1|Lycanroc-Dusk, L50, M, shiny|
|poke|p1|Basculegion, L50, M, shiny|
|poke|p1|Floette-Eternal, L50, F|
|poke|p2|Sneasler, L50, M|
|poke|p2|Garchomp, L50, F|
|poke|p2|Aerodactyl, L50, M|
|poke|p2|Charizard, L50, M|
|poke|p2|Venusaur, L50, F|
|poke|p2|Kingambit, L50, M|
|teampreview|4
|showteam|p1|Kingambit||LifeOrb|Defiant|KowtowCleave,SuckerPunch,SwordsDance,Protect|Adamant||M|||50|]Whimsicott||FairyFeather|Prankster|Moonblast,Tailwind,Encore,Protect|Modest||M|||50|]Scovillain||Scovillainite|Chlorophyll|Overheat,GigaDrain,RagePowder,Protect|Bold||M|||50|]Lycanroc-Dusk||FocusSash|ToughClaws|Accelerock,RockSlide,CloseCombat,Protect|Adamant||M|||50|]Basculegion||MysticWater|Adaptability|WaveCrash,AquaJet,LastRespects,Protect|Adamant||M|||50|]Floette-Eternal||Floettite|FlowerVeil|Moonblast,DazzlingGleam,LightofRuin,Protect|Modest||F|||50|
|showteam|p2|Sneasler||WhiteHerb|Unburden|FakeOut,CloseCombat,DireClaw,Protect|Adamant||M|||50|]Garchomp||LifeOrb|RoughSkin|Earthquake,StompingTantrum,DragonClaw,Protect|Jolly||F|||50|]Aerodactyl||Aerodactylite|Unnerve|RockSlide,WideGuard,Tailwind,IceFang|Jolly||M|||50|]Charizard||CharizarditeY|Blaze|HeatWave,WeatherBall,SolarBeam,Protect|Modest||M|||50|]Venusaur||FocusSash|Chlorophyll|SolarBeam,SludgeBomb,Protect,EarthPower|Modest||F|||50|]Kingambit||BlackGlasses|Defiant|LowKick,KowtowCleave,SuckerPunch,Protect|Adamant||M|||50|
|inactive|Battle timer is ON: inactive players will automatically lose when time's up. (requested by magicalarcher57)
|c|☆camala64|Glhf
|c|☆magicalarcher57|glhf
|c|☆camala64|Wow I can’t ever escape this plant frog thing
|inactive|camala64 has 60 seconds left.
|c|☆magicalarcher57|lol
|inactive|camala64 has 30 seconds left.
|inactive|camala64 has 20 seconds left.
|inactive|camala64 has 15 seconds left.
|
|t:|1784820681
|teamsize|p1|4
|teamsize|p2|4
|start
|switch|p1a: Lycanroc|Lycanroc-Dusk, L50, M, shiny|100/100
|switch|p1b: Scovillain|Scovillain, L50, M|100/100
|switch|p2a: Charizard|Charizard, L50, M|100/100
|switch|p2b: Venusaur|Venusaur, L50, F|100/100
|turn|1
|inactiveoff|Battle timer is now OFF.
|
|t:|1784820697
|detailschange|p1b: Scovillain|Scovillain-Mega, L50, M
|-mega|p1b: Scovillain|Scovillain|Scovillainite
|move|p2a: Charizard|Protect|p2a: Charizard
|-singleturn|p2a: Charizard|Protect
|move|p1a: Lycanroc|Rock Slide|p2a: Charizard|[spread] p2b
|-activate|p2a: Charizard|move: Protect
|-damage|p2b: Venusaur|59/100
|move|p2b: Venusaur|Sludge Bomb|p1b: Scovillain
|-supereffective|p1b: Scovillain|1
|-damage|p1b: Scovillain|5/100
|-status|p2b: Venusaur|brn|[from] ability: Spicy Spray|[of] p1b: Scovillain
|move|p1b: Scovillain|Overheat|p2b: Venusaur
|-supereffective|p2b: Venusaur|1
|-damage|p2b: Venusaur|0 fnt
|-unboost|p1b: Scovillain|spa|2
|faint|p2b: Venusaur
|
|upkeep
|
|t:|1784820722
|switch|p2b: Kingambit|Kingambit, L50, M|100/100
|turn|2
|
|t:|1784820732
|switch|p2a: Sneasler|Sneasler, L50, M|100/100
|move|p1a: Lycanroc|Rock Slide|p2a: Sneasler|[spread] p2a,p2b
|-resisted|p2a: Sneasler|1
|-resisted|p2b: Kingambit|1
|-damage|p2a: Sneasler|75/100
|-damage|p2b: Kingambit|88/100
|move|p1b: Scovillain|Overheat|p2b: Kingambit
|-supereffective|p2b: Kingambit|1
|-damage|p2b: Kingambit|35/100
|-unboost|p1b: Scovillain|spa|2
|move|p2b: Kingambit|Kowtow Cleave|p1a: Lycanroc
|-enditem|p1a: Lycanroc|Focus Sash
|-damage|p1a: Lycanroc|1/100
|
|upkeep
|turn|3
|
|t:|1784820760
|switch|p1a: Kingambit|Kingambit, L50, M, shiny|100/100
|move|p1b: Scovillain|Protect|p1b: Scovillain
|-singleturn|p1b: Scovillain|Protect
|move|p2a: Sneasler|Fake Out|p1a: Kingambit
|-resisted|p1a: Kingambit|1
|-damage|p1a: Kingambit|93/100
|move|p2b: Kingambit|Kowtow Cleave|p1b: Scovillain
|-activate|p1b: Scovillain|move: Protect
|
|upkeep
|turn|4
|
|t:|1784820794
|switch|p1a: Basculegion|Basculegion, L50, M, shiny|100/100
|move|p1b: Scovillain|Rage Powder|p1b: Scovillain
|-singleturn|p1b: Scovillain|move: Rage Powder
|move|p2a: Sneasler|Dire Claw|p1b: Scovillain
|-supereffective|p1b: Scovillain|1
|-damage|p1b: Scovillain|0 fnt
|-status|p2a: Sneasler|brn|[from] ability: Spicy Spray|[of] p1b: Scovillain
|faint|p1b: Scovillain
|move|p2b: Kingambit|Low Kick|p1a: Basculegion
|-immune|p1a: Basculegion
|
|-damage|p2a: Sneasler|69/100 brn|[from] brn
|upkeep
|
|t:|1784820810
|switch|p1b: Kingambit|Kingambit, L50, M, shiny|93/100
|turn|5
|
|t:|1784820837
|move|p2b: Kingambit|Sucker Punch|p1a: Basculegion
|-supereffective|p1a: Basculegion|1
|-crit|p1a: Basculegion
|-damage|p1a: Basculegion|0 fnt
|faint|p1a: Basculegion
|move|p2a: Sneasler|Close Combat|p1b: Kingambit
|-supereffective|p1b: Kingambit|2
|-damage|p1b: Kingambit|0 fnt
|-unboost|p2a: Sneasler|def|1
|-unboost|p2a: Sneasler|spd|1
|faint|p1b: Kingambit
|-enditem|p2a: Sneasler|White Herb
|-clearnegativeboost|p2a: Sneasler|[silent]
|
|-damage|p2a: Sneasler|63/100 brn|[from] brn
|upkeep
|
|t:|1784820852
|switch|p1b: Lycanroc|Lycanroc-Dusk, L50, M, shiny|1/100
|turn|6
|
|t:|1784820863
|move|p1b: Lycanroc|Accelerock|p2b: Kingambit
|-resisted|p2b: Kingambit|1
|-damage|p2b: Kingambit|25/100
|move|p2a: Sneasler|Close Combat|p1b: Lycanroc
|-supereffective|p1b: Lycanroc|1
|-damage|p1b: Lycanroc|0 fnt
|-unboost|p2a: Sneasler|def|1
|-unboost|p2a: Sneasler|spd|1
|faint|p1b: Lycanroc
|
|win|magicalarcher57
