|j|☆minccino fan
|j|☆Centiskorch18
|html|minccino fanCentiskorch18    
|uhtml|bestof|Game 2 of a best-of-3
|t:|1756284283
|gametype|doubles
|player|p1|minccino fan|170|1198
|player|p2|Centiskorch18|102|1216
|gen|9
|tier|[Gen 9] VGC 2025 Reg H (Bo3)
|rated|
|rule|Species Clause: Limit one of each Pokémon
|rule|Item Clause: Limit 1 of each item
|clearpoke
|poke|p1|Charizard, L50, F|
|poke|p1|Torkoal, L50, M|
|poke|p1|Porygon2, L50|
|poke|p1|Incineroar, L50, F|
|poke|p1|Jumpluff, L50, M|
|poke|p1|Ursaluna, L50, F|
|poke|p2|Volcarona, L50, M|
|poke|p2|Rillaboom, L50, F|
|poke|p2|Electabuzz, L50, M|
|poke|p2|Ursaluna-Bloodmoon, L50, M|
|poke|p2|Ninetales-Alola, L50, M|
|poke|p2|Annihilape, L50, M|
|teampreview|4
|showteam|p1|Charizard||ChoiceSpecs|SolarPower|HeatWave,Overheat,WeatherBall,AirSlash|||F|||50|,,,,,Ghost]Torkoal||EjectPack|Drought|Eruption,Overheat,HelpingHand,Protect|||M|||50|,,,,,Fire]Porygon2||Eviolite|Download|TeraBlast,IceBeam,Recover,TrickRoom||||||50|,,,,,Fighting]Incineroar||SitrusBerry|Intimidate|FlareBlitz,KnockOff,FakeOut,PartingShot|||F|||50|,,,,,Ghost]Jumpluff||CovertCloak|Chlorophyll|SleepPowder,SunnyDay,RagePowder,Tailwind|||M|||50|,,,,,Water]Ursaluna||FlameOrb|Guts|HeadlongRush,Facade,Earthquake,Protect|||F|||50|,,,,,Ghost
|showteam|p2|Volcarona||GrassySeed|FlameBody|HeatWave,GigaDrain,QuiverDance,Protect|||M|||50|,,,,,Grass]Rillaboom||AssaultVest|GrassySurge|WoodHammer,GrassyGlide,FakeOut,Uturn|||F|||50|,,,,,Fire]Electabuzz||Eviolite|VitalSpirit|Electroweb,FollowMe,Taunt,Protect|||M|||50|,,,,,Fairy]Ursaluna-Bloodmoon||LifeOrb|MindsEye|BloodMoon,HyperVoice,EarthPower,Protect|||M|||50|,,,,,Normal]Ninetales-Alola||ChoiceScarf|SnowWarning|Blizzard,IcyWind,Moonblast,FreezeDry|||M|||50|,,,,,Ghost]Annihilape||SafetyGoggles|VitalSpirit|CloseCombat,RageFist,FinalGambit,Protect|||M|||50|,,,,,Water
|inactive|Battle timer is ON: inactive players will automatically lose when time's up. (requested by Centiskorch18)
|inactive|minccino fan also wants the timer to be on.
|c|☆Centiskorch18|glhf
|c|☆minccino fan|u2
|
|t:|1756284300
|teamsize|p1|4
|teamsize|p2|4
|start
|switch|p1a: Torkoal|Torkoal, L50, M|100/100
|switch|p1b: Porygon2|Porygon2, L50|100/100
|switch|p2a: Volcarona|Volcarona, L50, M|100/100
|switch|p2b: Electabuzz|Electabuzz, L50, M|100/100
|-ability|p1b: Porygon2|Download|boost
|-boost|p1b: Porygon2|atk|1
|-weather|SunnyDay|[from] ability: Drought|[of] p1a: Torkoal
|turn|1
|
|t:|1756284315
|-terastallize|p1a: Torkoal|Fire
|move|p2b: Electabuzz|Taunt|p1b: Porygon2
|-start|p1b: Porygon2|move: Taunt
|move|p2a: Volcarona|Quiver Dance|p2a: Volcarona
|-boost|p2a: Volcarona|spa|1
|-boost|p2a: Volcarona|spd|1
|-boost|p2a: Volcarona|spe|1
|move|p1a: Torkoal|Eruption|p2a: Volcarona|[spread] p2a,p2b
|-damage|p2a: Volcarona|44/100
|-damage|p2b: Electabuzz|33/100
|cant|p1b: Porygon2|move: Taunt|Trick Room
|
|-weather|SunnyDay|[upkeep]
|upkeep
|turn|2
|
|t:|1756284327
|switch|p2b: Ninetales|Ninetales-Alola, L50, M|100/100
|-weather|Snowscape|[from] ability: Snow Warning|[of] p2b: Ninetales
|move|p2a: Volcarona|Quiver Dance|p2a: Volcarona
|-boost|p2a: Volcarona|spa|1
|-boost|p2a: Volcarona|spd|1
|-boost|p2a: Volcarona|spe|1
|move|p1b: Porygon2|Tera Blast|p2a: Volcarona
|-damage|p2a: Volcarona|25/100
|move|p1a: Torkoal|Eruption|p2a: Volcarona|[spread] p2a,p2b
|-supereffective|p2b: Ninetales
|-crit|p2b: Ninetales
|-damage|p2a: Volcarona|0 fnt
|-damage|p2b: Ninetales|0 fnt
|faint|p2a: Volcarona
|faint|p2b: Ninetales
|
|-weather|Snowscape|[upkeep]
|upkeep
|-message|Centiskorch18 forfeited.
|raw|minccino fan's rating: 1198 → 1224(+26 for winning)
|raw|Centiskorch18's rating: 1216 → 1190(-26 for losing)
|
|win|minccino fan
|l|☆Centiskorch18
|player|p2|
