|j|☆elgateau2
|j|☆Los Ramirez
|html|elgateau2Los Ramirez    
|uhtml|bestof|Game 1 of a best-of-3
|t:|1783008011
|gametype|doubles
|player|p1|elgateau2|koga|1116
|player|p2|Los Ramirez|will|1255
|gen|9
|tier|[Gen 9 Champions] VGC 2026 Reg M-B (Bo3)
|rated|
|rule|Species Clause: Limit one of each Pokémon
|rule|Item Clause: Limit 1 of each item
|clearpoke
|poke|p1|Charizard, L50, M|
|poke|p1|Basculegion, L50, M|
|poke|p1|Whimsicott, L50, F|
|poke|p1|Kingambit, L50, M|
|poke|p1|Garchomp, L50, M|
|poke|p1|Sneasler, L50, M|
|poke|p2|Floette-Eternal, L50, F|
|poke|p2|Incineroar, L50, M|
|poke|p2|Sinistcha, L50|
|poke|p2|Ditto, L50|
|poke|p2|Blaziken, L50, M|
|poke|p2|Sneasler, L50, M|
|teampreview|4
|showteam|p1|Charizard||CharizarditeY|Blaze|WeatherBall,HeatWave,Protect,SolarBeam|Modest||M|||50|]Basculegion||MysticWater|Adaptability|WaveCrash,LastRespects,AquaJet,Protect|Adamant||M|||50|]Whimsicott||FocusSash|Prankster|Moonblast,Encore,Tailwind,Protect|Timid||F|||50|]Kingambit||OccaBerry|Defiant|KowtowCleave,IronHead,SuckerPunch,Protect|Adamant||M|||50|]Garchomp||LifeOrb|RoughSkin|RockSlide,Earthquake,DragonClaw,Protect|Jolly||M|||50|]Sneasler||WhiteHerb|Unburden|FakeOut,CloseCombat,DireClaw,Protect|Adamant||M|||50|
|showteam|p2|Floette-Eternal||Floettite|FlowerVeil|Protect,DazzlingGleam,CalmMind,DrainingKiss|Modest||F|||50|]Incineroar||PasshoBerry|Intimidate|FakeOut,FlareBlitz,PartingShot,ThroatChop|Impish||M|||50|]Sinistcha||KasibBerry|Hospitality|LifeDew,MatchaGotcha,RagePowder,TrickRoom|Calm|||||50|]Ditto||FocusSash|Imposter|Transform|Timid|||||50|]Blaziken||Blazikenite|SpeedBoost|Protect,FlareBlitz,CloseCombat,SwordsDance|Adamant||M|||50|]Sneasler||WhiteHerb|Unburden|Protect,CloseCombat,DireClaw,FakeOut|Jolly||M|||50|
|inactive|Battle timer is ON: inactive players will automatically lose when time's up. (requested by Los Ramirez)
|
|t:|1783008037
|teamsize|p1|4
|teamsize|p2|4
|start
|switch|p1a: Garchomp|Garchomp, L50, M|100/100
|switch|p1b: Whimsicott|Whimsicott, L50, F|100/100
|switch|p2a: Sneasler|Sneasler, L50, M|100/100
|switch|p2b: Blaziken|Blaziken, L50, M|100/100
|turn|1
|inactive|Los Ramirez has 30 seconds left.
|inactive|Los Ramirez has 20 seconds left.
|inactive|Los Ramirez has 15 seconds left.
|inactive|Los Ramirez has 10 seconds left.
|
|t:|1783008083
|detailschange|p2b: Blaziken|Blaziken-Mega, L50, M
|-mega|p2b: Blaziken|Blaziken|Blazikenite
|move|p2a: Sneasler|Fake Out|p1a: Garchomp
|-damage|p1a: Garchomp|84/100
|-damage|p2a: Sneasler|87/100|[from] ability: Rough Skin|[of] p1a: Garchomp
|move|p1b: Whimsicott|Tailwind|p1b: Whimsicott
|-sidestart|p1: elgateau2|move: Tailwind
|cant|p1a: Garchomp|flinch
|move|p2b: Blaziken|Flare Blitz|p1b: Whimsicott
|-supereffective|p1b: Whimsicott|1
|-enditem|p1b: Whimsicott|Focus Sash
|-damage|p1b: Whimsicott|1/100
|-damage|p2b: Blaziken|72/100|[from] Recoil
|
|-ability|p2b: Blaziken|Speed Boost|boost
|-boost|p2b: Blaziken|spe|1
|upkeep
|turn|2
|inactive|elgateau2 has 30 seconds left.
|
|t:|1783008112
|switch|p2a: Incineroar|Incineroar, L50, M|100/100
|-ability|p2a: Incineroar|Intimidate|boost
|-unboost|p1a: Garchomp|atk|1
|-unboost|p1b: Whimsicott|atk|1
|move|p2b: Blaziken|Protect|p2b: Blaziken
|-singleturn|p2b: Blaziken|Protect
|move|p1b: Whimsicott|Moonblast|p2a: Incineroar
|-damage|p2a: Incineroar|67/100
|move|p1a: Garchomp|Earthquake|p2a: Incineroar|[spread] p1b,p2a
|-activate|p2b: Blaziken|move: Protect
|-resisted|p1b: Whimsicott|1
|-supereffective|p2a: Incineroar|1
|-damage|p1b: Whimsicott|0 fnt
|-damage|p2a: Incineroar|8/100
|faint|p1b: Whimsicott
|-damage|p1a: Garchomp|75/100|[from] item: Life Orb
|
|-ability|p2b: Blaziken|Speed Boost|boost
|-boost|p2b: Blaziken|spe|1
|upkeep
|
|t:|1783008122
|switch|p1b: Basculegion|Basculegion, L50, M|100/100
|turn|3
|inactive|elgateau2 has 30 seconds left.
|
|t:|1783008150
|move|p1a: Garchomp|Protect|p1a: Garchomp
|-singleturn|p1a: Garchomp|Protect
|move|p2a: Incineroar|Fake Out|p1a: Garchomp
|-activate|p1a: Garchomp|move: Protect
|move|p2b: Blaziken|Close Combat|p1a: Garchomp
|-activate|p1a: Garchomp|move: Protect
|move|p1b: Basculegion|Wave Crash|p2b: Blaziken
|-supereffective|p2b: Blaziken|1
|-damage|p2b: Blaziken|0 fnt
|faint|p2b: Blaziken
|-damage|p1b: Basculegion|83/100|[from] Recoil
|
|upkeep
|
|t:|1783008153
|switch|p2b: Sneasler|Sneasler, L50, M|87/100
|turn|4
|
|t:|1783008178
|switch|p1a: Charizard|Charizard, L50, M|100/100
|move|p2b: Sneasler|Fake Out|p1a: Charizard
|-damage|p1a: Charizard|78/100
|move|p1b: Basculegion|Wave Crash|p2b: Sneasler
|-damage|p2b: Sneasler|0 fnt
|faint|p2b: Sneasler
|-damage|p1b: Basculegion|63/100|[from] Recoil
|move|p2a: Incineroar|Throat Chop|p1b: Basculegion
|-supereffective|p1b: Basculegion|1
|-damage|p1b: Basculegion|0 fnt
|faint|p1b: Basculegion
|
|-sideend|p1: elgateau2|move: Tailwind
|upkeep
|-message|Los Ramirez forfeited.
|
|win|elgateau2
