|j|☆Ilia6566
|j|☆jANMxRin
|html|Ilia6566jANMxRin    
|uhtml|bestof|Game 2 of a best-of-3
|t:|1756931517
|gametype|doubles
|player|p1|Ilia6566|169|1037
|player|p2|jANMxRin|acerola-masters|1104
|gen|9
|tier|[Gen 9] VGC 2025 Reg H (Bo3)
|rated|
|rule|Species Clause: Limit one of each Pokémon
|rule|Item Clause: Limit 1 of each item
|clearpoke
|poke|p1|Serperior, L50, M|
|poke|p1|Indeedee, L50, M|
|poke|p1|Ursaluna, L50, F|
|poke|p1|Incineroar, L50, M|
|poke|p1|Amoonguss, L50, F|
|poke|p1|Azumarill, L50, M|
|poke|p2|Corviknight, L50, F|
|poke|p2|Tyranitar, L50, M|
|poke|p2|Garchomp, L50, M|
|poke|p2|Gholdengo, L50|
|poke|p2|Primarina, L50, F|
|poke|p2|Annihilape, L50, F|
|teampreview|4
|showteam|p1|Serperior||ChoiceSpecs|Contrary|LeafStorm,TeraBlast,DragonPulse,EnergyBall|||M|||50|,,,,,Stellar]Indeedee||PsychicSeed|PsychicSurge|ExpandingForce,CalmMind,DazzlingGleam,TrickRoom|||M|||50|,,,,,Fairy]Ursaluna||FlameOrb|Guts|Facade,Earthquake,HeadlongRush,Protect|||F|||50|,,,,,Normal]Incineroar||AssaultVest|Intimidate|FakeOut,FlareBlitz,KnockOff,Uturn|||M|||50|,,,,,Ghost]Amoonguss||EjectPack|Regenerator|Spore,RagePowder,LeafStorm,PollenPuff|||F|||50|,,,,,Water]Azumarill||Leftovers|HugePower|AquaJet,AquaTail,PlayRough,BellyDrum|||M|||50|,,,,,Grass
|showteam|p2|Corviknight||Leftovers|MirrorArmor|BraveBird,BulkUp,Roost,Tailwind|||F|||50|,,,,,Dragon]Tyranitar||AssaultVest|SandStream|RockSlide,KnockOff,LowKick,TeraBlast|||M|||50|,,,,,Flying]Garchomp||LifeOrb|RoughSkin|Protect,DragonClaw,StompingTantrum,Earthquake|||M|||50|,,,,,Fairy]Gholdengo||MetalCoat|GoodasGold|MakeItRain,ShadowBall,NastyPlot,Protect||||||50|,,,,,Water]Primarina||SitrusBerry|LiquidVoice|HyperVoice,Moonblast,Haze,Protect|||F|||50|,,,,,Grass]Annihilape||SafetyGoggles|Defiant|CloseCombat,FinalGambit,RageFist,Taunt|||F|||50|,,,,,Water
|inactive|Battle timer is ON: inactive players will automatically lose when time's up. (requested by jANMxRin)
|
|t:|1756931529
|teamsize|p1|4
|teamsize|p2|4
|start
|switch|p1a: Indeedee|Indeedee, L50, M|100/100
|switch|p1b: Amoonguss|Amoonguss, L50, F|100/100
|switch|p2a: Corviknight|Corviknight, L50, F|100/100
|switch|p2b: Annihilape|Annihilape, L50, F|100/100
|-fieldstart|move: Psychic Terrain|[from] ability: Psychic Surge|[of] p1a: Indeedee
|-enditem|p1a: Indeedee|Psychic Seed
|-boost|p1a: Indeedee|spd|1|[from] item: Psychic Seed
|turn|1
|inactive|Ilia6566 has 30 seconds left.
|inactive|jANMxRin has 30 seconds left.
|inactive|Ilia6566 has 20 seconds left.
|inactive|jANMxRin has 20 seconds left.
|
|t:|1756931566
|switch|p1a: Ursaluna|Ursaluna, L50, F|100/100
|move|p2b: Annihilape|Final Gambit|p1a: Ursaluna
|-damage|p1a: Ursaluna|0 fnt
|faint|p2b: Annihilape
|faint|p1a: Ursaluna
|move|p2a: Corviknight|Brave Bird|p1b: Amoonguss
|-supereffective|p1b: Amoonguss
|-damage|p1b: Amoonguss|25/100
|-damage|p2a: Corviknight|75/100|[from] Recoil
|move|p1b: Amoonguss|Spore|p2a: Corviknight
|-status|p2a: Corviknight|slp|[from] move: Spore
|
|-heal|p2a: Corviknight|81/100 slp|[from] item: Leftovers
|upkeep
|
|t:|1756931584
|switch|p2b: Gholdengo|Gholdengo, L50|100/100
|switch|p1a: Indeedee|Indeedee, L50, M|100/100
|turn|2
|
|t:|1756931598
|move|p1b: Amoonguss|Rage Powder|p1b: Amoonguss
|-singleturn|p1b: Amoonguss|move: Rage Powder
|move|p2b: Gholdengo|Nasty Plot|p2b: Gholdengo
|-boost|p2b: Gholdengo|spa|2
|cant|p2a: Corviknight|slp
|move|p1a: Indeedee|Trick Room|p1a: Indeedee
|-fieldstart|move: Trick Room|[of] p1a: Indeedee
|
|-heal|p2a: Corviknight|87/100 slp|[from] item: Leftovers
|upkeep
|turn|3
|
|t:|1756931614
|move|p1b: Amoonguss|Leaf Storm|p2b: Gholdengo|[miss]
|-miss|p1b: Amoonguss|p2b: Gholdengo
|cant|p2a: Corviknight|slp
|move|p1a: Indeedee|Expanding Force|p2a: Corviknight|[spread] p2a,p2b
|-resisted|p2a: Corviknight
|-resisted|p2b: Gholdengo
|-damage|p2a: Corviknight|64/100 slp
|-damage|p2b: Gholdengo|72/100
|move|p2b: Gholdengo|Make It Rain|p1a: Indeedee|[spread] p1a,p1b
|-crit|p1b: Amoonguss
|-damage|p1a: Indeedee|0 fnt
|-damage|p1b: Amoonguss|0 fnt
|-unboost|p2b: Gholdengo|spa|1
|faint|p1a: Indeedee
|faint|p1b: Amoonguss
|
|-heal|p2a: Corviknight|70/100 slp|[from] item: Leftovers
|upkeep
|
|t:|1756931633
|switch|p1a: Azumarill|Azumarill, L50, M|100/100
|turn|4
|
|t:|1756931643
|-terastallize|p1a: Azumarill|Grass
|move|p1a: Azumarill|Aqua Tail|p2b: Gholdengo
|-damage|p2b: Gholdengo|10/100
|-curestatus|p2a: Corviknight|slp|[msg]
|move|p2a: Corviknight|Brave Bird|p1a: Azumarill
|-supereffective|p1a: Azumarill
|-damage|p1a: Azumarill|11/100
|-damage|p2a: Corviknight|45/100|[from] Recoil
|move|p2b: Gholdengo|Make It Rain|p1a: Azumarill
|-damage|p1a: Azumarill|0 fnt
|-unboost|p2b: Gholdengo|spa|1
|faint|p1a: Azumarill
|
|win|jANMxRin
|raw|Ilia6566's rating: 1037 → 1024(-13 for losing)
|raw|jANMxRin's rating: 1104 → 1124(+20 for winning)
