|j|☆NotAfrogGaming
|j|☆NegaiFreak
|html|NotAfrogGamingNegaiFreak    
|uhtml|bestof|Game 1 of a best-of-3
|t:|1783364054
|gametype|doubles
|player|p1|NotAfrogGaming|boarder|1108
|player|p2|NegaiFreak|102|1088
|gen|9
|tier|[Gen 9 Champions] VGC 2026 Reg M-B (Bo3)
|rated|
|rule|Species Clause: Limit one of each Pokémon
|rule|Item Clause: Limit 1 of each item
|clearpoke
|poke|p1|Raichu, L50, F|
|poke|p1|Rotom-Mow, L50|
|poke|p1|Mamoswine, L50, M|
|poke|p1|Ceruledge, L50, F|
|poke|p1|Clefable, L50, F, shiny|
|poke|p1|Kingambit, L50, M, shiny|
|poke|p2|Pelipper, L50, M|
|poke|p2|Tinkaton, L50, F|
|poke|p2|Sneasler, L50, M|
|poke|p2|Sinistcha, L50|
|poke|p2|Blastoise, L50, F|
|poke|p2|Farigiraf, L50, F|
|teampreview|4
|showteam|p1|Raichu||RaichuniteY|LightningRod|ZapCannon,FocusBlast,FakeOut,Protect|Timid||F|||50|]Rotom-Mow||ChoiceScarf|Levitate|LeafStorm,Thunderbolt,Discharge,WillOWisp|Timid|||||50|]Mamoswine||LifeOrb|Oblivious|HighHorsepower,IceShard,IcicleCrash,Protect|Jolly||M|||50|]Ceruledge||ColburBerry|FlashFire|BitterBlade,ShadowSneak,BulkUp,Protect|Adamant||F|||50|]Clefable||SitrusBerry|Unaware|Moonblast,FollowMe,HelpingHand,Protect|Bold||F|||50|]Kingambit||FocusSash|Defiant|IronHead,KowtowCleave,SuckerPunch,LowKick|Adamant||M|||50|
|showteam|p2|Pelipper||FocusSash|Drizzle|WeatherBall,Hurricane,Tailwind,Protect|Modest||M|||50|]Tinkaton||Leftovers|MoldBreaker|GigatonHammer,FakeOut,PlayRough,Feint|Adamant||F|||50|]Sneasler||WhiteHerb|Unburden|FakeOut,DireClaw,CloseCombat,Protect|Adamant||M|||50|]Sinistcha||SitrusBerry|Hospitality|MatchaGotcha,RagePowder,LifeDew,TrickRoom|Relaxed|||||50|]Blastoise||Blastoisinite|Torrent|DarkPulse,WaterSpout,ShellSmash,Protect|Modest||F|||50|]Farigiraf||ColburBerry|ArmorTail|TrickRoom,RainDance,Psychic,HelpingHand|Bold||F|||50|
|inactive|Battle timer is ON: inactive players will automatically lose when time's up. (requested by NegaiFreak)
|inactive|NotAfrogGaming has 60 seconds left.
|inactive|NegaiFreak has 60 seconds left.
|inactive|NotAfrogGaming has 30 seconds left.
|c|☆NegaiFreak|GLHF
|c|☆NotAfrogGaming|u2 :D
|inactive|NotAfrogGaming has 20 seconds left.
|
|t:|1783364127
|teamsize|p1|4
|teamsize|p2|4
|start
|switch|p1a: Zappy|Raichu, L50, F|100/100
|switch|p1b: Rotom|Rotom-Mow, L50|100/100
|switch|p2a: Sneasler|Sneasler, L50, M|100/100
|switch|p2b: Farigiraf|Farigiraf, L50, F|100/100
|turn|1
|inactive|NotAfrogGaming has 30 seconds left.
|inactive|NegaiFreak has 30 seconds left.
|inactive|NotAfrogGaming has 20 seconds left.
|
|t:|1783364167
|move|p1a: Zappy|Protect|p1a: Zappy
|-singleturn|p1a: Zappy|Protect
|move|p2a: Sneasler|Fake Out|p1b: Rotom
|-damage|p1b: Rotom|80/100
|cant|p1b: Rotom|flinch
|move|p2b: Farigiraf|Psychic|p1a: Zappy
|-activate|p1a: Zappy|move: Protect
|
|upkeep
|turn|2
|
|t:|1783364183
|switch|p2b: Sinistcha|Sinistcha, L50|100/100
|move|p2a: Sneasler|Protect|p2a: Sneasler
|-singleturn|p2a: Sneasler|Protect
|move|p1b: Rotom|Discharge|p2b: Sinistcha|[spread] p2b
|-activate|p2a: Sneasler|move: Protect
|-ability|p1a: Zappy|Lightning Rod|boost
|-boost|p1a: Zappy|spa|1
|-resisted|p2b: Sinistcha|1
|-damage|p2b: Sinistcha|85/100
|move|p1a: Zappy|Zap Cannon|p2a: Sneasler
|-activate|p2a: Sneasler|move: Protect
|
|upkeep
|turn|3
|inactive|NotAfrogGaming has 30 seconds left.
|
|t:|1783364212
|switch|p1b: Mamoswine|Mamoswine, L50, M|100/100
|move|p1a: Zappy|Protect|p1a: Zappy
|-singleturn|p1a: Zappy|Protect
|move|p2b: Sinistcha|Rage Powder|p2b: Sinistcha
|-singleturn|p2b: Sinistcha|move: Rage Powder
|move|p2a: Sneasler|Close Combat|p1a: Zappy
|-activate|p1a: Zappy|move: Protect
|
|upkeep
|turn|4
|inactive|NotAfrogGaming has 30 seconds left.
|inactive|NotAfrogGaming has 20 seconds left.
|
|t:|1783364249
|detailschange|p1a: Zappy|Raichu-Mega-Y, L50, F
|-mega|p1a: Zappy|Raichu|Raichunite Y
|move|p2b: Sinistcha|Rage Powder|p2b: Sinistcha
|-singleturn|p2b: Sinistcha|move: Rage Powder
|move|p1a: Zappy|Zap Cannon|p2b: Sinistcha
|-resisted|p2b: Sinistcha|1
|-damage|p2b: Sinistcha|43/100
|-status|p2b: Sinistcha|par
|-enditem|p2b: Sinistcha|Sitrus Berry|[eat]
|-heal|p2b: Sinistcha|67/100 par|[from] item: Sitrus Berry
|move|p2a: Sneasler|Close Combat|p1a: Zappy
|-damage|p1a: Zappy|15/100
|-unboost|p2a: Sneasler|def|1
|-unboost|p2a: Sneasler|spd|1
|-enditem|p2a: Sneasler|White Herb
|-clearnegativeboost|p2a: Sneasler|[silent]
|move|p1b: Mamoswine|High Horsepower|p2b: Sinistcha
|-resisted|p2b: Sinistcha|1
|-damage|p2b: Sinistcha|39/100 par
|-damage|p1b: Mamoswine|90/100|[from] item: Life Orb
|
|upkeep
|turn|5
|inactive|NotAfrogGaming has 30 seconds left.
|inactive|NegaiFreak has 30 seconds left.
|
|t:|1783364278
|move|p1a: Zappy|Protect|p1a: Zappy
|-singleturn|p1a: Zappy|Protect
|move|p2b: Sinistcha|Rage Powder|p2b: Sinistcha
|-singleturn|p2b: Sinistcha|move: Rage Powder
|move|p2a: Sneasler|Close Combat|p1b: Mamoswine
|-supereffective|p1b: Mamoswine|1
|-damage|p1b: Mamoswine|0 fnt
|-unboost|p2a: Sneasler|def|1
|-unboost|p2a: Sneasler|spd|1
|faint|p1b: Mamoswine
|
|upkeep
|
|t:|1783364292
|switch|p1b: Rotom|Rotom-Mow, L50|80/100
|turn|6
|
|t:|1783364309
|move|p1a: Zappy|Protect||[still]
|-fail|p1a: Zappy
|move|p2b: Sinistcha|Rage Powder|p2b: Sinistcha
|-singleturn|p2b: Sinistcha|move: Rage Powder
|move|p2a: Sneasler|Dire Claw|p1b: Rotom
|-supereffective|p1b: Rotom|1
|-damage|p1b: Rotom|0 fnt
|faint|p1b: Rotom
|
|upkeep
|
|t:|1783364316
|switch|p1b: Kingambit|Kingambit, L50, M, shiny|100/100
|turn|7
|-message|NotAfrogGaming forfeited.
|
|win|NegaiFreak
|l|☆NotAfrogGaming
|player|p1|
||NotAfrogGaming is ready for game 2.
||NegaiFreak is ready for game 2.
|uhtml|next|Next: Game 2 of 3
