|j|☆Yamei
|j|☆Chuchobeto2504
|html|YameiChuchobeto2504    
|uhtml|bestof|Game 2 of a best-of-3
|t:|1783625127
|gametype|doubles
|player|p1|Yamei|2|1079
|player|p2|Chuchobeto2504|2|1049
|gen|9
|tier|[Gen 9 Champions] VGC 2026 Reg M-B (Bo3)
|rated|
|rule|Species Clause: Limit one of each Pokémon
|rule|Item Clause: Limit 1 of each item
|clearpoke
|poke|p1|Staraptor, L50, F|
|poke|p1|Tsareena, L50, F|
|poke|p1|Zoroark-Hisui, L50, M|
|poke|p1|Incineroar, L50, F|
|poke|p1|Grimmsnarl, L50, M|
|poke|p1|Glimmora, L50, M|
|poke|p2|Blaziken, L50, F|
|poke|p2|Venusaur, L50, M|
|poke|p2|Ninetales-Alola, L50, F|
|poke|p2|Lycanroc-Dusk, L50, M|
|poke|p2|Kingambit, L50, M|
|poke|p2|Basculegion, L50, M|
|teampreview|4
|showteam|p1|Staraptor||Staraptite|Intimidate|CloseCombat,BraveBird,Roost,Protect|Adamant||F|||50|]Tsareena||ChoiceScarf|QueenlyMajesty|TripleAxel,TropKick,Uturn,LowKick|Jolly||F|||50|]Zoroark-Hisui||FocusSash|Illusion|HyperVoice,ShadowBall,Flamethrower,Protect|Timid||M|||50|]Incineroar||LifeOrb|Intimidate|CloseCombat,FlareBlitz,Protect,PartingShot|Jolly||F|||50|]Grimmsnarl||MentalHerb|Prankster|FakeTears,PartingShot,FakeOut,ScaryFace|Careful||M|||50|]Glimmora||Glimmoranite|ToxicDebris|EarthPower,PowerGem,SludgeBomb,Protect|Modest||M|||50|
|showteam|p2|Blaziken||Blazikenite|SpeedBoost|CloseCombat,FlareBlitz,StoneEdge,Detect|Adamant||F|||50|]Venusaur||Venusaurite|Chlorophyll|GigaDrain,SludgeBomb,EarthPower,Protect|Modest||M|||50|]Ninetales-Alola||NeverMeltIce|SnowWarning|Blizzard,FreezeDry,Encore,Protect|Timid||F|||50|]Lycanroc-Dusk||FocusSash|ToughClaws|Accelerock,RockSlide,CloseCombat,Protect|Adamant||M|||50|]Kingambit||LifeOrb|Defiant|KowtowCleave,SuckerPunch,IronHead,Protect|Adamant||M|||50|]Basculegion||ChoiceScarf|Adaptability|WaveCrash,LastRespects,FlipTurn,AquaJet|Jolly||M|||50|
|
|t:|1783625164
|teamsize|p1|4
|teamsize|p2|4
|start
|switch|p1a: Incineroar|Incineroar, L50, F|100/100
|switch|p1b: Grimmsnarl|Grimmsnarl, L50, M|100/100
|switch|p2a: Kingambit|Kingambit, L50, M|100/100
|switch|p2b: Ninetales|Ninetales-Alola, L50, F|100/100
|-weather|Snowscape|[from] ability: Snow Warning|[of] p2b: Ninetales
|-ability|p1a: Incineroar|Intimidate|boost
|-unboost|p2a: Kingambit|atk|1
|-ability|p2a: Kingambit|Defiant|boost
|-boost|p2a: Kingambit|atk|2
|-unboost|p2b: Ninetales|atk|1
|turn|1
|
|t:|1783625193
|move|p2b: Ninetales|Protect|p2b: Ninetales
|-singleturn|p2b: Ninetales|Protect
|move|p1b: Grimmsnarl|Fake Out|p2b: Ninetales
|-activate|p2b: Ninetales|move: Protect
|move|p1a: Incineroar|Close Combat|p2a: Kingambit
|-supereffective|p2a: Kingambit|2
|-damage|p2a: Kingambit|0 fnt
|-unboost|p1a: Incineroar|def|1
|-unboost|p1a: Incineroar|spd|1
|faint|p2a: Kingambit
|-damage|p1a: Incineroar|90/100|[from] item: Life Orb
|
|-weather|Snowscape|[upkeep]
|upkeep
|
|t:|1783625210
|switch|p2a: Basculegion|Basculegion, L50, M|100/100
|turn|2
|
|t:|1783625224
|move|p2a: Basculegion|Aqua Jet|p1a: Incineroar
|-supereffective|p1a: Incineroar|1
|-damage|p1a: Incineroar|6/100
|move|p1b: Grimmsnarl|Parting Shot|p2a: Basculegion
|-unboost|p2a: Basculegion|atk|1
|-unboost|p2a: Basculegion|spa|1
|
|t:|1783625231
|switch|p1b: Tsareena|Tsareena, L50, F|100/100|[from] Parting Shot
|move|p2b: Ninetales|Blizzard|p1a: Incineroar|[spread] p1a,p1b
|-resisted|p1a: Incineroar|1
|-supereffective|p1b: Tsareena|1
|-damage|p1a: Incineroar|0 fnt
|-damage|p1b: Tsareena|27/100
|faint|p1a: Incineroar
|
|-weather|Snowscape|[upkeep]
|upkeep
|
|t:|1783625239
|switch|p1a: Grimmsnarl|Grimmsnarl, L50, M|100/100
|turn|3
|
|t:|1783625248
|switch|p2a: Blaziken|Blaziken, L50, F|100/100
|move|p1a: Grimmsnarl|Fake Out|p2b: Ninetales
|-damage|p2b: Ninetales|90/100
|move|p1b: Tsareena|Trop Kick|p2a: Blaziken
|-resisted|p2a: Blaziken|1
|-damage|p2a: Blaziken|69/100
|-unboost|p2a: Blaziken|atk|1
|cant|p2b: Ninetales|flinch
|
|-weather|Snowscape|[upkeep]
|upkeep
|turn|4
|
|t:|1783625269
|detailschange|p2a: Blaziken|Blaziken-Mega, L50, F
|-mega|p2a: Blaziken|Blaziken|Blazikenite
|move|p1a: Grimmsnarl|Parting Shot|p2b: Ninetales
|-unboost|p2b: Ninetales|atk|1
|-unboost|p2b: Ninetales|spa|1
|
|t:|1783625273
|switch|p1a: Staraptor|Staraptor, L50, F|100/100|[from] Parting Shot
|-ability|p1a: Staraptor|Intimidate|boost
|-unboost|p2a: Blaziken|atk|1
|-unboost|p2b: Ninetales|atk|1
|move|p1b: Tsareena|Trop Kick|p2b: Ninetales
|-damage|p2b: Ninetales|53/100
|-unboost|p2b: Ninetales|atk|1
|move|p2b: Ninetales|Blizzard|p1a: Staraptor|[spread] p1a,p1b
|-supereffective|p1a: Staraptor|1
|-supereffective|p1b: Tsareena|1
|-damage|p1a: Staraptor|46/100
|-damage|p1b: Tsareena|0 fnt
|faint|p1b: Tsareena
|move|p2a: Blaziken|Flare Blitz|p1a: Staraptor
|-damage|p1a: Staraptor|0 fnt
|faint|p1a: Staraptor
|-damage|p2a: Blaziken|50/100g|[from] Recoil
|
|-weather|Snowscape|[upkeep]
|-ability|p2a: Blaziken|Speed Boost|boost
|-boost|p2a: Blaziken|spe|1
|upkeep
|c|☆Yamei|GG
|-message|Yamei forfeited.
|
|win|Chuchobeto2504
|raw|Yamei's rating: 1079 → 1055(-24 for losing)
|raw|Chuchobeto2504's rating: 1049 → 1084(+35 for winning)
|l|☆Yamei
|player|p1|
