|j|☆beanman400
|j|☆dont make me walk
|html|beanman400dont make me walk    
|uhtml|bestof|Game 2 of a best-of-3
|t:|1754506914
|gametype|doubles
|player|p1|beanman400|roxie|1141
|player|p2|dont make me walk|red-masters3|1189
|gen|9
|tier|[Gen 9] VGC 2025 Reg H (Bo3)
|rated|
|rule|Species Clause: Limit one of each Pokémon
|rule|Item Clause: Limit 1 of each item
|clearpoke
|poke|p1|Archaludon, L50, M|
|poke|p1|Pelipper, L50, F|
|poke|p1|Incineroar, L50, M|
|poke|p1|Garchomp, L50, F|
|poke|p1|Gholdengo, L50|
|poke|p1|Sneasler, L50, M|
|poke|p2|Tyranitar, L50, M|
|poke|p2|Kommo-o, L50, M|
|poke|p2|Rillaboom, L50, F|
|poke|p2|Volcarona, L50, F|
|poke|p2|Whimsicott, L50, M|
|poke|p2|Clefable, L50, F|
|teampreview|4
|showteam|p1|Archaludon||AssaultVest|Stamina|DracoMeteor,FlashCannon,ElectroShot,BodyPress|||M|||50|,,,,,Grass]Pelipper||FocusSash|Drizzle|Hurricane,Tailwind,WeatherBall,Protect|||F|||50|,,,,,Ghost]Incineroar||SafetyGoggles|Intimidate|FakeOut,KnockOff,Taunt,PartingShot|||M|||50|,,,,,Bug]Garchomp||LoadedDice|RoughSkin|ScaleShot,Earthquake,StompingTantrum,Protect|||F|||50|,,,,,Water]Gholdengo||LifeOrb|GoodasGold|MakeItRain,ShadowBall,NastyPlot,Protect||||||50|,,,,,Water]Sneasler||WhiteHerb|Unburden|FakeOut,CloseCombat,DireClaw,Protect|||M|||50|,,,,,Ghost
|showteam|p2|Tyranitar||AssaultVest|SandStream|KnockOff,RockSlide,LowKick,TeraBlast|||M|||50|,,,,,Flying]Kommo-o||ChoiceSpecs|Overcoat|DracoMeteor,ClangingScales,Flamethrower,AuraSphere|||M|||50|,,,,,Fire]Rillaboom||MiracleSeed|GrassySurge|FakeOut,Protect,GrassyGlide,WoodHammer|||F|||50|,,,,,Grass]Volcarona||Leftovers|FlameBody|Flamethrower,GigaDrain,QuiverDance,Protect|||F|||50|,,,,,Dragon]Whimsicott||CovertCloak|Prankster|Tailwind,Moonblast,Encore,FakeTears|||M|||50|,,,,,Fire]Clefable||SitrusBerry|Unaware|Protect,FollowMe,IcyWind,Moonblast|||F|||50|,,,,,Water
|inactive|Battle timer is ON: inactive players will automatically lose when time's up. (requested by dont make me walk)
|inactive|dont make me walk has 60 seconds left.
|
|t:|1754506974
|teamsize|p1|4
|teamsize|p2|4
|start
|switch|p1a: STICKY|Sneasler, L50, M|100/100
|switch|p1b: EARFQUAKE|Garchomp, L50, F|100/100
|switch|p2a: Kommo-o|Kommo-o, L50, M|100/100
|switch|p2b: Whimsicott|Whimsicott, L50, M|100/100
|turn|1
|inactive|dont make me walk has 30 seconds left.
|inactive|dont make me walk has 20 seconds left.
|inactive|dont make me walk has 15 seconds left.
|
|t:|1754507014
|-terastallize|p1b: EARFQUAKE|Water
|-terastallize|p2a: Kommo-o|Fire
|move|p2b: Whimsicott|Encore||[still]
|-fail|p2b: Whimsicott
|move|p1a: STICKY|Dire Claw|p2b: Whimsicott
|-supereffective|p2b: Whimsicott
|-damage|p2b: Whimsicott|0 fnt
|faint|p2b: Whimsicott
|move|p1b: EARFQUAKE|Scale Shot|p2a: Kommo-o
|-damage|p2a: Kommo-o|84/100
|-crit|p2a: Kommo-o
|-damage|p2a: Kommo-o|63/100
|-damage|p2a: Kommo-o|49/100
|-damage|p2a: Kommo-o|34/100
|-hitcount|p2a: Kommo-o|4
|-unboost|p1b: EARFQUAKE|def|1
|-boost|p1b: EARFQUAKE|spe|1
|move|p2a: Kommo-o|Clanging Scales|p1a: STICKY|[spread] p1a,p1b
|-damage|p1a: STICKY|20/100
|-damage|p1b: EARFQUAKE|35/100
|-unboost|p2a: Kommo-o|def|1
|
|upkeep
|
|t:|1754507021
|switch|p2b: Rillaboom|Rillaboom, L50, F, shiny|100/100
|-fieldstart|move: Grassy Terrain|[from] ability: Grassy Surge|[of] p2b: Rillaboom
|turn|2
|
|t:|1754507043
|switch|p2a: Tyranitar|Tyranitar, L50, M|100/100
|-weather|Sandstorm|[from] ability: Sand Stream|[of] p2a: Tyranitar
|move|p1b: EARFQUAKE|Protect|p1b: EARFQUAKE
|-singleturn|p1b: EARFQUAKE|Protect
|move|p1a: STICKY|Protect|p1a: STICKY
|-singleturn|p1a: STICKY|Protect
|move|p2b: Rillaboom|Grassy Glide|p1a: STICKY
|-activate|p1a: STICKY|move: Protect
|
|-weather|Sandstorm|[upkeep]
|-damage|p1b: EARFQUAKE|29/100|[from] Sandstorm
|-damage|p1a: STICKY|15/100|[from] Sandstorm
|-damage|p2b: Rillaboom|95/100|[from] Sandstorm
|-heal|p1b: EARFQUAKE|35/100|[from] Grassy Terrain
|-heal|p1a: STICKY|20/100|[from] Grassy Terrain
|-heal|p2b: Rillaboom|100/100|[from] Grassy Terrain
|upkeep
|turn|3
|inactive|beanman400 has 30 seconds left.
|inactive|dont make me walk has 30 seconds left.
|inactive|beanman400 has 20 seconds left.
|
|t:|1754507081
|switch|p1a: Final Lesson|Archaludon, L50, M|100/100
|switch|p2a: Kommo-o|Kommo-o, L50, M, tera:Fire|34/100
|move|p2b: Rillaboom|Grassy Glide|p1a: Final Lesson
|-resisted|p1a: Final Lesson
|-damage|p1a: Final Lesson|91/100
|-ability|p1a: Final Lesson|Stamina|boost
|-boost|p1a: Final Lesson|def|1
|move|p1b: EARFQUAKE|Stomping Tantrum|p2a: Kommo-o
|-supereffective|p2a: Kommo-o
|-damage|p2a: Kommo-o|0 fnt
|faint|p2a: Kommo-o
|
|-weather|Sandstorm|[upkeep]
|-damage|p1b: EARFQUAKE|29/100|[from] Sandstorm
|-damage|p2b: Rillaboom|95/100|[from] Sandstorm
|-heal|p1b: EARFQUAKE|35/100|[from] Grassy Terrain
|-heal|p2b: Rillaboom|100/100|[from] Grassy Terrain
|-heal|p1a: Final Lesson|97/100|[from] Grassy Terrain
|upkeep
|inactive|dont make me walk has 30 seconds left.
|-message|dont make me walk forfeited.
|
|win|beanman400
|raw|beanman400's rating: 1141 → 1169(+28 for winning)
|raw|dont make me walk's rating: 1189 → 1161(-28 for losing)
|l|☆dont make me walk
|player|p2|
