|j|☆Moitamo
|j|☆zachlobbed
|html|Moitamozachlobbed    
|uhtml|bestof|Game 1 of a best-of-3
|t:|1784485932
|gametype|doubles
|player|p1|Moitamo|169|1108
|player|p2|zachlobbed|brock|1184
|gen|9
|tier|[Gen 9 Champions] VGC 2026 Reg M-B (Bo3)
|rated|
|rule|Species Clause: Limit one of each Pokémon
|rule|Item Clause: Limit 1 of each item
|clearpoke
|poke|p1|Tyranitar, L50, F|
|poke|p1|Gengar, L50, M|
|poke|p1|Garchomp, L50, F|
|poke|p1|Kangaskhan, L50, F|
|poke|p1|Gyarados, L50, M|
|poke|p1|Volcarona, L50, M|
|poke|p2|Charizard, L50, M|
|poke|p2|Floette-Eternal, L50, F|
|poke|p2|Whimsicott, L50, F|
|poke|p2|Garchomp, L50, M|
|poke|p2|Basculegion, L50, M|
|poke|p2|Kingambit, L50, M|
|teampreview|4
|showteam|p1|Tyranitar||Tyranitarite|SandStream|RockSlide,KnockOff,DragonDance,Protect|Adamant||F|||50|]Gengar||Gengarite|CursedBody|SludgeBomb,Disable,ShadowBall,Protect|Timid||M|||50|]Garchomp||LifeOrb|SandVeil|Substitute,DragonClaw,Earthquake,Protect|Jolly||F|||50|]Kangaskhan||SilkScarf|Scrappy|FakeOut,LastResort|Adamant||F|||50|]Gyarados||MysticWater|Intimidate|Waterfall,Protect,Taunt,HelpingHand|Careful||M|||50|]Volcarona||SitrusBerry|FlameBody|FieryDance,RagePowder,Tailwind,Protect|Modest||M|||50|
|showteam|p2|Charizard||CharizarditeY|Blaze|Protect,HeatWave,SolarBeam,WeatherBall|Modest||M|||50|]Floette-Eternal||Floettite|FlowerVeil|Protect,LightofRuin,Moonblast,DazzlingGleam|Timid||F|||50|]Whimsicott||FocusSash|Prankster|Protect,Tailwind,Moonblast,Encore|Timid||F|||50|]Garchomp||LifeOrb|RoughSkin|Protect,DragonClaw,Earthquake,RockSlide|Jolly||M|||50|]Basculegion||MysticWater|Adaptability|Protect,AquaJet,WaveCrash,LastRespects|Adamant||M|||50|]Kingambit||BlackGlasses|Defiant|Protect,LowKick,SuckerPunch,KowtowCleave|Adamant||M|||50|
|inactive|Battle timer is ON: inactive players will automatically lose when time's up. (requested by zachlobbed)
|inactive|Moitamo also wants the timer to be on.
|
|t:|1784485959
|teamsize|p1|4
|teamsize|p2|4
|start
|switch|p1a: Gengar|Gengar, L50, M|100/100
|switch|p1b: Volcarona|Volcarona, L50, M|100/100
|switch|p2a: Whimsicott|Whimsicott, L50, F|100/100
|switch|p2b: Basculegion|Basculegion, L50, M|100/100
|turn|1
|
|t:|1784485980
|detailschange|p1a: Gengar|Gengar-Mega, L50, M
|-mega|p1a: Gengar|Gengar|Gengarite
|move|p1b: Volcarona|Rage Powder|p1b: Volcarona
|-singleturn|p1b: Volcarona|move: Rage Powder
|move|p2a: Whimsicott|Tailwind|p2a: Whimsicott
|-sidestart|p2: zachlobbed|move: Tailwind
|move|p2b: Basculegion|Wave Crash|p1b: Volcarona
|-supereffective|p1b: Volcarona|1
|-damage|p1b: Volcarona|0 fnt
|faint|p1b: Volcarona
|-damage|p2b: Basculegion|69/100|[from] Recoil
|move|p1a: Gengar|Shadow Ball|p2b: Basculegion
|-supereffective|p2b: Basculegion|1
|-damage|p2b: Basculegion|0 fnt
|faint|p2b: Basculegion
|
|upkeep
|
|t:|1784485995
|switch|p1b: Garchomp|Garchomp, L50, F|100/100
|switch|p2b: Garchomp|Garchomp, L50, M|100/100
|turn|2
|
|t:|1784486011
|switch|p1a: Tyranitar|Tyranitar, L50, F|100/100
|-weather|Sandstorm|[from] ability: Sand Stream|[of] p1a: Tyranitar
|move|p2a: Whimsicott|Moonblast|p1b: Garchomp
|-supereffective|p1b: Garchomp|1
|-damage|p1b: Garchomp|24/100
|move|p2b: Garchomp|Earthquake|p1b: Garchomp|[spread] p2a,p1a,p1b
|-resisted|p2a: Whimsicott|1
|-supereffective|p1a: Tyranitar|1
|-damage|p2a: Whimsicott|64/100
|-damage|p1a: Tyranitar|9/100
|-damage|p1b: Garchomp|0 fnt
|faint|p1b: Garchomp
|-damage|p2b: Garchomp|90/100|[from] item: Life Orb
|
|-weather|Sandstorm|[upkeep]
|-damage|p2a: Whimsicott|58/100|[from] Sandstorm
|upkeep
|
|t:|1784486018
|switch|p1b: Gengar|Gengar-Mega, L50, M|100/100
|turn|3
|
|t:|1784486021
|move|p2a: Whimsicott|Moonblast|p1b: Gengar
|-resisted|p1b: Gengar|1
|-damage|p1b: Gengar|81/100
|move|p2b: Garchomp|Earthquake|p1b: Gengar|[spread] p2a,p1a,p1b
|-resisted|p2a: Whimsicott|1
|-supereffective|p1a: Tyranitar|1
|-supereffective|p1b: Gengar|1
|-damage|p2a: Whimsicott|23/100
|-damage|p1a: Tyranitar|0 fnt
|-damage|p1b: Gengar|0 fnt
|faint|p1a: Tyranitar
|faint|p1b: Gengar
|-damage|p2b: Garchomp|80/100|[from] item: Life Orb
|
|win|zachlobbed
