|j|☆FotiniP
|j|☆Divine Monkey King
|html|FotiniPDivine Monkey King    
|uhtml|bestof|Game 1 of a best-of-3
|t:|1784201670
|gametype|doubles
|player|p1|FotiniP|170|1150
|player|p2|Divine Monkey King|265|1107
|gen|9
|tier|[Gen 9 Champions] VGC 2026 Reg M-B (Bo3)
|rated|
|rule|Species Clause: Limit one of each Pokémon
|rule|Item Clause: Limit 1 of each item
|clearpoke
|poke|p1|Farigiraf, L50, F|
|poke|p1|Charizard, L50, F|
|poke|p1|Incineroar, L50, M|
|poke|p1|Venusaur, L50, F, shiny|
|poke|p1|Garchomp, L50, M|
|poke|p1|Basculegion, L50, M, shiny|
|poke|p2|Tyranitar, L50, M, shiny|
|poke|p2|Aerodactyl, L50, M, shiny|
|poke|p2|Pelipper, L50, M, shiny|
|poke|p2|Basculegion, L50, M, shiny|
|poke|p2|Beedrill, L50, M, shiny|
|poke|p2|Annihilape, L50, M, shiny|
|teampreview|4
|showteam|p1|Farigiraf||ColburBerry|ArmorTail|Psychic,Thunderbolt,Protect,TrickRoom|Modest||F|||50|]Charizard||CharizarditeY|Blaze|HeatWave,WeatherBall,SolarBeam,Protect|Modest||F|||50|]Incineroar||SitrusBerry|Intimidate|FlareBlitz,DarkestLariat,PartingShot,FakeOut|Careful||M|||50|]Venusaur||FocusSash|Chlorophyll|LeafStorm,SludgeBomb,SleepPowder,Protect|Modest||F|||50|]Garchomp||LifeOrb|RoughSkin|RockSlide,DragonClaw,Earthquake,Protect|Adamant||M|||50|]Basculegion||ChoiceScarf|Adaptability|AquaJet,LastRespects,WaveCrash,FlipTurn|Jolly||M|||50|
|showteam|p2|Tyranitar||Tyranitarite|SandStream|BrickBreak,KnockOff,Protect,RockSlide|Adamant||M|||50|]Aerodactyl||FocusSash|Unnerve|DualWingbeat,IronHead,Protect,Tailwind|Jolly||M|||50|]Pelipper||WacanBerry|Drizzle|Hurricane,IceBeam,Protect,WeatherBall|Calm||M|||50|]Basculegion||MysticWater|SwiftSwim|AquaJet,FlipTurn,LastRespects,Protect|Adamant||M|||50|]Beedrill||Beedrillite|Sniper|PoisonJab,Protect,Uturn,FellStinger|Jolly||M|||50|]Annihilape||Leftovers|Defiant|BulkUp,DrainPunch,Protect,ThunderPunch|Adamant||M|||50|
|inactive|Battle timer is ON: inactive players will automatically lose when time's up. (requested by FotiniP)
|inactive|FotiniP has 60 seconds left.
|inactive|FotiniP has 30 seconds left.
|
|t:|1784201743
|teamsize|p1|4
|teamsize|p2|4
|start
|switch|p1a: Garchomp|Garchomp, L50, M|100/100
|switch|p1b: Farigiraf|Farigiraf, L50, F|100/100
|switch|p2a: Basculegion|Basculegion, L50, M, shiny|100/100
|switch|p2b: Aerodactyl|Aerodactyl, L50, M, shiny|100/100
|-ability|p2b: Aerodactyl|Unnerve
|turn|1
|
|t:|1784201764
|switch|p2b: Pelipper|Pelipper, L50, M, shiny|100/100
|-weather|RainDance|[from] ability: Drizzle|[of] p2b: Pelipper
|move|p2a: Basculegion|Flip Turn|p1a: Garchomp
|-damage|p1a: Garchomp|55/100
|-damage|p2a: Basculegion|87/100|[from] ability: Rough Skin|[of] p1a: Garchomp
|
|t:|1784201787
|switch|p2a: Tyranitar|Tyranitar, L50, M, shiny|100/100|[from] Flip Turn
|-weather|Sandstorm|[from] ability: Sand Stream|[of] p2a: Tyranitar
|move|p1a: Garchomp|Rock Slide|p2b: Pelipper|[spread] p2a,p2b
|-supereffective|p2b: Pelipper|1
|-damage|p2a: Tyranitar|79/100
|-damage|p2b: Pelipper|40/100
|-damage|p1a: Garchomp|45/100|[from] item: Life Orb
|move|p1b: Farigiraf|Trick Room|p1b: Farigiraf
|-fieldstart|move: Trick Room|[of] p1b: Farigiraf
|
|-weather|Sandstorm|[upkeep]
|-damage|p1b: Farigiraf|93/100|[from] Sandstorm
|-damage|p2b: Pelipper|35/100|[from] Sandstorm
|upkeep
|turn|2
|inactive|FotiniP has 30 seconds left.
|
|t:|1784201815
|detailschange|p2a: Tyranitar|Tyranitar-Mega, L50, M, shiny
|-mega|p2a: Tyranitar|Tyranitar|Tyranitarite
|move|p1b: Farigiraf|Thunderbolt|p2b: Pelipper
|-supereffective|p2b: Pelipper|2
|-enditem|p2b: Pelipper|Wacan Berry|[eat]
|-enditem|p2b: Pelipper|Wacan Berry|[weaken]
|-damage|p2b: Pelipper|0 fnt
|faint|p2b: Pelipper
|move|p2a: Tyranitar|Knock Off|p1b: Farigiraf
|-supereffective|p1b: Farigiraf|1
|-crit|p1b: Farigiraf
|-enditem|p1b: Farigiraf|Colbur Berry|[eat]
|-enditem|p1b: Farigiraf|Colbur Berry|[weaken]
|-damage|p1b: Farigiraf|0 fnt
|faint|p1b: Farigiraf
|move|p1a: Garchomp|Earthquake|p2a: Tyranitar
|-supereffective|p2a: Tyranitar|1
|-damage|p2a: Tyranitar|0 fnt
|faint|p2a: Tyranitar
|-damage|p1a: Garchomp|35/100|[from] item: Life Orb
|
|-weather|Sandstorm|[upkeep]
|upkeep
|
|t:|1784201829
|switch|p1b: Charizard|Charizard, L50, F|100/100
|switch|p2a: Aerodactyl|Aerodactyl, L50, M, shiny|100/100
|switch|p2b: Basculegion|Basculegion, L50, M, shiny|87/100
|-ability|p2a: Aerodactyl|Unnerve
|turn|3
|
|t:|1784201854
|detailschange|p1b: Charizard|Charizard-Mega-Y, L50, F
|-mega|p1b: Charizard|Charizard|Charizardite Y
|-weather|SunnyDay|[from] ability: Drought|[of] p1b: Charizard
|move|p1b: Charizard|Solar Beam||[still]
|-prepare|p1b: Charizard|Solar Beam
|-anim|p1b: Charizard|Solar Beam|p2b: Basculegion
|-supereffective|p2b: Basculegion|1
|-damage|p2b: Basculegion|0 fnt
|faint|p2b: Basculegion
|move|p1a: Garchomp|Rock Slide|p2a: Aerodactyl
|-supereffective|p2a: Aerodactyl|1
|-enditem|p2a: Aerodactyl|Focus Sash
|-damage|p2a: Aerodactyl|1/100
|-damage|p1a: Garchomp|25/100|[from] item: Life Orb
|move|p2a: Aerodactyl|Iron Head|p1b: Charizard
|-resisted|p1b: Charizard|1
|-damage|p1b: Charizard|85/100
|
|-weather|SunnyDay|[upkeep]
|upkeep
|turn|4
|c|☆Divine Monkey King|Dawg is that a neg speed zard???
|inactive|Divine Monkey King has 30 seconds left.
|inactive|Divine Monkey King has 20 seconds left.
|inactive|Divine Monkey King has 15 seconds left.
|
|t:|1784201897
|move|p1b: Charizard|Weather Ball|p2a: Aerodactyl
|-resisted|p2a: Aerodactyl|1
|-damage|p2a: Aerodactyl|0 fnt
|faint|p2a: Aerodactyl
|
|win|FotiniP
||Divine Monkey King is ready for game 2.
|inactive|FotiniP has 30 seconds to confirm battle start!
||FotiniP is ready for game 2.
|uhtml|next|Next: Game 2 of 3
|l|☆Divine Monkey King
|player|p2|
|l|☆FotiniP
|player|p1|
|j|☆Divine Monkey King
|player|p2|Divine Monkey King|265|
