|j|☆colemarcusvgc
|j|☆spellbreakvgc
|html|colemarcusvgcspellbreakvgc    
|uhtml|bestof|Game 2 of a best-of-3
|t:|1756793726
|gametype|doubles
|player|p1|colemarcusvgc|n|1049
|player|p2|spellbreakvgc|lance|1117
|gen|9
|tier|[Gen 9] VGC 2025 Reg H (Bo3)
|rated|
|rule|Species Clause: Limit one of each Pokémon
|rule|Item Clause: Limit 1 of each item
|clearpoke
|poke|p1|Indeedee-F, L50, F|
|poke|p1|Hatterene, L50, F|
|poke|p1|Gallade, L50, M|
|poke|p1|Ursaluna, L50, M|
|poke|p1|Lilligant-Hisui, L50, F|
|poke|p1|Torkoal, L50, M|
|poke|p2|Garchomp, L50, M|
|poke|p2|Weezing-Galar, L50, M|
|poke|p2|Archaludon, L50, M|
|poke|p2|Gholdengo, L50|
|poke|p2|Talonflame, L50, M|
|poke|p2|Annihilape, L50, F|
|teampreview|4
|showteam|p1|Indeedee-F||PsychicSeed|PsychicSurge|TrickRoom,FollowMe,HelpingHand,DazzlingGleam|||F|||50|,,,,,Fire]Hatterene||LifeOrb|MagicBounce|ExpandingForce,TrickRoom,DazzlingGleam,Protect|||F|||50|,,,,,Psychic]Gallade||ClearAmulet|Sharpness|PsychoCut,TrickRoom,SacredSword,WideGuard|||M|||50|,,,,,Grass]Ursaluna||FlameOrb|Guts|HeadlongRush,Facade,SwordsDance,Protect|||M|||50|,,,,,Ghost]Lilligant-Hisui||FocusSash|Chlorophyll|SolarBlade,SleepPowder,CloseCombat,AfterYou|||F|||50|,,,,,Ghost]Torkoal||ChoiceSpecs|Drought|Eruption,HeatWave,WeatherBall,EarthPower|||M|||50|,,,,,Fire
|showteam|p2|Garchomp||LifeOrb|RoughSkin|DragonClaw,Earthquake,StompingTantrum,Protect|||M|||50|,,,,,Ground]Weezing-Galar||FocusSash|NeutralizingGas|Protect,SludgeBomb,Taunt,StrangeSteam|||M|||50|,,,,,Flying]Archaludon||PowerHerb|Sturdy|ElectroShot,Thunderbolt,DracoMeteor,Protect|||M|||50|,,,,,Electric]Gholdengo||ChoiceSpecs|GoodasGold|ShadowBall,DazzlingGleam,PowerGem,MakeItRain||||||50|,,,,,Fairy]Talonflame||CovertCloak|GaleWings|Tailwind,DualWingbeat,WillOWisp,FlareBlitz|||M|||50|,,,,,Stellar]Annihilape||AssaultVest|Defiant|CloseCombat,RageFist,FinalGambit,IcePunch|||F|||50|,,,,,Grass
|inactive|Battle timer is ON: inactive players will automatically lose when time's up. (requested by spellbreakvgc)
|inactive|colemarcusvgc also wants the timer to be on.
|
|t:|1756793790
|teamsize|p1|4
|teamsize|p2|4
|start
|switch|p1a: Indeedee|Indeedee-F, L50, F|100/100
|switch|p1b: Gallade|Gallade, L50, M, shiny|100/100
|switch|p2a: Weezing|Weezing-Galar, L50, M|100/100
|switch|p2b: Annihilape|Annihilape, L50, F|100/100
|-ability|p2a: Weezing|Neutralizing Gas
|turn|1
|inactive|spellbreakvgc has 30 seconds left.
|inactive|spellbreakvgc has 20 seconds left.
|
|t:|1756793829
|switch|p1a: Lilligant|Lilligant-Hisui, L50, F|100/100
|move|p2b: Annihilape|Final Gambit|p1b: Gallade
|-damage|p1b: Gallade|0 fnt
|faint|p2b: Annihilape
|faint|p1b: Gallade
|move|p2a: Weezing|Taunt|p1a: Lilligant
|-start|p1a: Lilligant|move: Taunt
|
|upkeep
|inactive|spellbreakvgc has 30 seconds left.
|inactive|spellbreakvgc has 20 seconds left.
|
|t:|1756793867
|switch|p2b: Gholdengo|Gholdengo, L50|100/100
|switch|p1b: Torkoal|Torkoal, L50, M|100/100
|turn|2
|inactive|spellbreakvgc has 30 seconds left.
|
|t:|1756793899
|switch|p1b: Indeedee|Indeedee-F, L50, F|100/100
|-terastallize|p2b: Gholdengo|Fairy
|move|p1a: Lilligant|Close Combat|p2a: Weezing
|-resisted|p2a: Weezing
|-damage|p2a: Weezing|86/100
|-unboost|p1a: Lilligant|def|1
|-unboost|p1a: Lilligant|spd|1
|move|p2b: Gholdengo|Dazzling Gleam|p1b: Indeedee|[spread] p1a,p1b
|-supereffective|p1a: Lilligant
|-enditem|p1a: Lilligant|Focus Sash
|-damage|p1a: Lilligant|1/100
|-damage|p1b: Indeedee|56/100
|move|p2a: Weezing|Sludge Bomb|p1a: Lilligant
|-supereffective|p1a: Lilligant
|-damage|p1a: Lilligant|0 fnt
|faint|p1a: Lilligant
|
|upkeep
|
|t:|1756793915
|switch|p1a: Torkoal|Torkoal, L50, M|100/100
|turn|3
|
|t:|1756793931
|move|p2b: Gholdengo|Dazzling Gleam|p1b: Indeedee|[spread] p1a,p1b
|-resisted|p1a: Torkoal
|-damage|p1a: Torkoal|65/100
|-damage|p1b: Indeedee|7/100
|move|p2a: Weezing|Taunt|p1b: Indeedee
|-start|p1b: Indeedee|move: Taunt
|move|p1a: Torkoal|Heat Wave|p2a: Weezing|[spread] p2a,p2b
|-damage|p2a: Weezing|8/100
|-damage|p2b: Gholdengo|54/100
|cant|p1b: Indeedee|move: Taunt|Trick Room
|
|upkeep
|turn|4
|
|t:|1756793944
|move|p2b: Gholdengo|Dazzling Gleam|p1a: Torkoal|[spread] p1a,p1b
|-resisted|p1a: Torkoal
|-damage|p1a: Torkoal|33/100
|-damage|p1b: Indeedee|0 fnt
|faint|p1b: Indeedee
|move|p2a: Weezing|Sludge Bomb|p1a: Torkoal
|-damage|p1a: Torkoal|0 fnt
|faint|p1a: Torkoal
|
|win|spellbreakvgc
