|j|☆lettitripppp
|j|☆heynumi
|html|lettitrippppheynumi    
|uhtml|bestof|Game 1 of a best-of-3
|t:|1783118993
|gametype|doubles
|player|p1|lettitripppp|lucas|1214
|player|p2|heynumi|bellelba|1180
|gen|9
|tier|[Gen 9 Champions] VGC 2026 Reg M-B (Bo3)
|rated|
|rule|Species Clause: Limit one of each Pokémon
|rule|Item Clause: Limit 1 of each item
|clearpoke
|poke|p1|Charizard, L50, F|
|poke|p1|Floette-Eternal, L50, F|
|poke|p1|Basculegion, L50, M, shiny|
|poke|p1|Garchomp, L50, F|
|poke|p1|Whimsicott, L50, F, shiny|
|poke|p1|Kingambit, L50, F|
|poke|p2|Farigiraf, L50, M|
|poke|p2|Torkoal, L50, M|
|poke|p2|Mawile, L50, M|
|poke|p2|Kleavor, L50, M|
|poke|p2|Gallade, L50, M|
|poke|p2|Incineroar, L50, M|
|teampreview|4
|showteam|p1|Charizard||CharizarditeY|Blaze|WeatherBall,SolarBeam,HeatWave,Protect|Modest||F|||50|]Floette-Eternal||Floettite|FlowerVeil|DazzlingGleam,LightofRuin,Moonblast,Protect|Timid||F|||50|]Basculegion||MysticWater|Adaptability|LastRespects,WaveCrash,AquaJet,Protect|Adamant||M|||50|]Garchomp||LifeOrb|RoughSkin|DragonClaw,Earthquake,RockSlide,Protect|Jolly||F|||50|]Whimsicott||FocusSash|Prankster|Moonblast,Tailwind,Encore,Protect|Timid||F|||50|]Kingambit||OccaBerry|Defiant|KowtowCleave,SuckerPunch,IronHead,LowKick|Adamant||F|||50|
|showteam|p2|Farigiraf||ColburBerry|ArmorTail|TrickRoom,Thunderbolt,Psychic,HelpingHand|Relaxed||M|||50|]Torkoal||Charcoal|Drought|AncientPower,Eruption,WeatherBall,Protect|Quiet||M|||50|]Mawile||Mawilite|Intimidate|Protect,PlayRough,IronHead,SuckerPunch|Adamant||M|||50|]Kleavor||FocusSash|Sharpness|Protect,StoneAxe,CloseCombat,XScissor|Jolly||M|||50|]Gallade||LifeOrb|Sharpness|LeafBlade,SacredSword,PsychoCut,TrickRoom|Adamant||M|||50|]Incineroar||SitrusBerry|Intimidate|PartingShot,FlareBlitz,FakeOut,ThroatChop|Careful||M|||50|
|inactive|Battle timer is ON: inactive players will automatically lose when time's up. (requested by lettitripppp)
|inactive|lettitripppp has 60 seconds left.
|inactive|heynumi has 60 seconds left.
|
|t:|1783119025
|teamsize|p1|4
|teamsize|p2|4
|start
|switch|p1a: CRUSH SHARK|Garchomp, L50, F|100/100
|switch|p1b: GHOSTWAVE|Basculegion, L50, M, shiny|100/100
|switch|p2a: Gallade|Gallade, L50, M|100/100
|switch|p2b: Farigiraf|Farigiraf, L50, M|100/100
|turn|1
|
|t:|1783119038
|move|p1a: CRUSH SHARK|Dragon Claw|p2b: Farigiraf
|-damage|p2b: Farigiraf|61/100
|-damage|p1a: CRUSH SHARK|90/100|[from] item: Life Orb
|move|p1b: GHOSTWAVE|Wave Crash|p2b: Farigiraf
|-damage|p2b: Farigiraf|0 fnt
|faint|p2b: Farigiraf
|-damage|p1b: GHOSTWAVE|78/100|[from] Recoil
|move|p2a: Gallade|Leaf Blade|p1b: GHOSTWAVE
|-supereffective|p1b: GHOSTWAVE|1
|-damage|p1b: GHOSTWAVE|0 fnt
|faint|p1b: GHOSTWAVE
|-damage|p2a: Gallade|90/100|[from] item: Life Orb
|
|upkeep
|
|t:|1783119053
|switch|p1b: AGNI|Charizard, L50, F|100/100
|switch|p2b: Kleavor|Kleavor, L50, M|100/100
|turn|2
|
|t:|1783119068
|detailschange|p1b: AGNI|Charizard-Mega-Y, L50, F
|-mega|p1b: AGNI|Charizard|Charizardite Y
|-weather|SunnyDay|[from] ability: Drought|[of] p1b: AGNI
|move|p1a: CRUSH SHARK|Dragon Claw|p2b: Kleavor
|-damage|p2b: Kleavor|34/100
|-damage|p1a: CRUSH SHARK|80/100|[from] item: Life Orb
|move|p2b: Kleavor|Stone Axe|p1b: AGNI|[miss]
|-miss|p2b: Kleavor|p1b: AGNI
|move|p1b: AGNI|Weather Ball|p2a: Gallade
|-damage|p2a: Gallade|10/100
|move|p2a: Gallade|Trick Room|p2a: Gallade
|-fieldstart|move: Trick Room|[of] p2a: Gallade
|
|-weather|SunnyDay|[upkeep]
|upkeep
|turn|3
|inactive|heynumi has 30 seconds left.
|
|t:|1783119094
|move|p1b: AGNI|Protect|p1b: AGNI
|-singleturn|p1b: AGNI|Protect
|move|p2a: Gallade|Psycho Cut|p1b: AGNI
|-activate|p1b: AGNI|move: Protect
|move|p2b: Kleavor|Stone Axe|p1b: AGNI
|-activate|p1b: AGNI|move: Protect
|move|p1a: CRUSH SHARK|Earthquake|p2a: Gallade|[spread] p2a,p2b
|-activate|p1b: AGNI|move: Protect
|-damage|p2a: Gallade|0 fnt
|-damage|p2b: Kleavor|0 fnt
|faint|p2a: Gallade
|faint|p2b: Kleavor
|-damage|p1a: CRUSH SHARK|70/100|[from] item: Life Orb
|
|-weather|SunnyDay|[upkeep]
|upkeep
|
|t:|1783119096
|switch|p2b: Mawile|Mawile, L50, M|100/100
|-ability|p2b: Mawile|Intimidate|boost
|-unboost|p1a: CRUSH SHARK|atk|1
|-unboost|p1b: AGNI|atk|1
|turn|4
|
|t:|1783119109
|detailschange|p2b: Mawile|Mawile-Mega, L50, M
|-mega|p2b: Mawile|Mawile|Mawilite
|move|p2b: Mawile|Sucker Punch|p1b: AGNI
|-damage|p1b: AGNI|57/100
|move|p1b: AGNI|Weather Ball|p2b: Mawile
|-supereffective|p2b: Mawile|1
|-damage|p2b: Mawile|0 fnt
|faint|p2b: Mawile
|
|win|lettitripppp
||heynumi is ready for game 2.
