|j|☆ChefHoe
|j|☆vilan333
|html|ChefHoevilan333    
|uhtml|bestof|Game 2 of a best-of-3
|t:|1756251223
|gametype|doubles
|player|p1|ChefHoe|gambler|1086
|player|p2|vilan333|marshal|1087
|gen|9
|tier|[Gen 9] VGC 2025 Reg H (Bo3)
|rated|
|rule|Species Clause: Limit one of each Pokémon
|rule|Item Clause: Limit 1 of each item
|clearpoke
|poke|p1|Politoed, L50, F|
|poke|p1|Lapras, L50, F|
|poke|p1|Archaludon, L50, F|
|poke|p1|Sinistcha, L50|
|poke|p1|Incineroar, L50, F|
|poke|p1|Gholdengo, L50|
|poke|p2|Sneasler, L50, M|
|poke|p2|Indeedee, L50, M|
|poke|p2|Ursaluna-Bloodmoon, L50, M|
|poke|p2|Electabuzz, L50, F|
|poke|p2|Talonflame, L50, M|
|poke|p2|Incineroar, L50, M|
|teampreview|4
|showteam|p1|Politoed||Leftovers|Drizzle|Protect,WeatherBall,Surf,Encore|||F|||50|,,,,,Grass]Lapras||LumBerry|WaterAbsorb|Protect,IceBeam,FreezeDry,WeatherBall|||F|||50|,,,,,Ghost]Archaludon||PowerHerb|Sturdy|Protect,DragonPulse,FlashCannon,ElectroShot|||F|||50|,,,,,Electric]Sinistcha||MentalHerb|Hospitality|MatchaGotcha,StrengthSap,RagePowder,TrickRoom||||||50|,,,,,Fire]Incineroar||SafetyGoggles|Intimidate|PartingShot,KnockOff,FlareBlitz,FakeOut|||F|||50|,,,,,Ghost]Gholdengo||LifeOrb|GoodasGold|Protect,MakeItRain,ShadowBall,NastyPlot||||||50|,,,,,Dragon
|showteam|p2|Sneasler||PsychicSeed|Unburden|Protect,CloseCombat,DireClaw,ThroatChop|||M|||50|,,,,,Dark]Indeedee||FocusSash|PsychicSurge|Imprison,TrickRoom,ExpandingForce,TeraBlast|||M|||50|,,,,,Fighting]Ursaluna-Bloodmoon||LifeOrb|MindsEye|Protect,HyperVoice,BloodMoon,EarthPower|||M|||50|,,,,,Normal]Electabuzz||Eviolite|VitalSpirit|Electroweb,Protect,Taunt,FollowMe|||F|||50|,,,,,Ghost]Talonflame||CovertCloak|GaleWings|Tailwind,WillOWisp,DualWingbeat,FlareBlitz|||M|||50|,,,,,Fairy]Incineroar||SafetyGoggles|Intimidate|FakeOut,KnockOff,PartingShot,FlareBlitz|||M|||50|,,,,,Ghost
|inactive|Battle timer is ON: inactive players will automatically lose when time's up. (requested by ChefHoe)
|
|t:|1756251309
|teamsize|p1|4
|teamsize|p2|4
|start
|switch|p1a: Incineroar|Incineroar, L50, F|100/100
|switch|p1b: Sinistcha|Sinistcha, L50|100/100
|switch|p2a: Electabuzz|Electabuzz, L50, F, shiny|100/100
|switch|p2b: Ursaluna|Ursaluna-Bloodmoon, L50, M|100/100
|-ability|p1a: Incineroar|Intimidate|boost
|-unboost|p2a: Electabuzz|atk|1
|-unboost|p2b: Ursaluna|atk|1
|turn|1
|inactive|ChefHoe has 30 seconds left.
|
|t:|1756251340
|move|p2a: Electabuzz|Protect|p2a: Electabuzz
|-singleturn|p2a: Electabuzz|Protect
|move|p2b: Ursaluna|Protect|p2b: Ursaluna
|-singleturn|p2b: Ursaluna|Protect
|move|p1a: Incineroar|Fake Out|p2b: Ursaluna
|-activate|p2b: Ursaluna|move: Protect
|move|p1b: Sinistcha|Trick Room|p1b: Sinistcha
|-fieldstart|move: Trick Room|[of] p1b: Sinistcha
|
|upkeep
|turn|2
|
|t:|1756251364
|move|p2a: Electabuzz|Follow Me|p2a: Electabuzz
|-singleturn|p2a: Electabuzz|move: Follow Me
|move|p1a: Incineroar|Knock Off|p2a: Electabuzz
|-damage|p2a: Electabuzz|66/100
|-enditem|p2a: Electabuzz|Eviolite|[from] move: Knock Off|[of] p1a: Incineroar
|move|p1b: Sinistcha|Matcha Gotcha|p2b: Ursaluna|[spread] p2a,p2b
|-supereffective|p2b: Ursaluna
|-damage|p2a: Electabuzz|38/100
|-damage|p2b: Ursaluna|34/100
|-status|p2a: Electabuzz|brn
|-status|p2b: Ursaluna|brn
|move|p2b: Ursaluna|Earth Power|p1a: Incineroar
|-supereffective|p1a: Incineroar
|-crit|p1a: Incineroar
|-damage|p1a: Incineroar|0 fnt
|faint|p1a: Incineroar
|-damage|p2b: Ursaluna|24/100 brn|[from] item: Life Orb
|
|-damage|p2b: Ursaluna|18/100 brn|[from] brn
|-damage|p2a: Electabuzz|32/100 brn|[from] brn
|upkeep
|
|t:|1756251387
|switch|p1a: Gholdengo|Gholdengo, L50|100/100
|turn|3
|
|t:|1756251394
|move|p2b: Ursaluna|Protect|p2b: Ursaluna
|-singleturn|p2b: Ursaluna|Protect
|move|p2a: Electabuzz|Protect|p2a: Electabuzz
|-singleturn|p2a: Electabuzz|Protect
|move|p1b: Sinistcha|Matcha Gotcha|p2a: Electabuzz|[spread] 
|-activate|p2a: Electabuzz|move: Protect
|-activate|p2b: Ursaluna|move: Protect
|move|p1a: Gholdengo|Nasty Plot|p1a: Gholdengo
|-boost|p1a: Gholdengo|spa|2
|
|-damage|p2b: Ursaluna|13/100 brn|[from] brn
|-damage|p2a: Electabuzz|26/100 brn|[from] brn
|upkeep
|turn|4
|-message|vilan333 forfeited.
|
|win|ChefHoe
|raw|ChefHoe's rating: 1086 → 1113(+27 for winning)
|raw|vilan333's rating: 1087 → 1064(-23 for losing)
|l|☆vilan333
|player|p2|
|l|☆ChefHoe
|player|p1|
|j|☆vilan333
|player|p2|vilan333|marshal|
