|j|☆FunkleVGC
|j|☆cesspollon
|html|FunkleVGCcesspollon    
|uhtml|bestof|Game 2 of a best-of-3
|t:|1782336425
|gametype|doubles
|player|p1|FunkleVGC|fisherman-gen4|1164
|player|p2|cesspollon|tuberf|1100
|gen|9
|tier|[Gen 9 Champions] VGC 2026 Reg M-B (Bo3)
|rated|
|rule|Species Clause: Limit one of each Pokémon
|rule|Item Clause: Limit 1 of each item
|clearpoke
|poke|p1|Froslass, L50, F, shiny|
|poke|p1|Scovillain, L50, M, shiny|
|poke|p1|Lycanroc-Dusk, L50, F, shiny|
|poke|p1|Kingambit, L50, F, shiny|
|poke|p1|Basculegion, L50, M, shiny|
|poke|p1|Sneasler, L50, F, shiny|
|poke|p2|Staraptor, L50, F, shiny|
|poke|p2|Sinistcha-Masterpiece, L50|
|poke|p2|Toxapex, L50, M|
|poke|p2|Grimmsnarl, L50, M, shiny|
|poke|p2|Manectric, L50, F|
|poke|p2|Incineroar, L50, M, shiny|
|teampreview|4
|showteam|p1|Froslass||Froslassite|CursedBody|Blizzard,ShadowBall,AuroraVeil,Protect|Modest||F|||50|]Scovillain||Scovillainite|Moody|Overheat,GigaDrain,RagePowder,Protect|Bold||M|||50|]Lycanroc-Dusk||FocusSash|ToughClaws|RockSlide,CloseCombat,Accelerock,Protect|Adamant||F|||50|]Kingambit||BlackGlasses|Defiant|KowtowCleave,SuckerPunch,SwordsDance,Protect|Adamant||F|||50|]Basculegion||SitrusBerry|Adaptability|WaveCrash,LastRespects,AquaJet,Protect|Adamant||M|||50|]Sneasler||WhiteHerb|Unburden|CloseCombat,GunkShot,FakeOut,Protect|Adamant||F|||50|
|showteam|p2|Staraptor||Staraptite|Intimidate|CloseCombat,BraveBird,Roost,Protect|Adamant||F|||50|]Sinistcha-Masterpiece||SitrusBerry|Hospitality|MatchaGotcha,RagePowder,LifeDew,StrengthSap|Calm|||||50|]Toxapex||ZoomLens|Regenerator|BanefulBunker,GunkShot,Toxic,WideGuard|Relaxed||M|||50|]Grimmsnarl||Leftovers|Prankster|FakeOut,PlayRough,ScaryFace,PartingShot|Brave||M|||50|]Manectric||FocusSash|LightningRod|Thunderbolt,VoltSwitch,ElectroBall,ScaryFace|Modest||F|||50|]Incineroar||ChopleBerry|Intimidate|DarkestLariat,FlareBlitz,FakeOut,PartingShot|Impish||M|||50|
|inactive|Battle timer is ON: inactive players will automatically lose when time's up. (requested by FunkleVGC)
|
|t:|1782336439
|teamsize|p1|4
|teamsize|p2|4
|start
|switch|p1a: Froslass|Froslass, L50, F, shiny|100/100
|switch|p1b: Kingambit|Kingambit, L50, F, shiny|100/100
|switch|p2a: Staraptor|Staraptor, L50, F, shiny|100/100
|switch|p2b: Grimmsnarl|Grimmsnarl, L50, M, shiny|100/100
|-ability|p2a: Staraptor|Intimidate|boost
|-unboost|p1a: Froslass|atk|1
|-unboost|p1b: Kingambit|atk|1
|-ability|p1b: Kingambit|Defiant|boost
|-boost|p1b: Kingambit|atk|2
|turn|1
|
|t:|1782336457
|switch|p1b: Basculegion|Basculegion, L50, M, shiny|100/100
|detailschange|p1a: Froslass|Froslass-Mega, L50, F, shiny
|-mega|p1a: Froslass|Froslass|Froslassite
|-weather|Snowscape|[from] ability: Snow Warning|[of] p1a: Froslass
|detailschange|p2a: Staraptor|Staraptor-Mega, L50, F, shiny
|-mega|p2a: Staraptor|Staraptor|Staraptite
|move|p2b: Grimmsnarl|Parting Shot|p2a: Staraptor
|-boost|p2a: Staraptor|atk|1
|-boost|p2a: Staraptor|spa|1
|
|t:|1782336467
|switch|p2b: Incineroar|Incineroar, L50, M, shiny|100/100|[from] Parting Shot
|-ability|p2b: Incineroar|Intimidate|boost
|-unboost|p1a: Froslass|atk|1
|-unboost|p1b: Basculegion|atk|1
|move|p1a: Froslass|Aurora Veil|p1a: Froslass
|-sidestart|p1: FunkleVGC|move: Aurora Veil
|move|p2a: Staraptor|Brave Bird|p1a: Froslass
|-damage|p1a: Froslass|37/100
|-damage|p2a: Staraptor|81/100|[from] Recoil
|
|-weather|Snowscape|[upkeep]
|upkeep
|turn|2
|
|t:|1782336491
|move|p1a: Froslass|Blizzard|p2b: Incineroar|[spread] p2a,p2b
|-supereffective|p2a: Staraptor|1
|-resisted|p2b: Incineroar|1
|-damage|p2a: Staraptor|0 fnt
|-damage|p2b: Incineroar|78/100
|faint|p2a: Staraptor
|move|p1b: Basculegion|Wave Crash|p2b: Incineroar
|-supereffective|p2b: Incineroar|1
|-damage|p2b: Incineroar|0 fnt
|faint|p2b: Incineroar
|-damage|p1b: Basculegion|77/100|[from] Recoil
|
|-weather|Snowscape|[upkeep]
|upkeep
|-message|cesspollon forfeited.
|
|win|FunkleVGC
