|j|☆vuelve chusooo
|j|☆jeff2323
|html|vuelve chusooojeff2323    
|uhtml|bestof|Game 1 of a best-of-3
|t:|1784046975
|gametype|doubles
|player|p1|vuelve chusooo|fisherman-gen4|1141
|player|p2|jeff2323|265|1226
|gen|9
|tier|[Gen 9 Champions] VGC 2026 Reg M-B (Bo3)
|rated|
|rule|Species Clause: Limit one of each Pokémon
|rule|Item Clause: Limit 1 of each item
|clearpoke
|poke|p1|Swampert, L50, F|
|poke|p1|Pelipper, L50, F|
|poke|p1|Archaludon, L50, F|
|poke|p1|Floette-Eternal, L50, F|
|poke|p1|Basculegion, L50, M|
|poke|p1|Incineroar, L50, F|
|poke|p2|Camerupt, L50, M|
|poke|p2|Rotom-Wash, L50|
|poke|p2|Grimmsnarl, L50, M|
|poke|p2|Sinistcha, L50|
|poke|p2|Staraptor, L50, M|
|poke|p2|Gholdengo, L50|
|teampreview|4
|showteam|p1|Swampert||Swampertite|Torrent|WaveCrash,Earthquake,IcePunch,Protect|Adamant||F|||50|]Pelipper||FocusSash|Drizzle|WeatherBall,Hurricane,Tailwind,Protect|Modest||F|||50|]Archaludon||Leftovers|Stamina|DragonPulse,FlashCannon,ElectroShot,Protect|Modest||F|||50|]Floette-Eternal||Floettite|FlowerVeil|Moonblast,DazzlingGleam,LightofRuin,Protect|Modest||F|||50|]Basculegion||ChoiceScarf|Adaptability|WaveCrash,LastRespects,AquaJet,FlipTurn|Adamant||M|||50|]Incineroar||SitrusBerry|Intimidate|FakeOut,PartingShot,FlareBlitz,ThroatChop|Careful||F|||50|
|showteam|p2|Camerupt||Cameruptite|SolidRock|Protect,AncientPower,EarthPower,HeatWave|Quiet||M|||50|]Rotom-Wash||ChoiceScarf|Levitate|Trick,WillOWisp,VoltSwitch,HydroPump|Timid|||||50|]Grimmsnarl||LightClay|Prankster|PartingShot,Reflect,LightScreen,FoulPlay|Careful||M|||50|]Sinistcha||SitrusBerry|Hospitality|Protect,TrickRoom,RagePowder,MatchaGotcha|Calm|||||50|]Staraptor||Staraptite|Intimidate|Protect,Roost,BraveBird,CloseCombat|Jolly||M|||50|]Gholdengo||LifeOrb|GoodasGold|Protect,NastyPlot,ShadowBall,MakeItRain|Timid|||||50|
|
|t:|1784047108
|teamsize|p1|4
|teamsize|p2|4
|start
|switch|p1a: Basculegion|Basculegion, L50, M|100/100
|switch|p1b: Floette|Floette-Eternal, L50, F|100/100
|switch|p2a: Grimmsnarl|Grimmsnarl, L50, M|100/100
|switch|p2b: Staraptor|Staraptor, L50, M|100/100
|-ability|p2b: Staraptor|Intimidate|boost
|-unboost|p1a: Basculegion|atk|1
|-unboost|p1b: Floette|atk|1
|turn|1
|
|t:|1784047154
|switch|p2b: Gholdengo|Gholdengo, L50|100/100
|detailschange|p1b: Floette|Floette-Mega, L50, F
|-mega|p1b: Floette|Floette|Floettite
|-ability|p1b: Floette|Fairy Aura
|move|p2a: Grimmsnarl|Parting Shot|p1b: Floette
|-unboost|p1b: Floette|atk|1
|-unboost|p1b: Floette|spa|1
|
|t:|1784047161
|switch|p2a: Rotom|Rotom-Wash, L50|100/100|[from] Parting Shot
|move|p1a: Basculegion|Flip Turn|p2b: Gholdengo
|-damage|p2b: Gholdengo|68/100
|
|t:|1784047178
|switch|p1a: Archaludon|Archaludon, L50, F|100/100|[from] Flip Turn
|move|p1b: Floette|Dazzling Gleam|p2a: Rotom|[spread] p2a,p2b
|-resisted|p2b: Gholdengo|1
|-crit|p2b: Gholdengo
|-damage|p2a: Rotom|59/100
|-damage|p2b: Gholdengo|24/100
|
|upkeep
|turn|2
|
|t:|1784047235
|switch|p1b: Basculegion|Basculegion, L50, M|100/100
|move|p2b: Gholdengo|Protect|p2b: Gholdengo
|-singleturn|p2b: Gholdengo|Protect
|move|p2a: Rotom|Volt Switch|p1b: Basculegion
|-supereffective|p1b: Basculegion|1
|-damage|p1b: Basculegion|25/100
|
|t:|1784047249
|switch|p2a: Grimmsnarl|Grimmsnarl, L50, M|100/100|[from] Volt Switch
|move|p1a: Archaludon|Dragon Pulse|p2a: Grimmsnarl
|-immune|p2a: Grimmsnarl
|
|upkeep
|turn|3
|
|t:|1784047302
|switch|p1b: Pelipper|Pelipper, L50, F|100/100
|-weather|RainDance|[from] ability: Drizzle|[of] p1b: Pelipper
|switch|p2b: Staraptor|Staraptor, L50, M|100/100
|-ability|p2b: Staraptor|Intimidate|boost
|-unboost|p1a: Archaludon|atk|1
|-unboost|p1b: Pelipper|atk|1
|move|p2a: Grimmsnarl|Light Screen|p2a: Grimmsnarl
|-sidestart|p2: jeff2323|move: Light Screen
|move|p1a: Archaludon|Electro Shot||[still]
|-prepare|p1a: Archaludon|Electro Shot
|-boost|p1a: Archaludon|spa|1
|-anim|p1a: Archaludon|Electro Shot|p2b: Staraptor
|-supereffective|p2b: Staraptor|1
|-damage|p2b: Staraptor|0 fnt
|faint|p2b: Staraptor
|
|-weather|RainDance|[upkeep]
|upkeep
|inactive|Battle timer is ON: inactive players will automatically lose when time's up. (requested by vuelve chusooo)
|-message|jeff2323 forfeited.
|
|win|vuelve chusooo
||jeff2323 is ready for game 2.
||vuelve chusooo is ready for game 2.
|uhtml|next|Next: Game 2 of 3
|l|☆jeff2323
|player|p2|
