|j|☆MajinFlavio
|j|☆Northgdh
|html|MajinFlavioNorthgdh    
|uhtml|bestof|Game 2 of a best-of-3
|t:|1783870740
|gametype|doubles
|player|p1|MajinFlavio|palmer|1201
|player|p2|Northgdh|102|1200
|gen|9
|tier|[Gen 9 Champions] VGC 2026 Reg M-B (Bo3)
|rated|
|rule|Species Clause: Limit one of each Pokémon
|rule|Item Clause: Limit 1 of each item
|clearpoke
|poke|p1|Malamar, L50, F|
|poke|p1|Ceruledge, L50, M|
|poke|p1|Sinistcha, L50|
|poke|p1|Incineroar, L50, F|
|poke|p1|Whimsicott, L50, F|
|poke|p1|Blastoise, L50, M|
|poke|p2|Sneasler, L50, M|
|poke|p2|Incineroar, L50, F, shiny|
|poke|p2|Kingambit, L50, M, shiny|
|poke|p2|Blastoise, L50, F, shiny|
|poke|p2|Delphox, L50, M, shiny|
|poke|p2|Sinistcha, L50|
|teampreview|4
|showteam|p1|Malamar||Malamarite|Contrary|Superpower,KnockOff,BatonPass,Protect|Careful||F|||50|]Ceruledge||ColburBerry|FlashFire|BitterBlade,ShadowSneak,BulkUp,Protect|Adamant||M|||50|]Sinistcha||KasibBerry|Hospitality|MatchaGotcha,RagePowder,LifeDew,Protect|Bold|||||50|]Incineroar||SitrusBerry|Intimidate|FakeOut,FlareBlitz,ThroatChop,PartingShot|Impish||F|||50|]Whimsicott||FocusSash|Prankster|Moonblast,Tailwind,FakeTears,Protect|Timid||F|||50|]Blastoise||Blastoisinite|Torrent|WaterSpout,DarkPulse,ShellSmash,Protect|Modest||M|||50|
|showteam|p2|Sneasler||FocusSash|PoisonTouch|CloseCombat,PoisonJab,FakeOut,QuickGuard|Jolly||M|||50|]Incineroar||SitrusBerry|Intimidate|FlareBlitz,FakeOut,HelpingHand,PartingShot|Impish||F|||50|]Kingambit||BlackGlasses|Defiant|KowtowCleave,SuckerPunch,SwordsDance,Protect|Adamant||M|||50|]Blastoise||Blastoisinite|RainDish|WaterSpout,DarkPulse,ShellSmash,Protect|Modest||F|||50|]Delphox||Delphoxite|Blaze|HeatWave,Psychic,NastyPlot,Protect|Timid||M|||50|]Sinistcha||KasibBerry|Hospitality|MatchaGotcha,RagePowder,LifeDew,Protect|Bold|||||50|
|inactive|Battle timer is ON: inactive players will automatically lose when time's up. (requested by Northgdh)
|l|☆Northgdh
|inactive|Northgdh disconnected and has a minute to reconnect!
|player|p2|
|j|☆Northgdh
|inactive|Northgdh reconnected and has 75 seconds left.
|player|p2|Northgdh|102|
|inactive|Northgdh has 60 seconds left.
|
|t:|1783870776
|teamsize|p1|4
|teamsize|p2|4
|start
|switch|p1a: Whimsicott|Whimsicott, L50, F|100/100
|switch|p1b: Malamar|Malamar, L50, F|100/100
|switch|p2a: begged|Blastoise, L50, F, shiny|100/100
|switch|p2b: honeybee|Sneasler, L50, M|100/100
|turn|1
|inactive|MajinFlavio has 30 seconds left.
|
|t:|1783870811
|detailschange|p2a: begged|Blastoise-Mega, L50, F, shiny
|-mega|p2a: begged|Blastoise|Blastoisinite
|detailschange|p1b: Malamar|Malamar-Mega, L50, F
|-mega|p1b: Malamar|Malamar|Malamarite
|move|p2b: honeybee|Fake Out|p1a: Whimsicott
|-damage|p1a: Whimsicott|78/100
|-status|p1a: Whimsicott|psn|[from] ability: Poison Touch|[of] p2b: honeybee
|cant|p1a: Whimsicott|flinch
|move|p2a: begged|Water Spout|p1a: Whimsicott|[spread] p1a,p1b
|-resisted|p1a: Whimsicott|1
|-damage|p1a: Whimsicott|21/100 psn
|-damage|p1b: Malamar|53/100
|move|p1b: Malamar|Superpower|p2a: begged
|-damage|p2a: begged|68/100
|-boost|p1b: Malamar|atk|1
|-boost|p1b: Malamar|def|1
|
|-damage|p1a: Whimsicott|8/100 psn|[from] psn
|upkeep
|turn|2
|inactive|MajinFlavio has 30 seconds left.
|inactive|Northgdh has 30 seconds left.
|
|t:|1783870842
|move|p1a: Whimsicott|Tailwind|p1a: Whimsicott
|-sidestart|p1: MajinFlavio|move: Tailwind
|move|p1b: Malamar|Superpower|p2a: begged
|-damage|p2a: begged|20/100r
|-boost|p1b: Malamar|atk|1
|-boost|p1b: Malamar|def|1
|move|p2b: honeybee|Close Combat|p1b: Malamar
|-damage|p1b: Malamar|23/100
|-unboost|p2b: honeybee|def|1
|-unboost|p2b: honeybee|spd|1
|move|p2a: begged|Water Spout|p1a: Whimsicott|[spread] p1a,p1b
|-resisted|p1a: Whimsicott|1
|-damage|p1a: Whimsicott|0 fnt
|-damage|p1b: Malamar|13/100
|faint|p1a: Whimsicott
|
|upkeep
|
|t:|1783870865
|switch|p1a: Sinistcha|Sinistcha, L50|100/100
|-heal|p1b: Malamar|38/100|[from] ability: Hospitality|[of] p1a: Sinistcha
|turn|3
|inactive|MajinFlavio has 30 seconds left.
|
|t:|1783870899
|switch|p2a: the cure|Sinistcha, L50|100/100
|move|p1b: Malamar|Superpower|p2a: the cure
|-immune|p2a: the cure
|move|p2b: honeybee|Poison Jab|p1b: Malamar
|-damage|p1b: Malamar|18/100
|move|p1a: Sinistcha|Life Dew||[still]|[spread] p1a,p1b
|-fail|p1a: Sinistcha|heal
|-heal|p1b: Malamar|43/100
|
|upkeep
|turn|4
|inactive|MajinFlavio has 30 seconds left.
|
|t:|1783870924
|move|p2a: the cure|Protect|p2a: the cure
|-singleturn|p2a: the cure|Protect
|move|p1b: Malamar|Knock Off|p2a: the cure
|-activate|p2a: the cure|move: Protect
|move|p2b: honeybee|Poison Jab|p1b: Malamar
|-damage|p1b: Malamar|24/100
|move|p1a: Sinistcha|Life Dew||[still]|[spread] p1a,p1b
|-fail|p1a: Sinistcha|heal
|-heal|p1b: Malamar|49/100
|
|upkeep
|turn|5
|c|☆Northgdh|Still no poison
|c|☆Northgdh|that’s wild
|inactive|MajinFlavio has 30 seconds left.
|
|t:|1783870950
|switch|p2a: stupid song|Incineroar, L50, F, shiny|100/100
|-ability|p2a: stupid song|Intimidate|boost
|-unboost|p1a: Sinistcha|atk|1
|-boost|p1b: Malamar|atk|1
|move|p1b: Malamar|Knock Off|p2a: stupid song
|-resisted|p2a: stupid song|1
|-damage|p2a: stupid song|67/100
|-enditem|p2a: stupid song|Sitrus Berry|[from] move: Knock Off|[of] p1b: Malamar
|move|p2b: honeybee|Poison Jab|p1b: Malamar
|-damage|p1b: Malamar|27/100
|-status|p1b: Malamar|psn
|move|p1a: Sinistcha|Life Dew||[still]|[spread] p1a,p1b
|-fail|p1a: Sinistcha|heal
|-heal|p1b: Malamar|52/100 psn
|
|-damage|p1b: Malamar|39/100 psn|[from] psn
|-sideend|p1: MajinFlavio|move: Tailwind
|upkeep
|turn|6
|inactive|MajinFlavio has 30 seconds left.
|c|☆Northgdh|Finally lol
|
|t:|1783870981
|move|p1b: Malamar|Protect|p1b: Malamar
|-singleturn|p1b: Malamar|Protect
|move|p1a: Sinistcha|Protect|p1a: Sinistcha
|-singleturn|p1a: Sinistcha|Protect
|move|p2a: stupid song|Fake Out|p1b: Malamar
|-activate|p1b: Malamar|move: Protect
|move|p2b: honeybee|Poison Jab|p1a: Sinistcha
|-activate|p1a: Sinistcha|move: Protect
|
|-damage|p1b: Malamar|27/100 psn|[from] psn
|upkeep
|turn|7
|c|☆MajinFlavio|51% no?
|
|t:|1783870996
|move|p2a: stupid song|Helping Hand|p2b: honeybee
|-singleturn|p2b: honeybee|Helping Hand|[of] p2a: stupid song
|move|p1a: Sinistcha|Rage Powder|p1a: Sinistcha
|-singleturn|p1a: Sinistcha|move: Rage Powder
|move|p2b: honeybee|Poison Jab|p1a: Sinistcha
|-damage|p1a: Sinistcha|42/100
|-status|p1a: Sinistcha|psn|[from] ability: Poison Touch|[of] p2b: honeybee
|move|p1b: Malamar|Baton Pass|p1b: Malamar
|
|t:|1783871005
|switch|p1b: Ceruledge|Ceruledge, L50, M|100/100|[from] Baton Pass
|
|-damage|p1a: Sinistcha|30/100 psn|[from] psn
|upkeep
|turn|8
|c|☆Northgdh|60
|c|☆MajinFlavio|good ahah
|inactive|Northgdh has 30 seconds left.
|
|t:|1783871035
|move|p1a: Sinistcha|Rage Powder|p1a: Sinistcha
|-singleturn|p1a: Sinistcha|move: Rage Powder
|move|p2b: honeybee|Poison Jab|p1a: Sinistcha
|-damage|p1a: Sinistcha|0 fnt
|faint|p1a: Sinistcha
|move|p1b: Ceruledge|Bitter Blade|p2a: stupid song
|-resisted|p2a: stupid song|1
|-damage|p2a: stupid song|23/100
|move|p2a: stupid song|Parting Shot|p1b: Ceruledge
|-unboost|p1b: Ceruledge|atk|1
|-unboost|p1b: Ceruledge|spa|1
|
|t:|1783871048
|switch|p2a: begged|Blastoise-Mega, L50, F, shiny|20/100r|[from] Parting Shot
|
|upkeep
|inactive|MajinFlavio has 30 seconds left.
|inactive|MajinFlavio has 20 seconds left.
|inactive|MajinFlavio has 15 seconds left.
|
|t:|1783871091
|switch|p1a: Malamar|Malamar-Mega, L50, F|27/100 psn
|turn|9
|
|t:|1783871105
|move|p2a: begged|Protect|p2a: begged
|-singleturn|p2a: begged|Protect
|move|p2b: honeybee|Poison Jab|p1b: Ceruledge
|-resisted|p1b: Ceruledge|1
|-damage|p1b: Ceruledge|88/100
|-status|p1b: Ceruledge|psn|[from] ability: Poison Touch|[of] p2b: honeybee
|move|p1a: Malamar|Superpower|p2a: begged
|-activate|p2a: begged|move: Protect
|move|p1b: Ceruledge|Bitter Blade|p2b: honeybee
|-enditem|p2b: honeybee|Focus Sash
|-damage|p2b: honeybee|1/100
|-heal|p1b: Ceruledge|100/100 psn|[from] drain|[of] p2b: honeybee
|
|-damage|p1a: Malamar|15/100 psn|[from] psn
|-damage|p1b: Ceruledge|87/100 psn|[from] psn
|upkeep
|turn|10
|inactive|MajinFlavio has 30 seconds left.
|inactive|MajinFlavio has 20 seconds left.
|inactive|MajinFlavio has 15 seconds left.
|
|t:|1783871148
|move|p2b: honeybee|Quick Guard|p2b: honeybee
|-singleturn|p2b: honeybee|Quick Guard
|move|p1b: Ceruledge|Shadow Sneak|p2b: honeybee
|-activate|p2b: honeybee|move: Quick Guard
|move|p2a: begged|Water Spout|p1a: Malamar|[spread] p1a,p1b
|-supereffective|p1b: Ceruledge|1
|-damage|p1a: Malamar|5/100 psn
|-damage|p1b: Ceruledge|61/100 psn
|move|p1a: Malamar|Superpower|p2a: begged
|-crit|p2a: begged
|-damage|p2a: begged|0 fnt
|-boost|p1a: Malamar|atk|1
|-boost|p1a: Malamar|def|1
|faint|p2a: begged
|
|-damage|p1a: Malamar|0 fnt|[from] psn
|faint|p1a: Malamar
|-damage|p1b: Ceruledge|49/100 psn|[from] psn
|upkeep
|
|t:|1783871158
|switch|p2a: stupid song|Incineroar, L50, F, shiny|23/100
|-ability|p2a: stupid song|Intimidate|boost
|-unboost|p1b: Ceruledge|atk|1
|turn|11
|inactive|MajinFlavio has 30 seconds left.
|inactive|MajinFlavio has 20 seconds left.
|inactive|MajinFlavio has 15 seconds left.
|inactive|MajinFlavio has 10 seconds left.
|inactive|MajinFlavio has 5 seconds left.
|
|t:|1783871213
|switch|p2b: the cure|Sinistcha, L50|100/100
|-heal|p2a: stupid song|48/100|[from] ability: Hospitality|[of] p2b: the cure
|move|p1b: Ceruledge|Bitter Blade|p2b: the cure
|-supereffective|p2b: the cure|1
|-damage|p2b: the cure|0 fnt
|-heal|p1b: Ceruledge|96/100 psn|[from] drain|[of] p2b: the cure
|faint|p2b: the cure
|move|p2a: stupid song|Parting Shot|p1b: Ceruledge
|-unboost|p1b: Ceruledge|atk|1
|-unboost|p1b: Ceruledge|spa|1
|
|t:|1783871219
|switch|p2a: honeybee|Sneasler, L50, M|1/100|[from] Parting Shot
|
|-damage|p1b: Ceruledge|84/100 psn|[from] psn
|upkeep
|
|t:|1783871220
|switch|p2b: stupid song|Incineroar, L50, F, shiny|48/100
|-ability|p2b: stupid song|Intimidate|boost
|-unboost|p1b: Ceruledge|atk|1
|turn|12
|c|☆Northgdh|Huge call
|inactive|MajinFlavio has 30 seconds left.
|c|☆Northgdh|ggwp
|c|☆Northgdh|misplay by me there
|inactive|MajinFlavio has 20 seconds left.
|inactive|MajinFlavio has 15 seconds left.
|inactive|MajinFlavio has 10 seconds left.
|
|t:|1783871267
|move|p2a: honeybee|Poison Jab|p1b: Ceruledge
|-resisted|p1b: Ceruledge|1
|-damage|p1b: Ceruledge|74/100 psn
|move|p1b: Ceruledge|Bitter Blade|p2a: honeybee
|-damage|p2a: honeybee|0 fnt
|-heal|p1b: Ceruledge|74/100 psn|[from] drain|[of] p2a: honeybee
|faint|p2a: honeybee
|move|p2b: stupid song|Parting Shot|p1b: Ceruledge
|-unboost|p1b: Ceruledge|atk|1
|-unboost|p1b: Ceruledge|spa|1
|
|-damage|p1b: Ceruledge|62/100 psn|[from] psn
|upkeep
|turn|13
|inactive|MajinFlavio has 15 seconds left this turn.
|inactive|MajinFlavio has 10 seconds left.
|inactive|MajinFlavio has 5 seconds left.
|-message|MajinFlavio lost due to inactivity.
|
|win|Northgdh
