|j|☆Silhouetiquette
|j|☆Isam_26011
|html|SilhouetiquetteIsam_26011    
|uhtml|bestof|Game 3 of a best-of-3
|t:|1757014971
|gametype|doubles
|player|p1|Silhouetiquette|101|1138
|player|p2|Isam_26011|n|1029
|gen|9
|tier|[Gen 9] VGC 2025 Reg H (Bo3)
|rated|
|rule|Species Clause: Limit one of each Pokémon
|rule|Item Clause: Limit 1 of each item
|clearpoke
|poke|p1|Tyranitar, L50, F|
|poke|p1|Excadrill, L50, F|
|poke|p1|Kilowattrel, L50, F|
|poke|p1|Volcarona, L50, F|
|poke|p1|Indeedee, L50, M|
|poke|p1|Sneasler, L50, F|
|poke|p2|Indeedee-F, L50, F|
|poke|p2|Hatterene, L50, F|
|poke|p2|Gallade, L50, M|
|poke|p2|Ursaluna, L50, M|
|poke|p2|Sunflora, L50, M|
|poke|p2|Torkoal, L50, M|
|teampreview|4
|showteam|p1|Tyranitar||AssaultVest|SandStream|RockSlide,KnockOff,TeraBlast,LowKick|||F|||50|,,,,,Flying]Excadrill||ClearAmulet|SandRush|Earthquake,IronHead,StompingTantrum,Protect|||F|||50|,,,,,Ground]Kilowattrel||ChoiceSpecs|Competitive|WeatherBall,Thunderbolt,AirSlash,Hurricane|||F|||50|,,,,,Stellar]Volcarona||SitrusBerry|FlameBody|RagePowder,WillOWisp,Protect,StruggleBug|||F|||50|,,,,,Grass]Indeedee||ChoiceScarf|PsychicSurge|ExpandingForce,Psychic,TeraBlast,EnergyBall|||M|||50|,,,,,Fighting]Sneasler||PsychicSeed|Unburden|DireClaw,CloseCombat,Acrobatics,Protect|||F|||50|,,,,,Flying
|showteam|p2|Indeedee-F||PsychicSeed|PsychicSurge|TrickRoom,FollowMe,HelpingHand,DazzlingGleam|||F|||50|,,,,,Fire]Hatterene||LifeOrb|MagicBounce|ExpandingForce,TrickRoom,DazzlingGleam,Protect|||F|||50|,,,,,Psychic]Gallade||ClearAmulet|Sharpness|PsychoCut,TrickRoom,SacredSword,WideGuard|||M|||50|,,,,,Grass]Ursaluna||FlameOrb|Guts|HeadlongRush,Facade,SwordsDance,Protect|||M|||50|,,,,,Ghost]Sunflora||AssaultVest|SolarPower|EnergyBall,WeatherBall,SludgeBomb,EarthPower|||M|||50|,,,,,Fire]Torkoal||ChoiceSpecs|Drought|Eruption,HeatWave,WeatherBall,EarthPower|||M|||50|,,,,,Fire
|inactive|Battle timer is ON: inactive players will automatically lose when time's up. (requested by Silhouetiquette)
|inactive|Isam_26011 has 60 seconds left.
|
|t:|1757015007
|teamsize|p1|4
|teamsize|p2|4
|start
|switch|p1a: Tyranitar|Tyranitar, L50, F|100/100
|switch|p1b: Excadrill|Excadrill, L50, F|100/100
|switch|p2a: Paty|Indeedee-F, L50, F, shiny|100/100
|switch|p2b: Shura|Gallade, L50, M, shiny|100/100
|-weather|Sandstorm|[from] ability: Sand Stream|[of] p1a: Tyranitar
|-fieldstart|move: Psychic Terrain|[from] ability: Psychic Surge|[of] p2a: Paty
|-enditem|p2a: Paty|Psychic Seed
|-boost|p2a: Paty|spd|1|[from] item: Psychic Seed
|turn|1
|inactive|Silhouetiquette has 30 seconds left.
|
|t:|1757015037
|-terastallize|p1a: Tyranitar|Flying
|move|p2b: Shura|Wide Guard|p2b: Shura
|-singleturn|p2b: Shura|Wide Guard
|move|p1b: Excadrill|Earthquake|p2b: Shura|[spread] 
|-activate|p2a: Paty|move: Wide Guard
|-activate|p2b: Shura|move: Wide Guard
|-immune|p1a: Tyranitar
|move|p1a: Tyranitar|Tera Blast|p2b: Shura|[anim] Tera Blast Flying
|-supereffective|p2b: Shura
|-damage|p2b: Shura|0 fnt
|faint|p2b: Shura
|move|p2a: Paty|Trick Room|p2a: Paty
|-fieldstart|move: Trick Room|[of] p2a: Paty
|
|-weather|Sandstorm|[upkeep]
|-damage|p2a: Paty|94/100|[from] Sandstorm
|-damage|p1a: Tyranitar|95/100|[from] Sandstorm
|upkeep
|
|t:|1757015051
|switch|p2b: Acelga|Hatterene, L50, F, shiny|100/100
|turn|2
|
|t:|1757015060
|-terastallize|p2b: Acelga|Psychic
|move|p2a: Paty|Helping Hand|p2b: Acelga
|-singleturn|p2b: Acelga|Helping Hand|[of] p2a: Paty
|move|p1b: Excadrill|Protect|p1b: Excadrill
|-singleturn|p1b: Excadrill|Protect
|move|p2b: Acelga|Expanding Force|p1b: Excadrill|[spread] p1a
|-activate|p1b: Excadrill|move: Protect
|-damage|p1a: Tyranitar|0 fnt
|faint|p1a: Tyranitar
|-damage|p2b: Acelga|91/100|[from] item: Life Orb
|
|-weather|Sandstorm|[upkeep]
|-damage|p2b: Acelga|85/100|[from] Sandstorm
|-damage|p2a: Paty|88/100|[from] Sandstorm
|upkeep
|
|t:|1757015075
|switch|p1a: Sneasler|Sneasler, L50, F|100/100
|-enditem|p1a: Sneasler|Psychic Seed
|-boost|p1a: Sneasler|spd|1|[from] item: Psychic Seed
|turn|3
|
|t:|1757015084
|move|p2a: Paty|Helping Hand|p2b: Acelga
|-singleturn|p2b: Acelga|Helping Hand|[of] p2a: Paty
|move|p1a: Sneasler|Protect|p1a: Sneasler
|-singleturn|p1a: Sneasler|Protect
|move|p2b: Acelga|Expanding Force|p1b: Excadrill|[spread] p1b
|-activate|p1a: Sneasler|move: Protect
|-resisted|p1b: Excadrill
|-damage|p1b: Excadrill|0 fnt
|faint|p1b: Excadrill
|-damage|p2b: Acelga|76/100|[from] item: Life Orb
|
|-weather|Sandstorm|[upkeep]
|-damage|p2b: Acelga|70/100|[from] Sandstorm
|-damage|p2a: Paty|82/100|[from] Sandstorm
|-damage|p1a: Sneasler|95/100|[from] Sandstorm
|upkeep
|c|☆Silhouetiquette|FINE
|c|☆Silhouetiquette|i will run imprison indeedee
|c|☆Silhouetiquette|i didn't want to be THAT guy
|inactive|Silhouetiquette has 30 seconds left.
|c|☆Silhouetiquette|but we have people like you on the ladder smh
|-message|Silhouetiquette forfeited.
|
|win|Isam_26011
|raw|Silhouetiquette's rating: 1138 → 1105(-33 for losing)
|raw|Isam_26011's rating: 1029 → 1075(+46 for winning)
|l|☆Silhouetiquette
|player|p1|
|c|☆Isam_26011|I LOVE YOU
