|j|☆duemagician7809
|j|☆Llama_Llord
|html|duemagician7809Llama_Llord    
|uhtml|bestof|Game 1 of a best-of-3
|t:|1756800124
|gametype|doubles
|player|p1|duemagician7809|169|1082
|player|p2|Llama_Llord|1|1061
|gen|9
|tier|[Gen 9] VGC 2025 Reg H (Bo3)
|rated|
|rule|Species Clause: Limit one of each Pokémon
|rule|Item Clause: Limit 1 of each item
|clearpoke
|poke|p1|Incineroar, L50, F|
|poke|p1|Ursaluna-Bloodmoon, L50, M|
|poke|p1|Blastoise, L50, F|
|poke|p1|Amoonguss, L50, F|
|poke|p1|Sneasler, L50, F|
|poke|p1|Pelipper, L50, M|
|poke|p2|Talonflame, L50, F|
|poke|p2|Garchomp, L50, F|
|poke|p2|Gholdengo, L50|
|poke|p2|Tyranitar, L50, M|
|poke|p2|Amoonguss, L50, M|
|poke|p2|Milotic, L50, F|
|teampreview|4
|showteam|p1|Incineroar||SafetyGoggles|Intimidate|FakeOut,PartingShot,FlareBlitz,KnockOff|||F|||50|,,,,,Grass]Ursaluna-Bloodmoon||LifeOrb|MindsEye|BloodMoon,HyperVoice,Protect,EarthPower|||M|||50|,,,,,Normal]Blastoise||AssaultVest|RainDish|WaterSpout,FakeOut,MuddyWater,FlipTurn|||F|||50|,,,,,Water]Amoonguss||SitrusBerry|Regenerator|RagePowder,Spore,Protect,PollenPuff|||F|||50|,,,,,Dark]Sneasler||WhiteHerb|Unburden|CloseCombat,FakeOut,DireClaw,Protect|||F|||50|,,,,,Ghost]Pelipper||FocusSash|Drizzle|WeatherBall,Hurricane,Protect,Tailwind|||M|||50|,,,,,Water
|showteam|p2|Talonflame||CovertCloak|GaleWings|Tailwind,BraveBird,WillOWisp,Taunt|||F|||50|,,,,,Grass]Garchomp||LifeOrb|RoughSkin|Earthquake,DragonClaw,StompingTantrum,Protect|||F|||50|,,,,,Fairy]Gholdengo||ChoiceSpecs|GoodasGold|MakeItRain,ShadowBall,Thunderbolt,PowerGem||||||50|,,,,,Steel]Tyranitar||AssaultVest|SandStream|RockSlide,KnockOff,TeraBlast,LowKick|||M|||50|,,,,,Flying]Amoonguss||SitrusBerry|Regenerator|PollenPuff,Spore,RagePowder,Protect|||M|||50|,,,,,Grass]Milotic||SafetyGoggles|Competitive|Scald,IcyWind,Haze,Protect|||F|||50|,,,,,Dragon
|inactive|Battle timer is ON: inactive players will automatically lose when time's up. (requested by Llama_Llord)
|inactive|duemagician7809 has 60 seconds left.
|inactive|Llama_Llord has 60 seconds left.
|
|t:|1756800163
|teamsize|p1|4
|teamsize|p2|4
|start
|switch|p1a: Amoonguss|Amoonguss, L50, F|100/100
|switch|p1b: Sneasler|Sneasler, L50, F|100/100
|switch|p2a: Talonflame|Talonflame, L50, F|100/100
|switch|p2b: Milotic|Milotic, L50, F|100/100
|turn|1
|inactive|duemagician7809 has 30 seconds left.
|
|t:|1756800197
|switch|p1a: Pelipper|Pelipper, L50, M|100/100
|-weather|RainDance|[from] ability: Drizzle|[of] p1a: Pelipper
|-terastallize|p2a: Talonflame|Grass
|move|p2b: Milotic|Protect|p2b: Milotic
|-singleturn|p2b: Milotic|Protect
|move|p2a: Talonflame|Brave Bird|p1b: Sneasler
|-supereffective|p1b: Sneasler
|-damage|p1b: Sneasler|0 fnt
|faint|p1b: Sneasler
|-damage|p2a: Talonflame|73/100|[from] Recoil
|
|-weather|RainDance|[upkeep]
|upkeep
|
|t:|1756800205
|switch|p1b: Ursaluna|Ursaluna-Bloodmoon, L50, M|100/100
|turn|2
|inactive|Llama_Llord has 30 seconds left.
|inactive|Llama_Llord has 20 seconds left.
|
|t:|1756800240
|-terastallize|p1b: Ursaluna|Normal
|move|p2a: Talonflame|Taunt|p1a: Pelipper
|-start|p1a: Pelipper|move: Taunt
|move|p2b: Milotic|Scald|p1b: Ursaluna
|-damage|p1b: Ursaluna|40/100
|cant|p1a: Pelipper|move: Taunt|Tailwind
|move|p1b: Ursaluna|Hyper Voice|p2a: Talonflame|[spread] p2a,p2b
|-damage|p2a: Talonflame|0 fnt
|-damage|p2b: Milotic|39/100
|faint|p2a: Talonflame
|-damage|p1b: Ursaluna|30/100|[from] item: Life Orb
|
|-weather|RainDance|[upkeep]
|upkeep
|
|t:|1756800252
|switch|p2a: Gholdengo|Gholdengo, L50|100/100
|turn|3
|
|t:|1756800259
|switch|p1b: Amoonguss|Amoonguss, L50, F|100/100
|move|p2a: Gholdengo|Make It Rain|p1a: Pelipper|[spread] p1a,p1b
|-resisted|p1a: Pelipper
|-damage|p1a: Pelipper|35/100
|-damage|p1b: Amoonguss|36/100
|-unboost|p2a: Gholdengo|spa|1
|-enditem|p1b: Amoonguss|Sitrus Berry|[eat]
|-heal|p1b: Amoonguss|61/100|[from] item: Sitrus Berry
|move|p2b: Milotic|Scald|p1a: Pelipper
|-resisted|p1a: Pelipper
|-damage|p1a: Pelipper|0 fnt
|faint|p1a: Pelipper
|
|-weather|RainDance|[upkeep]
|upkeep
|
|t:|1756800270
|switch|p1a: Ursaluna|Ursaluna-Bloodmoon, L50, M, tera:Normal|30/100
|turn|4
|-message|duemagician7809 forfeited.
|
|win|Llama_Llord
|l|☆duemagician7809
|player|p1|
||duemagician7809 is ready for game 2.
