|j|Ōśåthe bugcather
|j|ŌśåDirevrau
|html|the bugcatherDirevrau    
|uhtml|bestof|Game 3 of a best-of-3
|t:|1756236376
|gametype|doubles
|player|p1|the bugcather|bugcatcher-gen4dp|1216
|player|p2|Direvrau|dancer|1131
|gen|9
|tier|[Gen 9] VGC 2025 Reg H (Bo3)
|rated|
|rule|Species Clause: Limit one of each Pok├®mon
|rule|Item Clause: Limit 1 of each item
|clearpoke
|poke|p1|Archaludon, L50, F|
|poke|p1|Pelipper, L50, F|
|poke|p1|Basculegion, L50, M|
|poke|p1|Maushold, L50|
|poke|p1|Annihilape, L50, F|
|poke|p1|Sinistcha-Masterpiece, L50|
|poke|p2|Maushold, L50|
|poke|p2|Sinistcha, L50|
|poke|p2|Pelipper, L50, F|
|poke|p2|Annihilape, L50, M|
|poke|p2|Basculegion, L50, M|
|poke|p2|Archaludon, L50, M|
|teampreview|4
|showteam|p1|Archaludon||AssaultVest|Stamina|Snarl,ElectroShot,DracoMeteor,BodyPress|||F|||50|,,,,,Bug]Pelipper||FocusSash|Drizzle|MuddyWater,Hurricane,Tailwind,Protect|||F|||50|,,,,,Stellar]Basculegion||ChoiceScarf|Adaptability|WaveCrash,LastRespects,AquaJet,FlipTurn|||M|||50|,,,,,Fairy]Maushold||SafetyGoggles|FriendGuard|BeatUp,Taunt,FollowMe,Protect||||||50|,,,,,Ghost]Annihilape||Leftovers|Defiant|DrainPunch,RageFist,BulkUp,Protect|||F|||50|,,,,,Fire]Sinistcha-Masterpiece||SitrusBerry|Hospitality|MatchaGotcha,LifeDew,RagePowder,TrickRoom||||||50|,,,,,Dark
|showteam|p2|Maushold||SafetyGoggles|FriendGuard|BeatUp,FollowMe,Taunt,Protect||||||50|,,,,,Ghost]Sinistcha||RockyHelmet|Hospitality|MatchaGotcha,RagePowder,LifeDew,TrickRoom||||||50|,,,,,Fairy]Pelipper||FocusSash|Drizzle|WeatherBall,Hurricane,Tailwind,Protect|||F|||50|,,,,,Ghost]Annihilape||SitrusBerry|Defiant|DrainPunch,RageFist,BulkUp,Protect|||M|||50|,,,,,Fire]Basculegion||ChoiceBand|SwiftSwim|WaveCrash,AquaJet,LastRespects,FlipTurn|||M|||50|,,,,,Water]Archaludon||AssaultVest|Stamina|BodyPress,DracoMeteor,ElectroShot,FlashCannon|||M|||50|,,,,,Bug
|inactive|Battle timer is ON: inactive players will automatically lose when time's up. (requested by the bugcather)
|inactive|the bugcather has 60 seconds left.
|inactive|Direvrau has 60 seconds left.
|
|t:|1756236430
|teamsize|p1|4
|teamsize|p2|4
|start
|switch|p1a: Maushold|Maushold, L50|100/100
|switch|p1b: Archaludon|Archaludon, L50, F|100/100
|switch|p2a: Pelipper|Pelipper, L50, F|100/100
|switch|p2b: Basculegion|Basculegion, L50, M|100/100
|-weather|RainDance|[from] ability: Drizzle|[of] p2a: Pelipper
|turn|1
|inactive|Direvrau has 30 seconds left.
|inactive|Direvrau has 20 seconds left.
|inactive|Direvrau has 15 seconds left.
|inactive|Direvrau has 10 seconds left.
|
|t:|1756236476
|switch|p2b: Archaludon|Archaludon, L50, M|100/100
|move|p1a: Maushold|Protect|p1a: Maushold
|-singleturn|p1a: Maushold|Protect
|move|p1b: Archaludon|Electro Shot||[still]
|-prepare|p1b: Archaludon|Electro Shot
|-boost|p1b: Archaludon|spa|1
|-anim|p1b: Archaludon|Electro Shot|p2a: Pelipper
|-supereffective|p2a: Pelipper
|-enditem|p2a: Pelipper|Focus Sash
|-damage|p2a: Pelipper|1/100
|move|p2a: Pelipper|Tailwind|p2a: Pelipper
|-sidestart|p2: Direvrau|move: Tailwind
|
|-weather|RainDance|[upkeep]
|upkeep
|turn|2
|
|t:|1756236501
|move|p2a: Pelipper|Weather Ball|p1a: Maushold
|-damage|p1a: Maushold|29/100
|move|p2b: Archaludon|Electro Shot||[still]
|-prepare|p2b: Archaludon|Electro Shot
|-boost|p2b: Archaludon|spa|1
|-anim|p2b: Archaludon|Electro Shot|p1a: Maushold
|-damage|p1a: Maushold|0 fnt
|faint|p1a: Maushold
|move|p1b: Archaludon|Electro Shot||[still]
|-prepare|p1b: Archaludon|Electro Shot
|-boost|p1b: Archaludon|spa|1
|-anim|p1b: Archaludon|Electro Shot|p2a: Pelipper
|-supereffective|p2a: Pelipper
|-damage|p2a: Pelipper|0 fnt
|faint|p2a: Pelipper
|
|-weather|RainDance|[upkeep]
|upkeep
|
|t:|1756236513
|switch|p1a: Pelipper|Pelipper, L50, F|100/100
|switch|p2a: Basculegion|Basculegion, L50, M|100/100
|turn|3
|inactive|the bugcather has 30 seconds left.
|inactive|Direvrau has 30 seconds left.
|
|t:|1756236547
|-terastallize|p2a: Basculegion|Water
|move|p2a: Basculegion|Wave Crash|p1b: Archaludon
|-resisted|p1b: Archaludon
|-damage|p1b: Archaludon|37/100
|-ability|p1b: Archaludon|Stamina|boost
|-boost|p1b: Archaludon|def|1
|-damage|p2a: Basculegion|80/100|[from] Recoil
|move|p2b: Archaludon|Draco Meteor|p1b: Archaludon
|-damage|p1b: Archaludon|0 fnt
|-unboost|p2b: Archaludon|spa|2
|faint|p1b: Archaludon
|move|p1a: Pelipper|Tailwind|p1a: Pelipper
|-sidestart|p1: the bugcather|move: Tailwind
|
|-weather|RainDance|[upkeep]
|upkeep
|
|t:|1756236553
|switch|p1b: Basculegion|Basculegion, L50, M|100/100
|turn|4
|inactive|the bugcather has 30 seconds left.
|inactive|Direvrau has 30 seconds left.
|inactive|the bugcather has 20 seconds left.
|
|t:|1756236592
|move|p2a: Basculegion|Wave Crash|p1b: Basculegion
|-resisted|p1b: Basculegion
|-damage|p1b: Basculegion|0 fnt
|faint|p1b: Basculegion
|-damage|p2a: Basculegion|47/100|[from] Recoil
|move|p1a: Pelipper|Hurricane|p2b: Archaludon
|-resisted|p2b: Archaludon
|-damage|p2b: Archaludon|85/100
|-start|p2b: Archaludon|confusion
|-ability|p2b: Archaludon|Stamina|boost
|-boost|p2b: Archaludon|def|1
|-activate|p2b: Archaludon|confusion
|move|p2b: Archaludon|Electro Shot||[still]
|-prepare|p2b: Archaludon|Electro Shot
|-boost|p2b: Archaludon|spa|1
|-anim|p2b: Archaludon|Electro Shot|p1a: Pelipper
|-supereffective|p1a: Pelipper
|-enditem|p1a: Pelipper|Focus Sash
|-damage|p1a: Pelipper|1/100
|
|-weather|RainDance|[upkeep]
|-sideend|p2: Direvrau|move: Tailwind
|upkeep
|turn|5
|c|ŌśåDirevrau|Meu time mano
|c|Ōśåthe bugcather|O homem sabe
|c|Ōśåthe bugcather|kkkkkkkkk
|c|Ōśåthe bugcather|Ntj
|inactive|Direvrau has 30 seconds left.
|inactive|Direvrau has 20 seconds left.
|c|ŌśåDirevrau|Quem que ├®? Shshshs melhorou as spreads e n├Żo me passou :(
|inactive|Direvrau has 15 seconds left.
|inactive|Direvrau has 10 seconds left.
|c|Ōśåthe bugcather|Fala quem ├® que eu falo quem ├®
|
|t:|1756236641
|-terastallize|p1a: Pelipper|Stellar
|move|p2a: Basculegion|Wave Crash|p1a: Pelipper
|-resisted|p1a: Pelipper
|-damage|p1a: Pelipper|0 fnt
|faint|p1a: Pelipper
|-damage|p2a: Basculegion|46/100|[from] Recoil
|
|win|Direvrau
|raw|the bugcather's rating: 1216 → 1185(-31 for losing)
|raw|Direvrau's rating: 1131 → 1162(+31 for winning)
|c|ŌśåDirevrau|Igor po
|c|Ōśåthe bugcather|AHHHHH
|c|Ōśåthe bugcather|Kauez├Żo
|c|Ōśåthe bugcather|KKKKKKKKKK
|c|ŌśåDirevrau|Ahahahs brabo
|c|Ōśåthe bugcather|T├┤ testando umas maluquices aqui
|c|ŌśåDirevrau|Gostei mais das speeds dos seus, dps bora bater um papo sobre
|c|Ōśåthe bugcather|Bora sim mano
|c|ŌśåDirevrau|Ja├®
|c|Ōśåthe bugcather|Te passo as spreads
|c|ŌśåDirevrau|Valeu!
|c|Ōśåthe bugcather|Tmj!
|l|ŌśåDirevrau
|player|p2|
|l|Ōśåthe bugcather
|player|p1|
|j|ŌśåDirevrau
|player|p2|Direvrau|dancer|
