|j|☆The RU Agenda
|j|☆slaurel
|html|The RU Agendaslaurel    
|uhtml|bestof|Game 2 of a best-of-3
|t:|1784130182
|gametype|doubles
|player|p1|The RU Agenda|101|1323
|player|p2|slaurel|steven|1282
|gen|9
|tier|[Gen 9 Champions] VGC 2026 Reg M-B (Bo3)
|rated|
|rule|Species Clause: Limit one of each Pokémon
|rule|Item Clause: Limit 1 of each item
|clearpoke
|poke|p1|Gardevoir, L50, M|
|poke|p1|Basculegion, L50, M|
|poke|p1|Talonflame, L50, M|
|poke|p1|Maushold, L50|
|poke|p1|Kingambit, L50, F|
|poke|p1|Chesnaught, L50, M|
|poke|p2|Charizard, L50, F|
|poke|p2|Farigiraf, L50, M|
|poke|p2|Garchomp, L50, F|
|poke|p2|Aerodactyl, L50, M|
|poke|p2|Kingambit, L50, F|
|poke|p2|Sylveon, L50, F|
|teampreview|4
|showteam|p1|Gardevoir||Gardevoirite|Trace|HyperVoice,Psychic,Thunderbolt,Protect|Modest||M|||50|]Basculegion||ChoiceScarf|Adaptability|WaveCrash,LastRespects,FlipTurn,AquaJet|Jolly||M|||50|]Talonflame||SharpBeak|GaleWings|DualWingbeat,FlareBlitz,Tailwind,Protect|Jolly||M|||50|]Maushold||FocusSash|FriendGuard|SuperFang,Feint,FollowMe,Protect|Jolly|||||50|]Kingambit||ExpertBelt|Defiant|KowtowCleave,SuckerPunch,IronHead,LowKick|Jolly||F|||50|]Chesnaught||Leftovers|Bulletproof|SpikyShield,WideGuard,IronDefense,BodyPress|Impish||M|||50|
|showteam|p2|Charizard||CharizarditeY|Blaze|SolarBeam,HeatWave,Protect,WeatherBall|Timid||F|||50|]Farigiraf||SitrusBerry|ArmorTail|Psychic,Protect,TrickRoom,Thunderbolt|Relaxed||M|||50|]Garchomp||LifeOrb|RoughSkin|Earthquake,DragonClaw,Protect,RockSlide|Jolly||F|||50|]Aerodactyl||Aerodactylite|Unnerve|Tailwind,RockSlide,Protect,IceFang|Jolly||M|||50|]Kingambit||FocusSash|Defiant|SuckerPunch,Protect,IronHead,LowKick|Adamant||F|||50|]Sylveon||FairyFeather|Pixilate|Moonblast,Protect,HyperVoice,QuickAttack|Modest||F|||50|
|
|t:|1784130231
|teamsize|p1|4
|teamsize|p2|4
|start
|switch|p1a: Gardevoir|Gardevoir, L50, M|100/100
|switch|p1b: Chesnaught|Chesnaught, L50, M|100/100
|switch|p2a: Charizard|Charizard, L50, F|100/100
|switch|p2b: Garchomp|Garchomp, L50, F|100/100
|-ability|p1a: Gardevoir|Rough Skin|Trace|[from] ability: Trace|[of] p2b: Garchomp
|turn|1
|
|t:|1784130247
|switch|p2b: Kingambit|Kingambit, L50, F|100/100
|detailschange|p2a: Charizard|Charizard-Mega-Y, L50, F
|-mega|p2a: Charizard|Charizard|Charizardite Y
|-weather|SunnyDay|[from] ability: Drought|[of] p2a: Charizard
|detailschange|p1a: Gardevoir|Gardevoir-Mega, L50, M
|-mega|p1a: Gardevoir|Gardevoir|Gardevoirite
|move|p1b: Chesnaught|Wide Guard|p1b: Chesnaught
|-singleturn|p1b: Chesnaught|Wide Guard
|move|p2a: Charizard|Heat Wave|p1b: Chesnaught|[spread] 
|-activate|p1a: Gardevoir|move: Wide Guard
|-activate|p1b: Chesnaught|move: Wide Guard
|move|p1a: Gardevoir|Hyper Voice|p2a: Charizard|[spread] p2a,p2b
|-resisted|p2a: Charizard|1
|-damage|p2a: Charizard|73/100
|-damage|p2b: Kingambit|43/100
|
|-weather|SunnyDay|[upkeep]
|upkeep
|turn|2
|
|t:|1784130276
|move|p1a: Gardevoir|Protect|p1a: Gardevoir
|-singleturn|p1a: Gardevoir|Protect
|move|p2a: Charizard|Weather Ball|p1b: Chesnaught
|-immune|p1b: Chesnaught|[from] ability: Bulletproof
|move|p2b: Kingambit|Iron Head|p1a: Gardevoir
|-activate|p1a: Gardevoir|move: Protect
|move|p1b: Chesnaught|Body Press|p2b: Kingambit
|-supereffective|p2b: Kingambit|2
|-damage|p2b: Kingambit|0 fnt
|faint|p2b: Kingambit
|
|-weather|SunnyDay|[upkeep]
|upkeep
|-message|slaurel forfeited.
|
|win|The RU Agenda
|raw|The RU Agenda's rating: 1323 → 1341(+18 for winning)
|raw|slaurel's rating: 1282 → 1260(-22 for losing)
|l|☆slaurel
|player|p2|
