|j|☆tr2koblin
|j|☆132acb
|html|tr2koblin132acb    
|uhtml|bestof|Game 3 of a best-of-3
|t:|1757670574
|gametype|doubles
|player|p1|tr2koblin|lucas|1090
|player|p2|132acb|nate|1192
|gen|9
|tier|[Gen 9] VGC 2025 Reg H (Bo3)
|rated|
|rule|Species Clause: Limit one of each Pokémon
|rule|Item Clause: Limit 1 of each item
|clearpoke
|poke|p1|Drifblim, L50, F|
|poke|p1|Indeedee, L50, M|
|poke|p1|Decidueye-Hisui, L50, M|
|poke|p1|Gardevoir, L50, F|
|poke|p1|Garchomp, L50, M|
|poke|p1|Corviknight, L50, M|
|poke|p2|Indeedee, L50, M|
|poke|p2|Magmar, L50, F|
|poke|p2|Corviknight, L50, M|
|poke|p2|Sneasler, L50, F|
|poke|p2|Tyranitar, L50, F|
|poke|p2|Excadrill, L50, M|
|teampreview|4
|showteam|p1|Drifblim||PsychicSeed|Unburden|Acrobatics,Tailwind,WillOWisp,DestinyBond|||F|||50|,,,,,Grass]Indeedee||FocusSash|PsychicSurge|ExpandingForce,TeraBlast,Imprison,TrickRoom|||M|||50|,,,,,Ground]Decidueye-Hisui||ScopeLens|Scrappy|Protect,LeafBlade,TripleArrows,Haze|||M|||50|,,,,,Fire]Gardevoir||ChoiceScarf|Telepathy|ExpandingForce,DazzlingGleam,Moonblast,Trick|||F|||50|,,,,,Psychic]Garchomp||LifeOrb|RoughSkin|Protect,Earthquake,StompingTantrum,DragonClaw|||M|||50|,,,,,Ground]Corviknight||LumBerry|MirrorArmor|BraveBird,BodyPress,BulkUp,Roost|||M|||50|,,,,,Dragon
|showteam|p2|Indeedee||ChoiceScarf|PsychicSurge|ExpandingForce,TeraBlast,Trick,Protect|||M|||50|,,,,,Psychic]Magmar||Eviolite|VitalSpirit|HeatWave,FollowMe,HelpingHand,Protect|||F|||50|,,,,,Flying]Corviknight||PsychicSeed|MirrorArmor|BraveBird,PowerTrip,BulkUp,Roost|||M|||50|,,,,,Water]Sneasler||WhiteHerb|Unburden|CloseCombat,DireClaw,FakeOut,Coaching|||F|||50|,,,,,Flying]Tyranitar||AssaultVest|SandStream|RockSlide,KnockOff,LowKick,TeraBlast|||F|||50|,,,,,Flying]Excadrill||FocusSash|SandRush|Earthquake,IronHead,SwordsDance,Protect|||M|||50|,,,,,Ground
|
|t:|1757670594
|teamsize|p1|4
|teamsize|p2|4
|start
|switch|p1a: Stitch|Drifblim, L50, F, shiny|100/100
|switch|p1b: Alfred|Indeedee, L50, M, shiny|100/100
|switch|p2a: Tyranitar|Tyranitar, L50, F|100/100
|switch|p2b: Excadrill|Excadrill, L50, M|100/100
|-fieldstart|move: Psychic Terrain|[from] ability: Psychic Surge|[of] p1b: Alfred
|-enditem|p1a: Stitch|Psychic Seed
|-boost|p1a: Stitch|spd|1|[from] item: Psychic Seed
|-weather|Sandstorm|[from] ability: Sand Stream|[of] p2a: Tyranitar
|turn|1
|
|t:|1757670632
|-terastallize|p1b: Alfred|Ground
|move|p2b: Excadrill|Iron Head|p1a: Stitch
|-damage|p1a: Stitch|45/100
|cant|p1a: Stitch|flinch
|move|p1b: Alfred|Tera Blast|p2b: Excadrill|[anim] Tera Blast Ground
|-supereffective|p2b: Excadrill
|-enditem|p2b: Excadrill|Focus Sash
|-damage|p2b: Excadrill|1/100
|move|p2a: Tyranitar|Rock Slide|p1b: Alfred|[spread] p1a,p1b
|-supereffective|p1a: Stitch
|-resisted|p1b: Alfred
|-crit|p1b: Alfred
|-damage|p1a: Stitch|0 fnt
|-damage|p1b: Alfred|52/100
|faint|p1a: Stitch
|
|-weather|Sandstorm|[upkeep]
|upkeep
|
|t:|1757670650
|switch|p1a: Urshi-Hoot|Decidueye-Hisui, L50, M, shiny|100/100
|turn|2
|
|t:|1757670675
|-terastallize|p2a: Tyranitar|Flying
|move|p1a: Urshi-Hoot|Protect|p1a: Urshi-Hoot
|-singleturn|p1a: Urshi-Hoot|Protect
|move|p2b: Excadrill|Iron Head|p1b: Alfred
|-damage|p1b: Alfred|0 fnt
|faint|p1b: Alfred
|move|p2a: Tyranitar|Tera Blast|p1a: Urshi-Hoot|[anim] Tera Blast Flying
|-activate|p1a: Urshi-Hoot|move: Protect
|
|-weather|Sandstorm|[upkeep]
|-damage|p1a: Urshi-Hoot|94/100|[from] Sandstorm
|-damage|p2a: Tyranitar|95/100|[from] Sandstorm
|upkeep
|
|t:|1757670686
|switch|p1b: Corviknight|Corviknight, L50, M, shiny|100/100
|turn|3
|-message|tr2koblin forfeited.
|
|win|132acb
|raw|tr2koblin's rating: 1090 → 1073(-17 for losing)
|raw|132acb's rating: 1192 → 1210(+18 for winning)
|l|☆132acb
|player|p2|
|l|☆tr2koblin
|player|p1|
