|j|☆Sores
|j|☆MausoldMyBeer
|html|SoresMausoldMyBeer    
|uhtml|bestof|Game 1 of a best-of-3
|t:|1757830575
|gametype|doubles
|player|p1|Sores|veteran|1304
|player|p2|MausoldMyBeer|102|1372
|gen|9
|tier|[Gen 9] VGC 2025 Reg H (Bo3)
|rated|
|rule|Species Clause: Limit one of each Pokémon
|rule|Item Clause: Limit 1 of each item
|clearpoke
|poke|p1|Milotic, L50, M|
|poke|p1|Pelipper, L50, M|
|poke|p1|Archaludon, L50, F|
|poke|p1|Rillaboom, L50, M|
|poke|p1|Maushold-Four, L50|
|poke|p1|Annihilape, L50, M|
|poke|p2|Sneasler, L50, F|
|poke|p2|Indeedee, L50, M|
|poke|p2|Volcarona, L50, F|
|poke|p2|Ursaluna-Bloodmoon, L50, M|
|poke|p2|Annihilape, L50, F|
|poke|p2|Tyranitar, L50, M|
|teampreview|4
|showteam|p1|Milotic||MysticWater|Competitive|Scald,MuddyWater,Protect,IceBeam|||M|||50|,,,,,Water]Pelipper||FocusSash|Drizzle|Hurricane,Tailwind,HelpingHand,Protect|||M|||50|,,,,,Ghost]Archaludon||AssaultVest|Stamina|ElectroShot,BodyPress,FlashCannon,DragonPulse|||F|||50|,,,,,Bug]Rillaboom||LoadedDice|GrassySurge|FakeOut,BulletSeed,GrassyGlide,HighHorsepower|||M|||50|,,,,,Fire]Maushold-Four||SafetyGoggles|FriendGuard|FollowMe,BeatUp,Taunt,Protect||||||50|,,,,,Ghost]Annihilape||Leftovers|Defiant|RageFist,DrainPunch,BulkUp,Protect|||M|||50|,,,,,Water
|showteam|p2|Sneasler||PsychicSeed|Unburden|CloseCombat,DireClaw,ThroatChop,Protect|||F|||50|,,,,,Dark]Indeedee||ChoiceScarf|PsychicSurge|ExpandingForce,TeraBlast,Trick,HyperVoice|||M|||50|,,,,,Psychic]Volcarona||SitrusBerry|FlameBody|Overheat,StruggleBug,RagePowder,Tailwind|||F|||50|,,,,,Grass]Ursaluna-Bloodmoon||LifeOrb|MindsEye|BloodMoon,HyperVoice,EarthPower,Protect|||M|||50|,,,,,Normal]Annihilape||SafetyGoggles|Defiant|CloseCombat,RageFist,Taunt,FinalGambit|||F|||50|,,,,,Fairy]Tyranitar||AssaultVest|SandStream|RockSlide,KnockOff,TeraBlast,LowKick|||M|||50|,,,,,Flying
|
|t:|1757830611
|teamsize|p1|4
|teamsize|p2|4
|start
|switch|p1a: Archaludon|Archaludon, L50, F|100/100
|switch|p1b: Milotic|Milotic, L50, M|100/100
|switch|p2a: Indeedee|Indeedee, L50, M, shiny|100/100
|switch|p2b: Annihilape|Annihilape, L50, F, shiny|100/100
|-fieldstart|move: Psychic Terrain|[from] ability: Psychic Surge|[of] p2a: Indeedee
|turn|1
|
|t:|1757830671
|switch|p1a: Rillaboom|Rillaboom, L50, M|100/100
|-fieldstart|move: Grassy Terrain|[from] ability: Grassy Surge|[of] p1a: Rillaboom
|-terastallize|p2a: Indeedee|Psychic
|-terastallize|p1b: Milotic|Water
|move|p2a: Indeedee|Expanding Force|p1b: Milotic
|-damage|p1b: Milotic|56/100
|move|p2b: Annihilape|Close Combat|p1a: Rillaboom
|-damage|p1a: Rillaboom|52/100
|-unboost|p2b: Annihilape|def|1
|-unboost|p2b: Annihilape|spd|1
|move|p1b: Milotic|Scald|p2a: Indeedee
|-damage|p2a: Indeedee|21/100
|
|-heal|p2a: Indeedee|27/100|[from] Grassy Terrain
|-heal|p1a: Rillaboom|58/100|[from] Grassy Terrain
|-heal|p1b: Milotic|61/100|[from] Grassy Terrain
|upkeep
|turn|2
|
|t:|1757830701
|switch|p2a: Tyranitar|Tyranitar, L50, M, shiny|100/100
|-weather|Sandstorm|[from] ability: Sand Stream|[of] p2a: Tyranitar
|switch|p2b: Volcarona|Volcarona, L50, F, shiny|100/100
|move|p1a: Rillaboom|Bullet Seed|p2a: Tyranitar
|-supereffective|p2a: Tyranitar
|-damage|p2a: Tyranitar|72/100
|-supereffective|p2a: Tyranitar
|-crit|p2a: Tyranitar
|-damage|p2a: Tyranitar|30/100
|-supereffective|p2a: Tyranitar
|-damage|p2a: Tyranitar|0 fnt
|faint|p2a: Tyranitar
|-hitcount|p2: Tyranitar|3
|move|p1b: Milotic|Scald|p2b: Volcarona
|-supereffective|p2b: Volcarona
|-damage|p2b: Volcarona|0 fnt
|faint|p2b: Volcarona
|
|-weather|Sandstorm|[upkeep]
|-damage|p1a: Rillaboom|52/100|[from] Sandstorm
|-damage|p1b: Milotic|56/100|[from] Sandstorm
|-heal|p1a: Rillaboom|58/100|[from] Grassy Terrain
|-heal|p1b: Milotic|61/100|[from] Grassy Terrain
|upkeep
|
|t:|1757830712
|switch|p2b: Annihilape|Annihilape, L50, F, shiny|100/100
|switch|p2a: Indeedee|Indeedee, L50, M, shiny, tera:Psychic|27/100
|-fieldstart|move: Psychic Terrain|[from] ability: Psychic Surge|[of] p2a: Indeedee
|turn|3
|
|t:|1757830723
|switch|p1a: Pelipper|Pelipper, L50, M|100/100
|-weather|RainDance|[from] ability: Drizzle|[of] p1a: Pelipper
|move|p1b: Milotic|Protect|p1b: Milotic
|-singleturn|p1b: Milotic|Protect
|move|p2a: Indeedee|Expanding Force|p1b: Milotic|[spread] p1a
|-activate|p1b: Milotic|move: Protect
|-enditem|p1a: Pelipper|Focus Sash
|-damage|p1a: Pelipper|1/100
|move|p2b: Annihilape|Close Combat|p1a: Pelipper
|-resisted|p1a: Pelipper
|-damage|p1a: Pelipper|0 fnt
|-unboost|p2b: Annihilape|def|1
|-unboost|p2b: Annihilape|spd|1
|faint|p1a: Pelipper
|
|-weather|RainDance|[upkeep]
|upkeep
|
|t:|1757830735
|switch|p1a: Rillaboom|Rillaboom, L50, M|58/100
|-fieldstart|move: Grassy Terrain|[from] ability: Grassy Surge|[of] p1a: Rillaboom
|turn|4
|
|t:|1757830741
|move|p1a: Rillaboom|Fake Out|p2a: Indeedee
|-damage|p2a: Indeedee|0 fnt
|faint|p2a: Indeedee
|move|p2b: Annihilape|Close Combat|p1a: Rillaboom
|-damage|p1a: Rillaboom|8/100
|-unboost|p2b: Annihilape|def|1
|-unboost|p2b: Annihilape|spd|1
|move|p1b: Milotic|Muddy Water|p2b: Annihilape
|-damage|p2b: Annihilape|0 fnt
|faint|p2b: Annihilape
|
|win|Sores
||MausoldMyBeer is ready for game 2.
|inactive|Sores has 30 seconds to confirm battle start!
||Sores is ready for game 2.
|uhtml|next|Next: Game 2 of 3
|l|☆Sores
|player|p1|
