|j|☆ToastedArt
|j|☆gautherxd
|html|ToastedArtgautherxd    
|uhtml|bestof|Game 2 of a best-of-3
|t:|1784466390
|gametype|doubles
|player|p1|ToastedArt|iris|1000
|player|p2|gautherxd|caitlin|1000
|gen|9
|tier|[Gen 9 Champions] VGC 2026 Reg M-B (Bo3)
|rated|
|rule|Species Clause: Limit one of each Pokémon
|rule|Item Clause: Limit 1 of each item
|clearpoke
|poke|p1|Falinks, L50, shiny|
|poke|p1|Incineroar, L50, M|
|poke|p1|Vanilluxe, L50, F, shiny|
|poke|p1|Basculegion, L50, M, shiny|
|poke|p1|Sneasler, L50, M|
|poke|p1|Dragonite, L50, F, shiny|
|poke|p2|Floette-Eternal, L50, F|
|poke|p2|Charizard, L50, M, shiny|
|poke|p2|Kingambit, L50, M|
|poke|p2|Whimsicott, L50, M, shiny|
|poke|p2|Basculegion, L50, M, shiny|
|poke|p2|Garchomp, L50, F|
|teampreview|4
|showteam|p1|Falinks||Falinksite|Defiant|NoRetreat,CloseCombat,Substitute,Protect|Adamant|||||50|]Incineroar||Charcoal|Intimidate|FlareBlitz,ThroatChop,FakeOut,PartingShot|Adamant||M|||50|]Vanilluxe||ChoiceScarf|SnowWarning|Blizzard,FreezeDry,IcyWind,SheerCold|Modest||F|||50|]Basculegion||SitrusBerry|Adaptability|WaveCrash,LastRespects,AquaJet,Protect|Adamant||M|||50|]Sneasler||FocusSash|PoisonTouch|PoisonJab,CloseCombat,FakeOut,Coaching|Jolly||M|||50|]Dragonite||DragonFang|Multiscale|DragonClaw,ExtremeSpeed,LowKick,Tailwind|Adamant||F|||50|
|showteam|p2|Floette-Eternal||Floettite|FlowerVeil|Protect,LightofRuin,Moonblast,DazzlingGleam|Timid||F|||50|]Charizard||CharizarditeY|Blaze|SolarBeam,HeatWave,WeatherBall,Protect|Modest||M|||50|]Kingambit||BlackGlasses|Defiant|IronHead,Protect,KowtowCleave,SuckerPunch|Adamant||M|||50|]Whimsicott||FocusSash|Prankster|Moonblast,Tailwind,Encore,Protect|Timid||M|||50|]Basculegion||MysticWater|Adaptability|WaveCrash,Protect,LastRespects,AquaJet|Adamant||M|||50|]Garchomp||LifeOrb|RoughSkin|Earthquake,RockSlide,Protect,DragonClaw|Jolly||F|||50|
|inactive|Battle timer is ON: inactive players will automatically lose when time's up. (requested by ToastedArt)
|inactive|gautherxd also wants the timer to be on.
|
|t:|1784466417
|teamsize|p1|4
|teamsize|p2|4
|start
|switch|p1a: Sneasler|Sneasler, L50, M|100/100
|switch|p1b: Basculegion|Basculegion, L50, M, shiny|100/100
|switch|p2a: Charizard|Charizard, L50, M, shiny|100/100
|switch|p2b: Kingambit|Kingambit, L50, M|100/100
|turn|1
|
|t:|1784466442
|switch|p1b: Falinks|Falinks, L50, shiny|100/100
|move|p1a: Sneasler|Fake Out|p2a: Charizard
|-damage|p2a: Charizard|83/100
|move|p2b: Kingambit|Sucker Punch||[still]
|-fail|p2b: Kingambit
|cant|p2a: Charizard|flinch
|
|upkeep
|turn|2
|
|t:|1784466463
|detailschange|p2a: Charizard|Charizard-Mega-Y, L50, M, shiny
|-mega|p2a: Charizard|Charizard|Charizardite Y
|-weather|SunnyDay|[from] ability: Drought|[of] p2a: Charizard
|detailschange|p1b: Falinks|Falinks-Mega, L50, shiny
|-mega|p1b: Falinks|Falinks|Falinksite
|move|p2b: Kingambit|Sucker Punch||[still]
|-fail|p2b: Kingambit
|move|p1a: Sneasler|Coaching|p1b: Falinks
|-boost|p1b: Falinks|atk|1
|-boost|p1b: Falinks|def|1
|move|p2a: Charizard|Heat Wave|p1a: Sneasler|[spread] p1a,p1b
|-damage|p1a: Sneasler|4/100
|-damage|p1b: Falinks|0 fnt
|faint|p1b: Falinks
|
|-weather|SunnyDay|[upkeep]
|upkeep
|-message|ToastedArt forfeited.
|
|win|gautherxd
|raw|ToastedArt's rating: 1000 → 1000(+0 for losing)
|raw|gautherxd's rating: 1000 → 1040(+40 for winning)
