|j|☆jao9222
|j|☆dragonite fraude
|html|jao9222dragonite fraude    
|uhtml|bestof|Game 2 of a best-of-3
|t:|1757842640
|gametype|doubles
|player|p1|jao9222|170|1058
|player|p2|dragonite fraude|265|1000
|gen|9
|tier|[Gen 9] VGC 2025 Reg H (Bo3)
|rated|
|rule|Species Clause: Limit one of each Pokémon
|rule|Item Clause: Limit 1 of each item
|clearpoke
|poke|p1|Gothitelle, L50, M|
|poke|p1|Politoed, L50, F|
|poke|p1|Primarina, L50, M|
|poke|p1|Archaludon, L50, M|
|poke|p1|Incineroar, L50, F|
|poke|p1|Amoonguss, L50, F|
|poke|p2|Maushold-Four, L50|
|poke|p2|Gholdengo, L50|
|poke|p2|Dragonite, L50, M|
|poke|p2|Annihilape, L50, M|
|poke|p2|Rillaboom, L50, M|
|poke|p2|Ursaluna-Bloodmoon, L50, M|
|teampreview|4
|showteam|p1|Gothitelle||Leftovers|ShadowTag|FakeOut,Protect,TrickRoom,Psychic|||M|||50|,,,,,Steel]Politoed||SitrusBerry|Drizzle|PerishSong,IcyWind,WeatherBall,Protect|||F|||50|,,,,,Fire]Primarina||ThroatSpray|LiquidVoice|PerishSong,Protect,HyperVoice,Moonblast|||M|||50|,,,,,Grass]Archaludon||PowerHerb|Stamina|Protect,ElectroShot,IronDefense,BodyPress|||M|||50|,,,,,Electric]Incineroar||SafetyGoggles|Intimidate|FakeOut,PartingShot,KnockOff,Protect|||F|||50|,,,,,Bug]Amoonguss||EjectButton|Regenerator|Spore,Protect,RagePowder,PollenPuff|||F|||50|,,,,,Water
|showteam|p2|Maushold-Four||FocusSash|FriendGuard|SuperFang,BeatUp,FollowMe,Protect||||||50|,,,,,Ghost]Gholdengo||LifeOrb|GoodasGold|MakeItRain,ShadowBall,NastyPlot,Protect||||||50|,,,,,Water]Dragonite||LoadedDice|Multiscale|ScaleShot,Tailwind,Haze,Protect|||M|||50|,,,,,Fairy]Annihilape||SitrusBerry|Defiant|DrainPunch,RageFist,BulkUp,Protect|||M|||50|,,,,,Fire]Rillaboom||MiracleSeed|GrassySurge|WoodHammer,GrassyGlide,HighHorsepower,FakeOut|||M|||50|,,,,,Fire]Ursaluna-Bloodmoon||AssaultVest|MindsEye|BloodMoon,EarthPower,HyperVoice,VacuumWave|||M|||50|,,,,,Water
|inactive|Battle timer is ON: inactive players will automatically lose when time's up. (requested by dragonite fraude)
|
|t:|1757842676
|teamsize|p1|4
|teamsize|p2|4
|start
|switch|p1a: Amoonguss|Amoonguss, L50, F|100/100
|switch|p1b: Primarina|Primarina, L50, M|100/100
|switch|p2a: Gholdengo|Gholdengo, L50|100/100
|switch|p2b: Rillaboom|Rillaboom, L50, M|100/100
|-fieldstart|move: Grassy Terrain|[from] ability: Grassy Surge|[of] p2b: Rillaboom
|turn|1
|
|t:|1757842700
|-terastallize|p1b: Primarina|Grass
|move|p2b: Rillaboom|Fake Out|p1b: Primarina
|-damage|p1b: Primarina|85/100
|move|p2a: Gholdengo|Nasty Plot|p2a: Gholdengo
|-boost|p2a: Gholdengo|spa|2
|cant|p1b: Primarina|flinch
|move|p1a: Amoonguss|Pollen Puff|p1b: Primarina
|-heal|p1b: Primarina|100/100
|
|upkeep
|turn|2
|
|t:|1757842721
|move|p2a: Gholdengo|Make It Rain|p1a: Amoonguss|[spread] p1a,p1b
|-damage|p1a: Amoonguss|12/100
|-damage|p1b: Primarina|8/100
|-unboost|p2a: Gholdengo|spa|1
|-enditem|p1a: Amoonguss|Eject Button
|-damage|p2a: Gholdengo|91/100|[from] item: Life Orb
|
|t:|1757842727
|switch|p1a: Politoed|Politoed, L50, F|100/100
|-weather|RainDance|[from] ability: Drizzle|[of] p1a: Politoed
|move|p2b: Rillaboom|Wood Hammer|p1b: Primarina
|-resisted|p1b: Primarina
|-crit|p1b: Primarina
|-damage|p1b: Primarina|0 fnt
|faint|p1b: Primarina
|-damage|p2b: Rillaboom|98/100|[from] Recoil
|
|-weather|RainDance|[upkeep]
|-heal|p2a: Gholdengo|97/100|[from] Grassy Terrain
|-heal|p2b: Rillaboom|100/100|[from] Grassy Terrain
|upkeep
|
|t:|1757842734
|switch|p1b: Archaludon|Archaludon, L50, M|100/100
|turn|3
|
|t:|1757842749
|move|p2a: Gholdengo|Shadow Ball|p1b: Archaludon
|-damage|p1b: Archaludon|19/100
|-ability|p1b: Archaludon|Stamina|boost
|-boost|p1b: Archaludon|def|1
|-damage|p2a: Gholdengo|88/100|[from] item: Life Orb
|move|p2b: Rillaboom|High Horsepower|p1b: Archaludon
|-supereffective|p1b: Archaludon
|-damage|p1b: Archaludon|0 fnt
|faint|p1b: Archaludon
|move|p1a: Politoed|Weather Ball|p2a: Gholdengo
|-damage|p2a: Gholdengo|28/100
|
|-weather|RainDance|[upkeep]
|-heal|p2a: Gholdengo|34/100|[from] Grassy Terrain
|upkeep
|
|t:|1757842759
|switch|p1b: Amoonguss|Amoonguss, L50, F|45/100
|turn|4
|-message|jao9222 forfeited.
|
|win|dragonite fraude
|raw|jao9222's rating: 1058 → 1036(-22 for losing)
|raw|dragonite fraude's rating: 1000 → 1047(+47 for winning)
|l|☆jao9222
|player|p1|
|n|☆dragonite fraude|dragonitefraude
