|j|☆Bergmann VGC
|j|☆AemBigChilling
|html|Bergmann VGCAemBigChilling    
|uhtml|bestof|Game 2 of a best-of-3
|t:|1756124238
|gametype|doubles
|player|p1|Bergmann VGC|pokemonranger-gen4|1256
|player|p2|AemBigChilling|lass-gen4|1194
|gen|9
|tier|[Gen 9] VGC 2025 Reg H (Bo3)
|rated|
|rule|Species Clause: Limit one of each Pokémon
|rule|Item Clause: Limit 1 of each item
|clearpoke
|poke|p1|Charizard, L50, F|
|poke|p1|Torkoal, L50, F|
|poke|p1|Porygon2, L50|
|poke|p1|Incineroar, L50, F|
|poke|p1|Jumpluff, L50, F|
|poke|p1|Ursaluna, L50, F|
|poke|p2|Charizard, L50, F|
|poke|p2|Torkoal, L50, M|
|poke|p2|Porygon2, L50|
|poke|p2|Incineroar, L50, F|
|poke|p2|Jumpluff, L50, F|
|poke|p2|Ursaluna, L50, F|
|teampreview|4
|showteam|p1|Charizard||ChoiceSpecs|SolarPower|HeatWave,Overheat,WeatherBall,AirSlash|||F|||50|,,,,,Ghost]Torkoal||EjectPack|Drought|Eruption,Overheat,HelpingHand,Protect|||F|||50|,,,,,Fire]Porygon2||Eviolite|Download|TeraBlast,IceBeam,Recover,TrickRoom||||||50|,,,,,Fighting]Incineroar||SafetyGoggles|Intimidate|FlareBlitz,KnockOff,FakeOut,PartingShot|||F|||50|,,,,,Ghost]Jumpluff||CovertCloak|Chlorophyll|SleepPowder,SunnyDay,RagePowder,Tailwind|||F|||50|,,,,,Water]Ursaluna||FlameOrb|Guts|HeadlongRush,Facade,Earthquake,Protect|||F|||50|,,,,,Ghost
|showteam|p2|Charizard||ChoiceSpecs|SolarPower|HeatWave,Overheat,WeatherBall,AirSlash|||F|||50|,,,,,Ghost]Torkoal||EjectPack|Drought|Eruption,Overheat,HelpingHand,Protect|||M|||50|,,,,,Fire]Porygon2||Eviolite|Download|IceBeam,TeraBlast,TrickRoom,Recover||||||50|,,,,,Fighting]Incineroar||SafetyGoggles|Intimidate|FlareBlitz,KnockOff,FakeOut,PartingShot|||F|||50|,,,,,Ghost]Jumpluff||CovertCloak|Chlorophyll|SleepPowder,SunnyDay,RagePowder,Tailwind|||F|||50|,,,,,Water]Ursaluna||FlameOrb|Guts|HeadlongRush,Facade,Earthquake,Protect|||F|||50|,,,,,Ghost
|inactive|Battle timer is ON: inactive players will automatically lose when time's up. (requested by Bergmann VGC)
|
|t:|1756124284
|teamsize|p1|4
|teamsize|p2|4
|start
|switch|p1a: Musashi|Incineroar, L50, F|100/100
|switch|p1b: Shōnagon|Jumpluff, L50, F|100/100
|switch|p2a: Torkoal|Torkoal, L50, M|100/100
|switch|p2b: Porygon2|Porygon2, L50|100/100
|-ability|p1a: Musashi|Intimidate|boost
|-unboost|p2a: Torkoal|atk|1
|-unboost|p2b: Porygon2|atk|1
|-ability|p2b: Porygon2|Download|boost
|-boost|p2b: Porygon2|atk|1
|-weather|SunnyDay|[from] ability: Drought|[of] p2a: Torkoal
|-enditem|p2a: Torkoal|Eject Pack
|
|t:|1756124302
|switch|p2a: Ursaluna|Ursaluna, L50, F|100/100
|turn|1
|inactive|AemBigChilling has 30 seconds left.
|inactive|AemBigChilling has 20 seconds left.
|inactive|AemBigChilling has 15 seconds left.
|inactive|AemBigChilling has 10 seconds left.
|inactive|AemBigChilling has 5 seconds left.
|
|t:|1756124355
|-terastallize|p2a: Ursaluna|Ghost
|move|p1b: Shōnagon|Sleep Powder|p2b: Porygon2
|-status|p2b: Porygon2|slp|[from] move: Sleep Powder
|move|p1a: Musashi|Knock Off|p2a: Ursaluna
|-supereffective|p2a: Ursaluna
|-damage|p2a: Ursaluna|31/100
|-enditem|p2a: Ursaluna|Flame Orb|[from] move: Knock Off|[of] p1a: Musashi
|move|p2a: Ursaluna|Headlong Rush|p1a: Musashi
|-supereffective|p1a: Musashi
|-damage|p1a: Musashi|0 fnt
|-unboost|p2a: Ursaluna|def|1
|-unboost|p2a: Ursaluna|spd|1
|faint|p1a: Musashi
|cant|p2b: Porygon2|slp
|
|-weather|SunnyDay|[upkeep]
|upkeep
|
|t:|1756124373
|switch|p1a: Ayanami|Porygon2, L50, shiny|100/100
|-ability|p1a: Ayanami|Download|boost
|-boost|p1a: Ayanami|spa|1
|turn|2
|-message|AemBigChilling forfeited.
|
|win|Bergmann VGC
|raw|Bergmann VGC's rating: 1256 → 1277(+21 for winning)
|raw|AemBigChilling's rating: 1194 → 1173(-21 for losing)
|l|☆AemBigChilling
|player|p2|
