|j|☆IndianCrackCoffee
|j|☆HADES055
|html|IndianCrackCoffeeHADES055    
|uhtml|bestof|Game 2 of a best-of-3
|t:|1756774405
|gametype|doubles
|player|p1|IndianCrackCoffee|brendan-masters|1136
|player|p2|HADES055|pokemaniac|1062
|gen|9
|tier|[Gen 9] VGC 2025 Reg H (Bo3)
|rated|
|rule|Species Clause: Limit one of each Pokémon
|rule|Item Clause: Limit 1 of each item
|clearpoke
|poke|p1|Dragonite, L50, F|
|poke|p1|Ursaluna-Bloodmoon, L50, M|
|poke|p1|Archaludon, L50, F|
|poke|p1|Whimsicott, L50, M|
|poke|p1|Gholdengo, L50|
|poke|p1|Incineroar, L50, F|
|poke|p2|Pelipper, L50, F|
|poke|p2|Archaludon, L50, M|
|poke|p2|Incineroar, L50, F|
|poke|p2|Amoonguss, L50, M|
|poke|p2|Dragonite, L50, M|
|poke|p2|Rillaboom, L50, F|
|teampreview|4
|showteam|p1|Dragonite||LoadedDice|Multiscale|ScaleShot,ExtremeSpeed,IceSpinner,Protect|||F|||50|,,,,,Fairy]Ursaluna-Bloodmoon||AssaultVest|MindsEye|BloodMoon,HyperVoice,EarthPower,VacuumWave|||M|||50|,,,,,Water]Archaludon||PowerHerb|Sturdy|ElectroShot,FlashCannon,DracoMeteor,Protect|||F|||50|,,,,,Stellar]Whimsicott||CovertCloak|Prankster|FakeTears,Tailwind,Encore,Moonblast|||M|||50|,,,,,Poison]Gholdengo||ChoiceSpecs|GoodasGold|MakeItRain,ShadowBall,PowerGem,SteelBeam||||||50|,,,,,Steel]Incineroar||MirrorHerb|Intimidate|FakeOut,PartingShot,KnockOff,FlareBlitz|||F|||50|,,,,,Ghost
|showteam|p2|Pelipper||FocusSash|Drizzle|Hurricane,WeatherBall,Tailwind,WideGuard|||F|||50|,,,,,Ghost]Archaludon||AssaultVest|Stamina|ElectroShot,DracoMeteor,FlashCannon,BodyPress|||M|||50|,,,,,Dragon]Incineroar||SafetyGoggles|Intimidate|FakeOut,KnockOff,FlareBlitz,PartingShot|||F|||50|,,,,,Water]Amoonguss||RockyHelmet|Regenerator|RagePowder,Spore,PollenPuff,Protect|||M|||50|,,,,,Water]Dragonite||LoadedDice|Multiscale|ScaleShot,ExtremeSpeed,FirePunch,Tailwind|||M|||50|,,,,,Normal]Rillaboom||MeadowPlate|GrassySurge|FakeOut,GrassyGlide,WoodHammer,Uturn|||F|||50|,,,,,Grass
|inactive|Battle timer is ON: inactive players will automatically lose when time's up. (requested by HADES055)
|inactive|HADES055 has 60 seconds left.
|
|t:|1756774454
|teamsize|p1|4
|teamsize|p2|4
|start
|switch|p1a: Whimsicott|Whimsicott, L50, M|100/100
|switch|p1b: Gholdengo|Gholdengo, L50|100/100
|switch|p2a: Incineroar|Incineroar, L50, F|100/100
|switch|p2b: Dragonite|Dragonite, L50, M|100/100
|-ability|p2a: Incineroar|Intimidate|boost
|-unboost|p1a: Whimsicott|atk|1
|-unboost|p1b: Gholdengo|atk|1
|turn|1
|inactive|IndianCrackCoffee has 30 seconds left.
|inactive|HADES055 has 30 seconds left.
|inactive|IndianCrackCoffee has 20 seconds left.
|inactive|IndianCrackCoffee has 15 seconds left.
|inactive|IndianCrackCoffee has 10 seconds left.
|inactive|HADES055 has 20 seconds left.
|inactive|IndianCrackCoffee has 5 seconds left.
|inactive|HADES055 has 15 seconds left.
|
|t:|1756774505
|move|p1a: Whimsicott|Tailwind|p1a: Whimsicott
|-sidestart|p1: IndianCrackCoffee|move: Tailwind
|move|p1b: Gholdengo|Power Gem|p2a: Incineroar
|-supereffective|p2a: Incineroar
|-damage|p2a: Incineroar|38/100
|move|p2b: Dragonite|Fire Punch|p1a: Whimsicott
|-supereffective|p1a: Whimsicott
|-damage|p1a: Whimsicott|24/100
|move|p2a: Incineroar|Flare Blitz|p1a: Whimsicott
|-supereffective|p1a: Whimsicott
|-damage|p1a: Whimsicott|0 fnt
|faint|p1a: Whimsicott
|-damage|p2a: Incineroar|32/100|[from] Recoil
|
|upkeep
|
|t:|1756774519
|switch|p1a: Archaludon|Archaludon, L50, F|100/100
|turn|2
|inactive|IndianCrackCoffee has 30 seconds left.
|inactive|IndianCrackCoffee has 20 seconds left.
|
|t:|1756774557
|switch|p2a: Archaludon|Archaludon, L50, M|100/100
|move|p1a: Archaludon|Electro Shot||[still]
|-prepare|p1a: Archaludon|Electro Shot
|-boost|p1a: Archaludon|spa|1
|-enditem|p1a: Archaludon|Power Herb
|-anim|p1a: Archaludon|Electro Shot|p2b: Dragonite
|-damage|p2b: Dragonite|69/100
|move|p1b: Gholdengo|Power Gem|p2a: Archaludon
|-resisted|p2a: Archaludon
|-damage|p2a: Archaludon|81/100
|-ability|p2a: Archaludon|Stamina|boost
|-boost|p2a: Archaludon|def|1
|move|p2b: Dragonite|Tailwind|p2b: Dragonite
|-sidestart|p2: HADES055|move: Tailwind
|
|upkeep
|turn|3
|inactive|IndianCrackCoffee has 30 seconds left.
|inactive|HADES055 has 30 seconds left.
|inactive|HADES055 has 20 seconds left.
|
|t:|1756774597
|-terastallize|p1a: Archaludon|Stellar
|move|p1a: Archaludon|Draco Meteor|p2a: Archaludon
|-damage|p2a: Archaludon|0 fnt
|-unboost|p1a: Archaludon|spa|2
|faint|p2a: Archaludon
|move|p1b: Gholdengo|Power Gem|p2b: Dragonite
|-supereffective|p2b: Dragonite
|-damage|p2b: Dragonite|0 fnt
|faint|p2b: Dragonite
|
|upkeep
|
|t:|1756774610
|switch|p2b: Incineroar|Incineroar, L50, F|32/100
|switch|p2a: Pelipper|Pelipper, L50, F|100/100
|-weather|RainDance|[from] ability: Drizzle|[of] p2a: Pelipper
|-ability|p2b: Incineroar|Intimidate|boost
|-unboost|p1a: Archaludon|atk|1
|-unboost|p1b: Gholdengo|atk|1
|turn|4
|
|t:|1756774620
|move|p1a: Archaludon|Electro Shot||[still]
|-prepare|p1a: Archaludon|Electro Shot
|-boost|p1a: Archaludon|spa|1
|-anim|p1a: Archaludon|Electro Shot|p2a: Pelipper
|-supereffective|p2a: Pelipper
|-enditem|p2a: Pelipper|Focus Sash
|-damage|p2a: Pelipper|1/100
|move|p1b: Gholdengo|Power Gem|p2b: Incineroar
|-supereffective|p2b: Incineroar
|-damage|p2b: Incineroar|0 fnt
|faint|p2b: Incineroar
|move|p2a: Pelipper|Weather Ball|p1b: Gholdengo
|-damage|p1b: Gholdengo|29/100
|
|-weather|RainDance|[upkeep]
|-sideend|p1: IndianCrackCoffee|move: Tailwind
|upkeep
|turn|5
|-message|HADES055 forfeited.
|
|win|IndianCrackCoffee
|raw|IndianCrackCoffee's rating: 1136 → 1156(+20 for winning)
|raw|HADES055's rating: 1062 → 1047(-15 for losing)
|l|☆HADES055
|player|p2|
