|j|☆Someoneofficial
|j|☆brodiewhat
|html|Someoneofficialbrodiewhat    
|uhtml|bestof|Game 2 of a best-of-3
|t:|1784664957
|gametype|doubles
|player|p1|Someoneofficial|clown|
|player|p2|brodiewhat|palmer|
|gen|9
|tier|[Gen 9 Champions] VGC 2026 Reg M-B (Bo3)
|rule|Species Clause: Limit one of each Pokémon
|rule|Item Clause: Limit 1 of each item
|clearpoke
|poke|p1|Tyranitar, L50, M, shiny|
|poke|p1|Charizard, L50, M, shiny|
|poke|p1|Excadrill, L50, M, shiny|
|poke|p1|Basculegion, L50, M|
|poke|p1|Whimsicott, L50, M, shiny|
|poke|p1|Sneasler, L50, M|
|poke|p2|Victreebel, L50, M|
|poke|p2|Dragonite, L50, M|
|poke|p2|Ninetales, L50, M|
|poke|p2|Oranguru, L50, F|
|poke|p2|Slowking-Galar, L50, M|
|poke|p2|Kingambit, L50, M|
|teampreview|4
|showteam|p1|Tyranitar||Tyranitarite|SandStream|Protect,KnockOff,RockSlide,LowKick|Adamant||M|||50|]Charizard||CharizarditeY|Blaze|SolarBeam,WeatherBall,HeatWave,Protect|Modest||M|||50|]Excadrill||FocusSash|SandRush|RockSlide,IronHead,Protect,HighHorsepower|Jolly||M|||50|]Basculegion||ChoiceScarf|Adaptability|LastRespects,WaveCrash,AquaJet,FlipTurn|Jolly||M|||50|]Whimsicott||BabiriBerry|Prankster|Protect,Moonblast,Tailwind,Encore|Timid||M|||50|]Sneasler||WhiteHerb|Unburden|Protect,FakeOut,CloseCombat,DireClaw|Adamant||M|||50|
|showteam|p2|Victreebel||Victreebelite|Chlorophyll|Protect,LeafStorm,SludgeWave,WeatherBall|Modest||M|||50|]Dragonite||LifeOrb|InnerFocus|Tailwind,Outrage,BrickBreak,RockSlide|Jolly||M|||50|]Ninetales||ChoiceScarf|Drought|Overheat,HeatWave,WillOWisp,Memento|Timid||M|||50|]Oranguru||ColburBerry|Telepathy|Protect,Instruct,Psychic,FocusBlast|Modest||F|||50|]Slowking-Galar||KasibBerry|CuriousMedicine|Imprison,TrickRoom,SludgeBomb,Psychic|Bold||M|||50|]Kingambit||FocusSash|Defiant|KowtowCleave,IronHead,LowKick,SuckerPunch|Adamant||M|||50|
|inactive|Battle timer is ON: inactive players will automatically lose when time's up. (requested by brodiewhat)
|inactiveoff|Battle timer is now OFF.
|
|t:|1784664992
|teamsize|p1|4
|teamsize|p2|4
|start
|switch|p1a: Sneasler|Sneasler, L50, M|100/100
|switch|p1b: Charizard|Charizard, L50, M, shiny|100/100
|switch|p2a: Victreebel|Victreebel, L50, M|100/100
|switch|p2b: Dragonite|Dragonite, L50, M|100/100
|turn|1
|
|t:|1784665008
|detailschange|p1b: Charizard|Charizard-Mega-Y, L50, M, shiny
|-mega|p1b: Charizard|Charizard|Charizardite Y
|-weather|SunnyDay|[from] ability: Drought|[of] p1b: Charizard
|move|p2a: Victreebel|Protect|p2a: Victreebel
|-singleturn|p2a: Victreebel|Protect
|move|p1a: Sneasler|Dire Claw|p2b: Dragonite
|-damage|p2b: Dragonite|47/100
|move|p1b: Charizard|Weather Ball|p2b: Dragonite
|-resisted|p2b: Dragonite|1
|-damage|p2b: Dragonite|0 fnt
|faint|p2b: Dragonite
|
|-weather|SunnyDay|[upkeep]
|upkeep
|
|t:|1784665021
|switch|p2b: Kingambit|Kingambit, L50, M|100/100
|turn|2
|
|t:|1784665033
|switch|p2a: Slowking|Slowking-Galar, L50, M|100/100
|-clearboost|p2b: Kingambit|[from] ability: Curious Medicine|[of] p2a: Slowking
|move|p2b: Kingambit|Sucker Punch|p1b: Charizard
|-damage|p1b: Charizard|43/100
|move|p1a: Sneasler|Close Combat|p2b: Kingambit
|-supereffective|p2b: Kingambit|2
|-enditem|p2b: Kingambit|Focus Sash
|-damage|p2b: Kingambit|1/100
|-unboost|p1a: Sneasler|def|1
|-unboost|p1a: Sneasler|spd|1
|-enditem|p1a: Sneasler|White Herb
|-clearnegativeboost|p1a: Sneasler|[silent]
|move|p1b: Charizard|Heat Wave|p2b: Kingambit|[spread] p2a,p2b
|-supereffective|p2b: Kingambit|1
|-damage|p2a: Slowking|45/100
|-damage|p2b: Kingambit|0 fnt
|-status|p2a: Slowking|brn
|faint|p2b: Kingambit
|
|-weather|SunnyDay|[upkeep]
|-damage|p2a: Slowking|39/100 brn|[from] brn
|upkeep
|
|t:|1784665041
|switch|p2b: Victreebel|Victreebel, L50, M|100/100
|turn|3
|
|t:|1784665052
|move|p1a: Sneasler|Dire Claw|p2b: Victreebel
|-damage|p2b: Victreebel|35/100
|move|p2b: Victreebel|Sludge Wave|p1b: Charizard|[spread] p2a,p1a,p1b
|-resisted|p2a: Slowking|1
|-resisted|p1a: Sneasler|1
|-damage|p2a: Slowking|24/100 brn
|-damage|p1a: Sneasler|76/100
|-damage|p1b: Charizard|10/100
|-status|p1b: Charizard|psn
|move|p1b: Charizard|Heat Wave|p2b: Victreebel|[spread] p2a,p2b
|-supereffective|p2b: Victreebel|1
|-damage|p2a: Slowking|0 fnt
|-damage|p2b: Victreebel|0 fnt
|faint|p2a: Slowking
|faint|p2b: Victreebel
|
|win|Someoneofficial
|c|☆Someoneofficial|Gg
|c|☆brodiewhat|what does he even do
|c|☆brodiewhat|gg
|c|☆Someoneofficial|Cant even talk shit
|c|☆Someoneofficial|victrebell is that mid
|c|☆Someoneofficial|its a budget venusaur 😭
|c|☆brodiewhat|genuinely
|c|☆Someoneofficial|It sacks itself for like a yard ig
|c|☆brodiewhat|idt theres a single reason to use it
|c|☆Someoneofficial|it feels like its tryna final gambit itself
|c|☆Someoneofficial|😭
|c|☆Someoneofficial|mega evolve sack yourself intocthe ice punch swampert
|c|☆brodiewhat|this guy is dix bru
|c|☆Someoneofficial|Truth nuke
|l|☆brodiewhat
|player|p2|
