|j|☆SpiringOcean
|j|☆sigueinventando
|html|SpiringOceansigueinventando    
|uhtml|bestof|Game 3 of a best-of-3
|t:|1783618577
|gametype|doubles
|player|p1|SpiringOcean|brycen|1097
|player|p2|sigueinventando|benga|1120
|gen|9
|tier|[Gen 9 Champions] VGC 2026 Reg M-B (Bo3)
|rated|
|rule|Species Clause: Limit one of each Pokémon
|rule|Item Clause: Limit 1 of each item
|clearpoke
|poke|p1|Swampert, L50, F|
|poke|p1|Farigiraf, L50, M|
|poke|p1|Mawile, L50, M, shiny|
|poke|p1|Incineroar, L50, M|
|poke|p1|Pelipper, L50, M|
|poke|p1|Archaludon, L50, M|
|poke|p2|Lycanroc-Dusk, L50, F|
|poke|p2|Scizor, L50, F|
|poke|p2|Froslass, L50, F|
|poke|p2|Hydreigon, L50, F|
|poke|p2|Sneasler, L50, M|
|poke|p2|Scovillain, L50, F|
|teampreview|4
|showteam|p1|Swampert||Swampertite|Damp|WaveCrash,IcePunch,HighHorsepower,Protect|Adamant||F|||50|]Farigiraf||SitrusBerry|ArmorTail|Psychic,Thunder,HelpingHand,TrickRoom|Bold||M|||50|]Mawile||Mawilite|HyperCutter|PlayRough,BrickBreak,SuckerPunch,Protect|Adamant||M|||50|]Incineroar||WhiteHerb|Intimidate|CloseCombat,FakeOut,FlareBlitz,DarkestLariat|Adamant||M|||50|]Pelipper||LifeOrb|Drizzle|Tailwind,WeatherBall,Hurricane,WideGuard|Modest||M|||50|]Archaludon||Leftovers|Stamina|Protect,DragonPulse,ElectroShot,FlashCannon|Modest||M|||50|
|showteam|p2|Lycanroc-Dusk||FocusSash|ToughClaws|Accelerock,RockSlide,CloseCombat,Protect|Jolly||F|||50|]Scizor||LifeOrb|Technician|BulletPunch,AerialAce,SwordsDance,Protect|Adamant||F|||50|]Froslass||Froslassite|CursedBody|Blizzard,ShadowBall,AuroraVeil,Protect|Modest||F|||50|]Hydreigon||ChoiceScarf|Levitate|DarkPulse,Snarl,DracoMeteor,EarthPower|Modest||F|||50|]Sneasler||WhiteHerb|Unburden|FakeOut,DireClaw,CloseCombat,Protect|Adamant||M|||50|]Scovillain||Scovillainite|Moody|Overheat,RagePowder,LeechSeed,Protect|Bold||F|||50|
|
|t:|1783618618
|teamsize|p1|4
|teamsize|p2|4
|start
|switch|p1a: Farigiraf|Farigiraf, L50, M|100/100
|switch|p1b: Mawile|Mawile, L50, M, shiny|100/100
|switch|p2a: Froslass|Froslass, L50, F|100/100
|switch|p2b: Hydreigon|Hydreigon, L50, F|100/100
|turn|1
|inactive|Battle timer is ON: inactive players will automatically lose when time's up. (requested by SpiringOcean)
|inactive|sigueinventando has 60 seconds left.
|
|t:|1783618663
|detailschange|p2a: Froslass|Froslass-Mega, L50, F
|-mega|p2a: Froslass|Froslass|Froslassite
|-weather|Snowscape|[from] ability: Snow Warning|[of] p2a: Froslass
|move|p1b: Mawile|Protect|p1b: Mawile
|-singleturn|p1b: Mawile|Protect
|move|p2b: Hydreigon|Dark Pulse|p1a: Farigiraf
|-supereffective|p1a: Farigiraf|1
|-damage|p1a: Farigiraf|17/100
|-enditem|p1a: Farigiraf|Sitrus Berry|[eat]
|-heal|p1a: Farigiraf|42/100|[from] item: Sitrus Berry
|move|p2a: Froslass|Blizzard|p1a: Farigiraf|[spread] p1a
|-activate|p1b: Mawile|move: Protect
|-damage|p1a: Farigiraf|0 fnt
|faint|p1a: Farigiraf
|
|-weather|Snowscape|[upkeep]
|upkeep
|
|t:|1783618679
|switch|p1a: Pelipper|Pelipper, L50, M|100/100
|-weather|RainDance|[from] ability: Drizzle|[of] p1a: Pelipper
|turn|2
|inactive|sigueinventando has 30 seconds left.
|inactive|sigueinventando has 20 seconds left.
|inactive|sigueinventando has 15 seconds left.
|
|t:|1783618720
|detailschange|p1b: Mawile|Mawile-Mega, L50, M, shiny
|-mega|p1b: Mawile|Mawile|Mawilite
|move|p2b: Hydreigon|Dark Pulse|p1a: Pelipper
|-damage|p1a: Pelipper|38/100
|move|p2a: Froslass|Shadow Ball|p1a: Pelipper
|-damage|p1a: Pelipper|0 fnt
|faint|p1a: Pelipper
|move|p1b: Mawile|Play Rough|p2b: Hydreigon
|-supereffective|p2b: Hydreigon|2
|-damage|p2b: Hydreigon|0 fnt
|faint|p2b: Hydreigon
|
|-weather|RainDance|[upkeep]
|upkeep
|
|t:|1783618738
|switch|p2b: Sneasler|Sneasler, L50, M|100/100
|switch|p1a: Archaludon|Archaludon, L50, M|100/100
|turn|3
|inactive|sigueinventando has 30 seconds left.
|
|t:|1783618768
|switch|p2a: Lycanroc|Lycanroc-Dusk, L50, F|100/100
|move|p2b: Sneasler|Fake Out|p1b: Mawile
|-resisted|p1b: Mawile|1
|-damage|p1b: Mawile|92/100
|move|p1a: Archaludon|Electro Shot||[still]
|-prepare|p1a: Archaludon|Electro Shot
|-boost|p1a: Archaludon|spa|1
|-anim|p1a: Archaludon|Electro Shot|p2a: Lycanroc
|-enditem|p2a: Lycanroc|Focus Sash
|-damage|p2a: Lycanroc|1/100
|cant|p1b: Mawile|flinch
|
|-weather|RainDance|[upkeep]
|upkeep
|turn|4
|
|t:|1783618789
|move|p2a: Lycanroc|Accelerock|p1b: Mawile
|-resisted|p1b: Mawile|1
|-damage|p1b: Mawile|81/100
|move|p1b: Mawile|Sucker Punch||[still]
|-fail|p1b: Mawile
|move|p2b: Sneasler|Close Combat|p1a: Archaludon
|-supereffective|p1a: Archaludon|1
|-damage|p1a: Archaludon|0 fnt
|-unboost|p2b: Sneasler|def|1
|-unboost|p2b: Sneasler|spd|1
|faint|p1a: Archaludon
|-enditem|p2b: Sneasler|White Herb
|-clearnegativeboost|p2b: Sneasler|[silent]
|
|-weather|RainDance|[upkeep]
|upkeep
|turn|5
|-message|SpiringOcean forfeited.
|
|win|sigueinventando
|raw|SpiringOcean's rating: 1097 → 1074(-23 for losing)
|raw|sigueinventando's rating: 1120 → 1143(+23 for winning)
|l|☆SpiringOcean
|player|p1|
