|j|☆cereales raton
|j|☆sedrav
|html|cereales ratonsedrav    
|uhtml|bestof|Game 1 of a best-of-3
|t:|1757023576
|gametype|doubles
|player|p1|cereales raton|101|1265
|player|p2|sedrav|hilbert|1248
|gen|9
|tier|[Gen 9] VGC 2025 Reg H (Bo3)
|rated|
|rule|Species Clause: Limit one of each Pokémon
|rule|Item Clause: Limit 1 of each item
|clearpoke
|poke|p1|Dragonite, L50, M|
|poke|p1|Ursaluna-Bloodmoon, L50, M|
|poke|p1|Gholdengo, L50|
|poke|p1|Amoonguss, L50, M|
|poke|p1|Sneasler, L50, M|
|poke|p1|Incineroar, L50, F|
|poke|p2|Garchomp, L50, M|
|poke|p2|Talonflame, L50, M|
|poke|p2|Gholdengo, L50|
|poke|p2|Tyranitar, L50, M|
|poke|p2|Amoonguss, L50, M|
|poke|p2|Milotic, L50, M|
|teampreview|4
|showteam|p1|Dragonite||LoadedDice|Multiscale|ScaleShot,Tailwind,Haze,Protect|||M|||50|,,,,,Fairy]Ursaluna-Bloodmoon||AssaultVest|MindsEye|BloodMoon,EarthPower,VacuumWave,HyperVoice|||M|||50|,,,,,Water]Gholdengo||LifeOrb|GoodasGold|Protect,MakeItRain,ShadowBall,NastyPlot||||||50|,,,,,Water]Amoonguss||SitrusBerry|Regenerator|RagePowder,Spore,PollenPuff,Protect|||M|||50|,,,,,Psychic]Sneasler||FocusSash|Unburden|Protect,DireClaw,CloseCombat,ThroatChop|||M|||50|,,,,,Stellar]Incineroar||SafetyGoggles|Intimidate|KnockOff,PartingShot,FlareBlitz,FakeOut|||F|||50|,,,,,Ghost
|showteam|p2|Garchomp||LifeOrb|RoughSkin|DragonClaw,StompingTantrum,Earthquake,Protect|||M|||50|,,,,,Fairy]Talonflame||CovertCloak|GaleWings|BraveBird,Tailwind,WillOWisp,Taunt|||M|||50|,,,,,Grass]Gholdengo||MetalCoat|GoodasGold|MakeItRain,ShadowBall,NastyPlot,Protect||||||50|,,,,,Flying]Tyranitar||AssaultVest|SandStream|RockSlide,KnockOff,LowKick,TeraBlast|||M|||50|,,,,,Flying]Amoonguss||SitrusBerry|Regenerator|Spore,RagePowder,PollenPuff,Protect|||M|||50|,,,,,Water]Milotic||SafetyGoggles|Competitive|Scald,IcyWind,Haze,Protect|||M|||50|,,,,,Dragon
|inactive|Battle timer is ON: inactive players will automatically lose when time's up. (requested by sedrav)
|inactive|cereales raton has 60 seconds left.
|
|t:|1757023627
|teamsize|p1|4
|teamsize|p2|4
|start
|switch|p1a: Tony|Ursaluna-Bloodmoon, L50, M|100/100
|switch|p1b: Golden Wind|Dragonite, L50, M|100/100
|switch|p2a: Tyranitar|Tyranitar, L50, M|100/100
|switch|p2b: Milotic|Milotic, L50, M|100/100
|-weather|Sandstorm|[from] ability: Sand Stream|[of] p2a: Tyranitar
|turn|1
|inactive|cereales raton has 30 seconds left.
|
|t:|1757023655
|-terastallize|p1a: Tony|Water
|move|p1b: Golden Wind|Tailwind|p1b: Golden Wind
|-sidestart|p1: cereales raton|move: Tailwind
|move|p1a: Tony|Blood Moon|p2b: Milotic
|-crit|p2b: Milotic
|-damage|p2b: Milotic|14/100
|move|p2b: Milotic|Icy Wind|p1b: Golden Wind|[spread] p1a,p1b
|-resisted|p1a: Tony
|-supereffective|p1b: Golden Wind
|-damage|p1a: Tony|97/100
|-damage|p1b: Golden Wind|80/100
|-unboost|p1a: Tony|spe|1
|-unboost|p1b: Golden Wind|spe|1
|move|p2a: Tyranitar|Rock Slide|p1a: Tony|[spread] p1a,p1b
|-supereffective|p1b: Golden Wind
|-damage|p1a: Tony|76/100
|-damage|p1b: Golden Wind|15/100
|
|-weather|Sandstorm|[upkeep]
|-damage|p1b: Golden Wind|9/100|[from] Sandstorm
|-damage|p1a: Tony|71/100|[from] Sandstorm
|upkeep
|turn|2
|inactive|sedrav has 30 seconds left.
|inactive|sedrav has 20 seconds left.
|inactive|sedrav has 15 seconds left.
|
|t:|1757023700
|-terastallize|p2a: Tyranitar|Flying
|move|p1b: Golden Wind|Scale Shot|p2a: Tyranitar
|-damage|p2a: Tyranitar|87/100
|-damage|p2a: Tyranitar|75/100
|-damage|p2a: Tyranitar|64/100
|-damage|p2a: Tyranitar|51/100
|-hitcount|p2a: Tyranitar|4
|-unboost|p1b: Golden Wind|def|1
|-boost|p1b: Golden Wind|spe|1
|move|p1a: Tony|Hyper Voice|p2a: Tyranitar|[spread] p2a,p2b
|-damage|p2a: Tyranitar|30/100
|-damage|p2b: Milotic|0 fnt
|faint|p2b: Milotic
|move|p2a: Tyranitar|Low Kick|p1a: Tony
|-damage|p1a: Tony|39/100
|
|-weather|Sandstorm|[upkeep]
|-damage|p1b: Golden Wind|3/100|[from] Sandstorm
|-damage|p1a: Tony|33/100|[from] Sandstorm
|-damage|p2a: Tyranitar|25/100|[from] Sandstorm
|upkeep
|
|t:|1757023722
|switch|p2b: Talonflame|Talonflame, L50, M|100/100
|turn|3
|inactive|sedrav has 30 seconds left.
|
|t:|1757023747
|switch|p2a: Garchomp|Garchomp, L50, M|100/100
|move|p2b: Talonflame|Brave Bird|p1b: Golden Wind
|-damage|p1b: Golden Wind|0 fnt
|faint|p1b: Golden Wind
|-damage|p2b: Talonflame|99/100|[from] Recoil
|move|p1a: Tony|Hyper Voice|p2a: Garchomp|[spread] p2a,p2b
|-crit|p2a: Garchomp
|-damage|p2a: Garchomp|45/100
|-damage|p2b: Talonflame|41/100
|
|-weather|Sandstorm|[upkeep]
|-damage|p2b: Talonflame|36/100|[from] Sandstorm
|-damage|p1a: Tony|27/100|[from] Sandstorm
|upkeep
|inactive|cereales raton has 30 seconds left.
|c|☆sedrav|that's a crazy crit bear
|
|t:|1757023778
|switch|p1b: 8|Sneasler, L50, M|100/100
|turn|4
|
|t:|1757023797
|switch|p2b: Tyranitar|Tyranitar, L50, M, tera:Flying|25/100
|move|p1b: 8|Close Combat|p2a: Garchomp
|-damage|p2a: Garchomp|0 fnt
|-unboost|p1b: 8|def|1
|-unboost|p1b: 8|spd|1
|-damage|p1b: 8|88/100|[from] ability: Rough Skin|[of] p2a: Garchomp
|faint|p2a: Garchomp
|move|p1a: Tony|Blood Moon|p2b: Tyranitar
|-damage|p2b: Tyranitar|0 fnt
|faint|p2b: Tyranitar
|
|-weather|Sandstorm|[upkeep]
|-damage|p1b: 8|83/100|[from] Sandstorm
|-damage|p1a: Tony|21/100|[from] Sandstorm
|-sideend|p1: cereales raton|move: Tailwind
|upkeep
|-message|sedrav forfeited.
|
|win|cereales raton
|l|☆sedrav
|player|p2|
|j|☆sedrav
|player|p2|sedrav|hilbert|
||cereales raton is ready for game 2.
