|j|☆AquamarineVGC
|j|☆azulaazula
|html|AquamarineVGCazulaazula    
|uhtml|bestof|Game 2 of a best-of-3
|t:|1784548807
|gametype|doubles
|player|p1|AquamarineVGC|unknown|1235
|player|p2|azulaazula|cynthia-gen4|1156
|gen|9
|tier|[Gen 9 Champions] VGC 2026 Reg M-B (Bo3)
|rated|
|rule|Species Clause: Limit one of each Pokémon
|rule|Item Clause: Limit 1 of each item
|clearpoke
|poke|p1|Pelipper, L50, F|
|poke|p1|Archaludon, L50, F|
|poke|p1|Staraptor, L50, F|
|poke|p1|Glimmora, L50, F|
|poke|p1|Clefable, L50, M|
|poke|p1|Grimmsnarl, L50, M|
|poke|p2|Froslass, L50, F|
|poke|p2|Staraptor, L50, F|
|poke|p2|Ceruledge, L50, F|
|poke|p2|Empoleon, L50, M|
|poke|p2|Whimsicott, L50, M|
|poke|p2|Garchomp, L50, M|
|teampreview|4
|showteam|p1|Pelipper||QuickClaw|Drizzle|Hurricane,WeatherBall,Tailwind,WideGuard|Modest||F|||50|]Archaludon||Leftovers|Stamina|FlashCannon,DragonPulse,ElectroShot,Protect|Modest||F|||50|]Staraptor||Staraptite|Intimidate|BraveBird,CloseCombat,Roost,Protect|Adamant||F|||50|]Glimmora||Glimmoranite|ToxicDebris|PowerGem,SludgeBomb,AcidSpray,SpikyShield|Timid||F|||50|]Clefable||SitrusBerry|Unaware|Moonblast,FollowMe,LifeDew,Protect|Bold||M|||50|]Grimmsnarl||LightClay|Prankster|FoulPlay,Reflect,LightScreen,PartingShot|Calm||M|||50|
|showteam|p2|Froslass||Froslassite|SnowCloak|Blizzard,ShadowBall,AuroraVeil,Protect|Timid||F|||50|]Staraptor||Staraptite|Intimidate|CloseCombat,BraveBird,Roost,Protect|Jolly||F|||50|]Ceruledge||Charcoal|FlashFire|BitterBlade,ShadowSneak,BulkUp,Protect|Adamant||F|||50|]Empoleon||LifeOrb|Competitive|Blizzard,FlashCannon,HydroPump,Protect|Modest||M|||50|]Whimsicott||FocusSash|Prankster|Moonblast,Charm,Tailwind,Encore|Serious||M|||50|]Garchomp||SitrusBerry|SandVeil|StompingTantrum,DragonClaw,RockSlide,Protect|Jolly||M|||50|
|
|t:|1784548826
|teamsize|p1|4
|teamsize|p2|4
|start
|switch|p1a: Grimmsnarl|Grimmsnarl, L50, M|100/100
|switch|p1b: Archaludon|Archaludon, L50, F|100/100
|switch|p2a: Staraptor|Staraptor, L50, F|100/100
|switch|p2b: Whimsicott|Whimsicott, L50, M|100/100
|-ability|p2a: Staraptor|Intimidate|boost
|-unboost|p1a: Grimmsnarl|atk|1
|-unboost|p1b: Archaludon|atk|1
|turn|1
|
|t:|1784548857
|detailschange|p2a: Staraptor|Staraptor-Mega, L50, F
|-mega|p2a: Staraptor|Staraptor|Staraptite
|move|p2b: Whimsicott|Charm|p2a: Staraptor
|-boost|p2a: Staraptor|atk|2
|move|p1a: Grimmsnarl|Reflect|p1a: Grimmsnarl
|-sidestart|p1: AquamarineVGC|Reflect
|move|p2a: Staraptor|Close Combat|p1b: Archaludon
|-supereffective|p1b: Archaludon|1
|-damage|p1b: Archaludon|0 fnt
|-boost|p2a: Staraptor|def|1
|-boost|p2a: Staraptor|spd|1
|faint|p1b: Archaludon
|
|upkeep
|
|t:|1784548864
|switch|p1b: Glimmora|Glimmora, L50, F|100/100
|turn|2
|
|t:|1784548886
|detailschange|p1b: Glimmora|Glimmora-Mega, L50, F
|-mega|p1b: Glimmora|Glimmora|Glimmoranite
|move|p2a: Staraptor|Close Combat|p1b: Glimmora
|-damage|p1b: Glimmora|11/100
|-boost|p2a: Staraptor|def|1
|-boost|p2a: Staraptor|spd|1
|move|p1b: Glimmora|Sludge Bomb|p2b: Whimsicott
|-supereffective|p2b: Whimsicott|2
|-enditem|p2b: Whimsicott|Focus Sash
|-damage|p2b: Whimsicott|1/100
|move|p2b: Whimsicott|Moonblast|p1b: Glimmora
|-resisted|p1b: Glimmora|1
|-damage|p1b: Glimmora|0 fnt
|faint|p1b: Glimmora
|move|p1a: Grimmsnarl|Foul Play|p2b: Whimsicott
|-resisted|p2b: Whimsicott|1
|-damage|p2b: Whimsicott|0 fnt
|faint|p2b: Whimsicott
|
|upkeep
|-message|AquamarineVGC forfeited.
|
|win|azulaazula
