|j|☆nontelo
|j|☆execute order 222
|html|nonteloexecute order 222    
|uhtml|bestof|Game 1 of a best-of-3
|t:|1783275416
|gametype|doubles
|player|p1|nontelo|cress|1335
|player|p2|execute order 222|courtney|1348
|gen|9
|tier|[Gen 9 Champions] VGC 2026 Reg M-B (Bo3)
|rated|
|rule|Species Clause: Limit one of each Pokémon
|rule|Item Clause: Limit 1 of each item
|clearpoke
|poke|p1|Gengar, L50, M|
|poke|p1|Politoed, L50, M|
|poke|p1|Incineroar, L50, F|
|poke|p1|Grimmsnarl, L50, M|
|poke|p1|Sinistcha, L50|
|poke|p1|Archaludon, L50, F|
|poke|p2|Metagross, L50, shiny|
|poke|p2|Hydreigon, L50, F|
|poke|p2|Venusaur, L50, M|
|poke|p2|Primarina, L50, F|
|poke|p2|Lycanroc-Dusk, L50, M|
|poke|p2|Talonflame, L50, F, shiny|
|teampreview|4
|showteam|p1|Gengar||Gengarite|CursedBody|ShadowBall,SludgeBomb,PerishSong,Protect|Timid||M|||50|]Politoed||SitrusBerry|Drizzle|WeatherBall,HelpingHand,PerishSong,Protect|Bold||M|||50|]Incineroar||PasshoBerry|Intimidate|ThroatChop,PartingShot,FakeOut,Protect|Impish||F|||50|]Grimmsnarl||LightClay|Prankster|SpiritBreak,PartingShot,Reflect,LightScreen|Impish||M|||50|]Sinistcha||KasibBerry|Hospitality|MatchaGotcha,RagePowder,LifeDew,Protect|Bold|||||50|]Archaludon||Leftovers|Stamina|FlashCannon,DragonPulse,ElectroShot,Protect|Modest||F|||50|
|showteam|p2|Metagross||Metagrossite|ClearBody|IronHead,PsychicFangs,IcePunch,Protect|Jolly|||||50|]Hydreigon||LifeOrb|Levitate|DarkPulse,DracoMeteor,EarthPower,Protect|Modest||F|||50|]Venusaur||Venusaurite|Chlorophyll|GigaDrain,SludgeBomb,EarthPower,Protect|Modest||M|||50|]Primarina||ExpertBelt|LiquidVoice|HyperVoice,Moonblast,IceBeam,Protect|Modest||F|||50|]Lycanroc-Dusk||FocusSash|ToughClaws|RockSlide,CloseCombat,Accelerock,Protect|Adamant||M|||50|]Talonflame||Charcoal|GaleWings|Overheat,Tailwind,QuickGuard,Taunt|Timid||F|||50|
|inactive|Battle timer is ON: inactive players will automatically lose when time's up. (requested by nontelo)
|inactive|nontelo has 60 seconds left.
|inactive|execute order 222 has 60 seconds left.
|
|t:|1783275481
|teamsize|p1|4
|teamsize|p2|4
|start
|switch|p1a: Gengar|Gengar, L50, M|100/100
|switch|p1b: Incineroar|Incineroar, L50, F|100/100
|switch|p2a: Nanojump|Talonflame, L50, F, shiny|100/100
|switch|p2b: Orochi|Hydreigon, L50, F|100/100
|-ability|p1b: Incineroar|Intimidate|boost
|-unboost|p2a: Nanojump|atk|1
|-unboost|p2b: Orochi|atk|1
|turn|1
|
|t:|1783275495
|detailschange|p1a: Gengar|Gengar-Mega, L50, M
|-mega|p1a: Gengar|Gengar|Gengarite
|move|p2a: Nanojump|Quick Guard|p2a: Nanojump
|-singleturn|p2a: Nanojump|Quick Guard
|move|p1b: Incineroar|Fake Out|p2b: Orochi
|-activate|p2b: Orochi|move: Quick Guard
|move|p1a: Gengar|Perish Song|p1a: Gengar
|-start|p1a: Gengar|perish3|[silent]
|-start|p1b: Incineroar|perish3|[silent]
|-start|p2a: Nanojump|perish3|[silent]
|-start|p2b: Orochi|perish3|[silent]
|-fieldactivate|move: Perish Song
|move|p2b: Orochi|Dark Pulse|p1a: Gengar
|-supereffective|p1a: Gengar|1
|-damage|p1a: Gengar|0 fnt
|faint|p1a: Gengar
|-damage|p2b: Orochi|90/100|[from] item: Life Orb
|
|-start|p2a: Nanojump|perish3
|-start|p2b: Orochi|perish3
|-start|p1b: Incineroar|perish3
|upkeep
|-message|nontelo forfeited.
|
|win|execute order 222
|l|☆nontelo
|player|p1|
||nontelo is ready for game 2.
||execute order 222 is ready for game 2.
|uhtml|next|Next: Game 2 of 3
