|j|☆angusgrind13
|j|☆VyersFGC
|html|angusgrind13VyersFGC    
|uhtml|bestof|Game 1 of a best-of-3
|t:|1784821132
|gametype|doubles
|player|p1|angusgrind13|steven|1220
|player|p2|VyersFGC|pokemonranger|1200
|gen|9
|tier|[Gen 9 Champions] VGC 2026 Reg M-B (Bo3)
|rated|
|rule|Species Clause: Limit one of each Pokémon
|rule|Item Clause: Limit 1 of each item
|clearpoke
|poke|p1|Primarina, L50, F|
|poke|p1|Kingambit, L50, M|
|poke|p1|Froslass, L50, F|
|poke|p1|Sneasler, L50, F|
|poke|p1|Lycanroc-Dusk, L50, F|
|poke|p1|Dragonite, L50, M|
|poke|p2|Raichu, L50, M|
|poke|p2|Ninetales-Alola, L50, F|
|poke|p2|Archaludon, L50, M|
|poke|p2|Azumarill, L50, F|
|poke|p2|Incineroar, L50, M|
|poke|p2|Aerodactyl, L50, M|
|teampreview|4
|showteam|p1|Primarina||LifeOrb|LiquidVoice|HyperVoice,Moonblast,Haze,Protect|Modest||F|||50|]Kingambit||BlackGlasses|Defiant|KowtowCleave,SuckerPunch,SwordsDance,Protect|Adamant||M|||50|]Froslass||Froslassite|CursedBody|Blizzard,ShadowBall,AuroraVeil,Protect|Timid||F|||50|]Sneasler||WhiteHerb|Unburden|GunkShot,CloseCombat,FakeOut,Protect|Adamant||F|||50|]Lycanroc-Dusk||FocusSash|ToughClaws|RockSlide,Accelerock,CloseCombat,Protect|Adamant||F|||50|]Dragonite||Dragoninite|Multiscale|DragonPulse,Flamethrower,Tailwind,Protect|Modest||M|||50|
|showteam|p2|Raichu||RaichuniteY|LightningRod|ZapCannon,Protect,UpperHand,FocusBlast|Timid||M|||50|]Ninetales-Alola||LightClay|SnowWarning|Blizzard,IcyWind,AuroraVeil,Protect|Modest||F|||50|]Archaludon||Leftovers|Stamina|ElectroShot,Protect,DragonPulse,FlashCannon|Modest||M|||50|]Azumarill||SitrusBerry|HugePower|Liquidation,Protect,AquaJet,PlayRough|Adamant||F|||50|]Incineroar||BlackGlasses|Intimidate|DarkestLariat,FakeOut,FlareBlitz,Protect|Brave||M|||50|]Aerodactyl||FocusSash|Unnerve|RockSlide,DualWingbeat,WideGuard,Tailwind|Jolly||M|||50|
|inactive|Battle timer is ON: inactive players will automatically lose when time's up. (requested by angusgrind13)
|inactive|VyersFGC has 60 seconds left.
|
|t:|1784821169
|teamsize|p1|4
|teamsize|p2|4
|start
|switch|p1a: Froslass|Froslass, L50, F|100/100
|switch|p1b: Sneasler|Sneasler, L50, F|100/100
|switch|p2a: Raichu|Raichu, L50, M|100/100
|switch|p2b: Ninetales|Ninetales-Alola, L50, F|100/100
|-weather|Snowscape|[from] ability: Snow Warning|[of] p2b: Ninetales
|turn|1
|inactive|VyersFGC has 30 seconds left.
|
|t:|1784821195
|detailschange|p1a: Froslass|Froslass-Mega, L50, F
|-mega|p1a: Froslass|Froslass|Froslassite
|detailschange|p2a: Raichu|Raichu-Mega-Y, L50, M
|-mega|p2a: Raichu|Raichu|Raichunite Y
|move|p1b: Sneasler|Fake Out|p2b: Ninetales
|-damage|p2b: Ninetales|87/100
|move|p2a: Raichu|Zap Cannon|p1a: Froslass
|-crit|p1a: Froslass
|-damage|p1a: Froslass|0 fnt
|faint|p1a: Froslass
|cant|p2b: Ninetales|flinch
|
|-weather|Snowscape|[upkeep]
|upkeep
|
|t:|1784821206
|switch|p1a: Lycanroc|Lycanroc-Dusk, L50, F|100/100
|turn|2
|
|t:|1784821228
|move|p2a: Raichu|Zap Cannon|p1b: Sneasler
|-damage|p1b: Sneasler|21/100
|-status|p1b: Sneasler|par
|move|p1a: Lycanroc|Rock Slide|p2b: Ninetales|[spread] p2a,p2b
|-supereffective|p2b: Ninetales|1
|-damage|p2a: Raichu|53/100
|-damage|p2b: Ninetales|29/100
|move|p2b: Ninetales|Blizzard|p1b: Sneasler|[spread] p1a,p1b
|-damage|p1a: Lycanroc|40/100
|-damage|p1b: Sneasler|0 fnt
|faint|p1b: Sneasler
|
|-weather|Snowscape|[upkeep]
|upkeep
|
|t:|1784821237
|switch|p1b: Primarina|Primarina, L50, F|100/100
|turn|3
|inactive|VyersFGC has 30 seconds left.
|
|t:|1784821263
|move|p1b: Primarina|Protect|p1b: Primarina
|-singleturn|p1b: Primarina|Protect
|move|p1a: Lycanroc|Accelerock|p2b: Ninetales
|-supereffective|p2b: Ninetales|1
|-damage|p2b: Ninetales|0 fnt
|faint|p2b: Ninetales
|move|p2a: Raichu|Zap Cannon|p1b: Primarina
|-activate|p1b: Primarina|move: Protect
|
|-weather|Snowscape|[upkeep]
|upkeep
|
|t:|1784821273
|switch|p2b: Incineroar|Incineroar, L50, M|100/100
|-ability|p2b: Incineroar|Intimidate|boost
|-unboost|p1a: Lycanroc|atk|1
|-unboost|p1b: Primarina|atk|1
|turn|4
|
|t:|1784821282
|move|p2b: Incineroar|Fake Out|p1a: Lycanroc
|-resisted|p1a: Lycanroc|1
|-crit|p1a: Lycanroc
|-damage|p1a: Lycanroc|23/100
|cant|p1a: Lycanroc|flinch
|move|p2a: Raichu|Zap Cannon|p1b: Primarina
|-supereffective|p1b: Primarina|1
|-damage|p1b: Primarina|0 fnt
|faint|p1b: Primarina
|
|-weather|Snowscape|[upkeep]
|upkeep
|turn|5
|
|t:|1784821291
|move|p2a: Raichu|Upper Hand|p1a: Lycanroc
|-supereffective|p1a: Lycanroc|1
|-damage|p1a: Lycanroc|0 fnt
|faint|p1a: Lycanroc
|
|win|VyersFGC
||angusgrind13 is ready for game 2.
