|j|☆superandry
|j|☆dakotaviolence_
|html|superandrydakotaviolence_    
|uhtml|bestof|Game 1 of a best-of-3
|t:|1756280831
|gametype|doubles
|player|p1|superandry|palmer|1078
|player|p2|dakotaviolence_|clair|1055
|gen|9
|tier|[Gen 9] VGC 2025 Reg H (Bo3)
|rated|
|rule|Species Clause: Limit one of each Pokémon
|rule|Item Clause: Limit 1 of each item
|clearpoke
|poke|p1|Weezing, L50, M|
|poke|p1|Incineroar, L50, M|
|poke|p1|Dragonite, L50, F|
|poke|p1|Ursaluna-Bloodmoon, L50, M|
|poke|p1|Annihilape, L50, M|
|poke|p1|Dragapult, L50, M|
|poke|p2|Corviknight, L50, M|
|poke|p2|Sneasler, L50, F|
|poke|p2|Garchomp, L50, M|
|poke|p2|Ninetales-Alola, L50, F|
|poke|p2|Kingambit, L50, M|
|poke|p2|Magmar, L50, M|
|teampreview|4
|showteam|p1|Weezing||SitrusBerry|NeutralizingGas|GunkShot,WillOWisp,Taunt,Protect|||M|||50|,,,,,Water]Incineroar||AbilityShield|Intimidate|FakeOut,FlareBlitz,KnockOff,PartingShot|||M|||50|,,,,,Ghost]Dragonite||LoadedDice|Multiscale|ScaleShot,ExtremeSpeed,Tailwind,Protect|||F|||50|,,,,,Steel]Ursaluna-Bloodmoon||AssaultVest|MindsEye|HyperVoice,BloodMoon,EarthPower,VacuumWave|||M|||50|,,,,,Normal]Annihilape||SafetyGoggles|Defiant|CloseCombat,FinalGambit,RageFist,Protect|||M|||50|,,,,,Stellar]Dragapult||ChoiceSpecs|ClearBody|DracoMeteor,ShadowBall,Flamethrower,DragonDarts|||M|||50|,,,,,Stellar
|showteam|p2|Corviknight||SitrusBerry|MirrorArmor|BraveBird,BodyPress,BulkUp,Roost|||M|||50|,,,,,Fire]Sneasler||FocusSash|Unburden|DireClaw,CloseCombat,Coaching,Protect|||F|||50|,,,,,Flying]Garchomp||LifeOrb|RoughSkin|Earthquake,StompingTantrum,DragonClaw,Protect|||M|||50|,,,,,Fire]Ninetales-Alola||NeverMeltIce|SnowWarning|Blizzard,FreezeDry,AuroraVeil,Protect|||F|||50|,,,,,Ice]Kingambit||AssaultVest|Defiant|KowtowCleave,SuckerPunch,IronHead,LowKick|||M|||50|,,,,,Flying]Magmar||Eviolite|VitalSpirit|Overheat,FollowMe,WillOWisp,Protect|||M|||50|,,,,,Flying
|inactive|Battle timer is ON: inactive players will automatically lose when time's up. (requested by superandry)
|inactive|dakotaviolence_ has 60 seconds left.
|
|t:|1756280867
|teamsize|p1|4
|teamsize|p2|4
|start
|switch|p1a: Weezing|Weezing, L50, M|100/100
|switch|p1b: Incineroar|Incineroar, L50, M|100/100
|switch|p2a: Corviknight|Corviknight, L50, M|100/100
|switch|p2b: Ninetales|Ninetales-Alola, L50, F|100/100
|-ability|p1a: Weezing|Neutralizing Gas
|-block|p1b: Incineroar|item: Ability Shield
|-ability|p1b: Incineroar|Intimidate|boost
|-unboost|p2a: Corviknight|atk|1
|-unboost|p2b: Ninetales|atk|1
|turn|1
|inactive|dakotaviolence_ has 30 seconds left.
|
|t:|1756280892
|move|p2b: Ninetales|Protect|p2b: Ninetales
|-singleturn|p2b: Ninetales|Protect
|move|p1b: Incineroar|Fake Out|p2b: Ninetales
|-activate|p2b: Ninetales|move: Protect
|move|p2a: Corviknight|Bulk Up|p2a: Corviknight
|-boost|p2a: Corviknight|atk|1
|-boost|p2a: Corviknight|def|1
|move|p1a: Weezing|Gunk Shot|p2b: Ninetales
|-activate|p2b: Ninetales|move: Protect
|
|upkeep
|turn|2
|
|t:|1756280911
|switch|p2b: Magmar|Magmar, L50, M|100/100
|move|p1b: Incineroar|Flare Blitz|p2b: Magmar
|-resisted|p2b: Magmar
|-damage|p2b: Magmar|82/100
|-damage|p1b: Incineroar|95/100|[from] Recoil
|move|p2a: Corviknight|Body Press|p1b: Incineroar
|-supereffective|p1b: Incineroar
|-damage|p1b: Incineroar|38/100
|move|p1a: Weezing|Will-O-Wisp|p2a: Corviknight
|-status|p2a: Corviknight|brn
|
|-damage|p2a: Corviknight|95/100 brn|[from] brn
|upkeep
|turn|3
|
|t:|1756280931
|switch|p1b: Annihilape|Annihilape, L50, M|100/100
|move|p2b: Magmar|Overheat|p1a: Weezing
|-crit|p1a: Weezing
|-damage|p1a: Weezing|21/100
|-unboost|p2b: Magmar|spa|2
|-enditem|p1a: Weezing|Sitrus Berry|[eat]
|-heal|p1a: Weezing|46/100|[from] item: Sitrus Berry
|move|p2a: Corviknight|Bulk Up|p2a: Corviknight
|-boost|p2a: Corviknight|atk|1
|-boost|p2a: Corviknight|def|1
|move|p1a: Weezing|Gunk Shot|p2b: Magmar
|-damage|p2b: Magmar|55/100
|
|-damage|p2a: Corviknight|89/100 brn|[from] brn
|upkeep
|turn|4
|inactive|superandry has 30 seconds left.
|
|t:|1756280964
|move|p1b: Annihilape|Final Gambit|p2a: Corviknight
|-damage|p2a: Corviknight|0 fnt
|faint|p1b: Annihilape
|faint|p2a: Corviknight
|move|p2b: Magmar|Overheat|p1a: Weezing
|-crit|p1a: Weezing
|-damage|p1a: Weezing|0 fnt
|-unboost|p2b: Magmar|spa|2
|faint|p1a: Weezing
|-end|p1a: Weezing|ability: Neutralizing Gas
|
|upkeep
|
|t:|1756280976
|switch|p1b: Dragonite|Dragonite, L50, F|100/100
|switch|p2a: Ninetales|Ninetales-Alola, L50, F|100/100
|switch|p1a: Incineroar|Incineroar, L50, M|38/100
|-weather|Snowscape|[from] ability: Snow Warning|[of] p2a: Ninetales
|-ability|p1a: Incineroar|Intimidate|boost
|-unboost|p2a: Ninetales|atk|1
|-unboost|p2b: Magmar|atk|1
|turn|5
|c|☆superandry|Double crit is crazy
|
|t:|1756280993
|-terastallize|p1b: Dragonite|Steel
|move|p1a: Incineroar|Fake Out|p2a: Ninetales
|-damage|p2a: Ninetales|89/100
|move|p2b: Magmar|Follow Me|p2b: Magmar
|-singleturn|p2b: Magmar|move: Follow Me
|cant|p2a: Ninetales|flinch
|move|p1b: Dragonite|Scale Shot|p2b: Magmar
|-damage|p2b: Magmar|44/100
|-damage|p2b: Magmar|33/100
|-damage|p2b: Magmar|21/100
|-damage|p2b: Magmar|10/100
|-damage|p2b: Magmar|0 fnt
|faint|p2b: Magmar
|-hitcount|p2: Magmar|5
|-unboost|p1b: Dragonite|def|1
|-boost|p1b: Dragonite|spe|1
|
|-weather|Snowscape|[upkeep]
|upkeep
|c|☆dakotaviolence_|j a lil
|
|t:|1756281010
|switch|p2b: Sneasler|Sneasler, L50, F|100/100
|turn|6
|inactive|dakotaviolence_ has 30 seconds left.
|
|t:|1756281039
|move|p2b: Sneasler|Protect|p2b: Sneasler
|-singleturn|p2b: Sneasler|Protect
|move|p1b: Dragonite|Tailwind|p1b: Dragonite
|-sidestart|p1: superandry|move: Tailwind
|move|p1a: Incineroar|Flare Blitz|p2a: Ninetales
|-supereffective|p2a: Ninetales
|-damage|p2a: Ninetales|0 fnt
|faint|p2a: Ninetales
|-damage|p1a: Incineroar|16/100|[from] Recoil
|
|-weather|Snowscape|[upkeep]
|upkeep
|turn|7
|
|t:|1756281049
|move|p1b: Dragonite|Scale Shot|p2b: Sneasler
|-damage|p2b: Sneasler|74/100
|-damage|p2b: Sneasler|46/100
|-damage|p2b: Sneasler|19/100
|-damage|p2b: Sneasler|0 fnt
|faint|p2b: Sneasler
|-hitcount|p2: Sneasler|4
|
|win|superandry
||dakotaviolence_ is ready for game 2.
||superandry is ready for game 2.
|uhtml|next|Next: Game 2 of 3
|l|☆superandry
|player|p1|
|l|☆dakotaviolence_
|player|p2|
|j|☆superandry
|player|p1|superandry|palmer|
