|j|☆Flower X Ranger
|j|☆Setaton
|html|Flower X RangerSetaton    
|uhtml|bestof|Game 2 of a best-of-3
|t:|1757008409
|gametype|doubles
|player|p1|Flower X Ranger|parasollady|1000
|player|p2|Setaton|volkner|1040
|gen|9
|tier|[Gen 9] VGC 2025 Reg H (Bo3)
|rated|
|rule|Species Clause: Limit one of each Pokémon
|rule|Item Clause: Limit 1 of each item
|clearpoke
|poke|p1|Indeedee-F, L50, F|
|poke|p1|Hatterene, L50, F|
|poke|p1|Gallade, L50, M|
|poke|p1|Ursaluna, L50, M|
|poke|p1|Lilligant-Hisui, L50, F|
|poke|p1|Torkoal, L50, M|
|poke|p2|Sneasler, L50, M|
|poke|p2|Rillaboom, L50, M|
|poke|p2|Electabuzz, L50, M|
|poke|p2|Dragonite, L50, F|
|poke|p2|Volcarona, L50, F|
|poke|p2|Kingambit, L50, M|
|teampreview|4
|showteam|p1|Indeedee-F||PsychicSeed|PsychicSurge|TrickRoom,FollowMe,HelpingHand,DazzlingGleam|||F|||50|,,,,,Fire]Hatterene||LifeOrb|MagicBounce|ExpandingForce,TrickRoom,DazzlingGleam,Protect|||F|||50|,,,,,Psychic]Gallade||ClearAmulet|Sharpness|PsychoCut,TrickRoom,SacredSword,WideGuard|||M|||50|,,,,,Grass]Ursaluna||FlameOrb|Guts|HeadlongRush,Facade,SwordsDance,Protect|||M|||50|,,,,,Ghost]Lilligant-Hisui||FocusSash|Chlorophyll|SolarBlade,SleepPowder,CloseCombat,AfterYou|||F|||50|,,,,,Ghost]Torkoal||ChoiceSpecs|Drought|Eruption,HeatWave,WeatherBall,EarthPower|||M|||50|,,,,,Fire
|showteam|p2|Sneasler||FocusSash|PoisonTouch|CloseCombat,DireClaw,Coaching,FakeOut|||M|||50|,,,,,Ghost]Rillaboom||AssaultVest|GrassySurge|WoodHammer,GrassyGlide,HighHorsepower,FakeOut|||M|||50|,,,,,Fire]Electabuzz||Eviolite|VitalSpirit|Electroweb,Taunt,Protect,FollowMe|||M|||50|,,,,,Fairy]Dragonite||LoadedDice|Multiscale|ScaleShot,ExtremeSpeed,Haze,Tailwind|||F|||50|,,,,,Fairy]Volcarona||Leftovers|FlameBody|HeatWave,TeraBlast,QuiverDance,Protect|||F|||50|,,,,,Fairy]Kingambit||BlackGlasses|Defiant|KowtowCleave,SuckerPunch,SwordsDance,Protect|||M|||50|,,,,,Dark
|inactive|Battle timer is ON: inactive players will automatically lose when time's up. (requested by Flower X Ranger)
|inactive|Flower X Ranger has 60 seconds left.
|inactive|Setaton has 60 seconds left.
|
|t:|1757008444
|teamsize|p1|4
|teamsize|p2|4
|start
|switch|p1a: Lilligant|Lilligant-Hisui, L50, F, shiny|100/100
|switch|p1b: Gallade|Gallade, L50, M, shiny|100/100
|switch|p2a: Volcarona|Volcarona, L50, F|100/100
|switch|p2b: Sneasler|Sneasler, L50, M|100/100
|turn|1
|inactive|Flower X Ranger has 30 seconds left.
|inactive|Setaton has 30 seconds left.
|inactive|Flower X Ranger has 20 seconds left.
|inactive|Setaton has 20 seconds left.
|inactive|Flower X Ranger has 15 seconds left.
|inactive|Setaton has 15 seconds left.
|inactive|Flower X Ranger has 10 seconds left.
|
|t:|1757008489
|move|p2b: Sneasler|Dire Claw|p1b: Gallade
|-damage|p1b: Gallade|42/100
|move|p1a: Lilligant|Sleep Powder|p2a: Volcarona
|-status|p2a: Volcarona|slp|[from] move: Sleep Powder
|cant|p2a: Volcarona|slp
|move|p1b: Gallade|Psycho Cut|p2b: Sneasler
|-supereffective|p2b: Sneasler
|-enditem|p2b: Sneasler|Focus Sash
|-damage|p2b: Sneasler|1/100
|
|upkeep
|turn|2
|inactive|Flower X Ranger has 30 seconds left.
|
|t:|1757008518
|move|p2b: Sneasler|Dire Claw|p1a: Lilligant
|-supereffective|p1a: Lilligant
|-enditem|p1a: Lilligant|Focus Sash
|-damage|p1a: Lilligant|1/100
|-status|p1a: Lilligant|psn|[from] ability: Poison Touch|[of] p2b: Sneasler
|move|p1a: Lilligant|Close Combat|p2b: Sneasler
|-resisted|p2b: Sneasler
|-damage|p2b: Sneasler|0 fnt
|-unboost|p1a: Lilligant|def|1
|-unboost|p1a: Lilligant|spd|1
|faint|p2b: Sneasler
|cant|p2a: Volcarona|slp
|move|p1b: Gallade|Trick Room|p1b: Gallade
|-fieldstart|move: Trick Room|[of] p1b: Gallade
|
|-damage|p1a: Lilligant|0 fnt|[from] psn
|faint|p1a: Lilligant
|upkeep
|
|t:|1757008536
|switch|p1a: Torkoal|Torkoal, L50, M, shiny|100/100
|switch|p2b: Electabuzz|Electabuzz, L50, M|100/100
|-weather|SunnyDay|[from] ability: Drought|[of] p1a: Torkoal
|turn|3
|inactive|Flower X Ranger has 30 seconds left.
|inactive|Setaton has 30 seconds left.
|
|t:|1757008565
|-terastallize|p1a: Torkoal|Fire
|move|p2b: Electabuzz|Follow Me|p2b: Electabuzz
|-singleturn|p2b: Electabuzz|move: Follow Me
|move|p1a: Torkoal|Eruption|p2a: Volcarona|[spread] p2a,p2b
|-damage|p2a: Volcarona|0 fnt
|-damage|p2b: Electabuzz|0 fnt
|faint|p2a: Volcarona
|faint|p2b: Electabuzz
|move|p1b: Gallade|Psycho Cut|p2: Volcarona|[notarget]
|-fail|p1b: Gallade
|
|-weather|SunnyDay|[upkeep]
|upkeep
|
|t:|1757008575
|switch|p2b: Rillaboom|Rillaboom, L50, M|100/100
|-fieldstart|move: Grassy Terrain|[from] ability: Grassy Surge|[of] p2b: Rillaboom
|turn|4
|
|t:|1757008597
|-terastallize|p2b: Rillaboom|Fire
|move|p1a: Torkoal|Eruption|p2b: Rillaboom
|-resisted|p2b: Rillaboom
|-damage|p2b: Rillaboom|28/100
|move|p1b: Gallade|Psycho Cut|p2b: Rillaboom
|-damage|p2b: Rillaboom|0 fnt
|faint|p2b: Rillaboom
|
|win|Flower X Ranger
