|j|☆sazar saifi
|j|☆trompavieja
|html|sazar saifitrompavieja    
|uhtml|bestof|Game 1 of a best-of-3
|t:|1783012243
|gametype|doubles
|player|p1|sazar saifi|nate|1441
|player|p2|trompavieja|tate|1489
|gen|9
|tier|[Gen 9 Champions] VGC 2026 Reg M-B (Bo3)
|rated|
|rule|Species Clause: Limit one of each Pokémon
|rule|Item Clause: Limit 1 of each item
|clearpoke
|poke|p1|Charizard, L50, F|
|poke|p1|Tyranitar, L50, F|
|poke|p1|Corviknight, L50, F|
|poke|p1|Hydreigon, L50, M|
|poke|p1|Garchomp, L50, F|
|poke|p1|Rotom-Wash, L50|
|poke|p2|Farigiraf, L50, F|
|poke|p2|Kingambit, L50, M|
|poke|p2|Sylveon, L50, M|
|poke|p2|Charizard, L50, M|
|poke|p2|Garchomp, L50, F|
|poke|p2|Aerodactyl, L50, F|
|teampreview|4
|showteam|p1|Charizard||CharizarditeY|Blaze|HeatWave,WeatherBall,SolarBeam,Protect|Timid||F|||50|]Tyranitar||Tyranitarite|SandStream|LowKick,RockSlide,KnockOff,Protect|Jolly||F|||50|]Corviknight||OccaBerry|MirrorArmor|BraveBird,IronHead,Tailwind,Protect|Adamant||F|||50|]Hydreigon||ChoiceScarf|Levitate|DracoMeteor,Snarl,DarkPulse,HeatWave|Modest||M|||50|]Garchomp||LifeOrb|RoughSkin|Earthquake,RockSlide,DragonClaw,Protect|Adamant||F|||50|]Rotom-Wash||SitrusBerry|Levitate|WillOWisp,Thunderbolt,HydroPump,ThunderWave|Calm|||||50|
|showteam|p2|Farigiraf||SitrusBerry|ArmorTail|TwinBeam,Thunderbolt,TrickRoom,HelpingHand|Bold||F|||50|]Kingambit||FocusSash|Defiant|SuckerPunch,KowtowCleave,LowKick,IronHead|Adamant||M|||50|]Sylveon||FairyFeather|Pixilate|Detect,HyperVoice,QuickAttack,HyperBeam|Modest||M|||50|]Charizard||CharizarditeY|Blaze|HeatWave,SolarBeam,WeatherBall,Protect|Modest||M|||50|]Garchomp||LifeOrb|RoughSkin|StompingTantrum,Earthquake,DragonClaw,Protect|Jolly||F|||50|]Aerodactyl||Aerodactylite|Unnerve|Tailwind,DualWingbeat,RockSlide,IceFang|Jolly||F|||50|
|
|t:|1783012273
|teamsize|p1|4
|teamsize|p2|4
|start
|switch|p1a: Hydreigon|Hydreigon, L50, M|100/100
|switch|p1b: Charizard|Charizard, L50, F|100/100
|switch|p2a: Aerodactyl|Aerodactyl, L50, F|100/100
|switch|p2b: Sylveon|Sylveon, L50, M|100/100
|-ability|p2a: Aerodactyl|Unnerve
|turn|1
|
|t:|1783012289
|detailschange|p1b: Charizard|Charizard-Mega-Y, L50, F
|-mega|p1b: Charizard|Charizard|Charizardite Y
|-weather|SunnyDay|[from] ability: Drought|[of] p1b: Charizard
|move|p1a: Hydreigon|Draco Meteor|p2a: Aerodactyl
|-damage|p2a: Aerodactyl|13/100
|-unboost|p1a: Hydreigon|spa|2
|move|p2a: Aerodactyl|Tailwind|p2a: Aerodactyl
|-sidestart|p2: trompavieja|move: Tailwind
|move|p2b: Sylveon|Hyper Voice|p1b: Charizard|[spread] p1a,p1b
|-supereffective|p1a: Hydreigon|2
|-resisted|p1b: Charizard|1
|-damage|p1a: Hydreigon|0 fnt
|-damage|p1b: Charizard|75/100
|faint|p1a: Hydreigon
|move|p1b: Charizard|Weather Ball|p2b: Sylveon
|-damage|p2b: Sylveon|34/100
|
|-weather|SunnyDay|[upkeep]
|upkeep
|
|t:|1783012305
|switch|p1a: Corviknight|Corviknight, L50, F|100/100
|turn|2
|
|t:|1783012314
|switch|p2b: Charizard|Charizard, L50, M|100/100
|move|p1b: Charizard|Protect|p1b: Charizard
|-singleturn|p1b: Charizard|Protect
|move|p2a: Aerodactyl|Rock Slide|p1b: Charizard|[spread] p1a
|-activate|p1b: Charizard|move: Protect
|-damage|p1a: Corviknight|79/100
|move|p1a: Corviknight|Tailwind|p1a: Corviknight
|-sidestart|p1: sazar saifi|move: Tailwind
|
|-weather|SunnyDay|[upkeep]
|upkeep
|turn|3
|inactive|Battle timer is ON: inactive players will automatically lose when time's up. (requested by sazar saifi)
|
|t:|1783012329
|switch|p1b: Garchomp|Garchomp, L50, F|100/100
|detailschange|p2b: Charizard|Charizard-Mega-Y, L50, M
|-mega|p2b: Charizard|Charizard|Charizardite Y
|move|p2a: Aerodactyl|Rock Slide|p1b: Garchomp|[spread] p1a,p1b
|-resisted|p1b: Garchomp|1
|-damage|p1a: Corviknight|61/100
|-damage|p1b: Garchomp|89/100
|move|p2b: Charizard|Heat Wave|p1b: Garchomp|[spread] p1a,p1b
|-supereffective|p1a: Corviknight|1
|-resisted|p1b: Garchomp|1
|-damage|p1a: Corviknight|0 fnt
|-damage|p1b: Garchomp|53/100
|faint|p1a: Corviknight
|
|-weather|SunnyDay|[upkeep]
|upkeep
|
|t:|1783012339
|switch|p1a: Charizard|Charizard-Mega-Y, L50, F|75/100
|turn|4
|
|t:|1783012357
|move|p2a: Aerodactyl|Rock Slide|p1b: Garchomp|[spread] p1a,p1b
|-supereffective|p1a: Charizard|2
|-resisted|p1b: Garchomp|1
|-damage|p1a: Charizard|0 fnt
|-damage|p1b: Garchomp|42/100
|faint|p1a: Charizard
|cant|p1b: Garchomp|flinch
|move|p2b: Charizard|Solar Beam||[still]
|-prepare|p2b: Charizard|Solar Beam
|-anim|p2b: Charizard|Solar Beam|p1b: Garchomp
|-damage|p1b: Garchomp|0 fnt
|faint|p1b: Garchomp
|
|win|trompavieja
||sazar saifi is ready for game 2.
||trompavieja is ready for game 2.
|uhtml|next|Next: Game 2 of 3
|l|☆sazar saifi
|player|p1|
