|j|☆davidbob32
|j|☆duebo
|html|davidbob32duebo    
|uhtml|bestof|Game 2 of a best-of-3
|t:|1754845386
|gametype|doubles
|player|p1|davidbob32|102|1201
|player|p2|duebo|102|1276
|gen|9
|tier|[Gen 9] VGC 2025 Reg H (Bo3)
|rated|
|rule|Species Clause: Limit one of each Pokémon
|rule|Item Clause: Limit 1 of each item
|clearpoke
|poke|p1|Sneasler, L50, M|
|poke|p1|Indeedee, L50, M|
|poke|p1|Volcarona, L50, F|
|poke|p1|Ursaluna-Bloodmoon, L50, M|
|poke|p1|Annihilape, L50, M|
|poke|p1|Tyranitar, L50, M|
|poke|p2|Whimsicott, L50, F|
|poke|p2|Typhlosion-Hisui, L50, M|
|poke|p2|Ursaluna-Bloodmoon, L50, M|
|poke|p2|Amoonguss, L50, F|
|poke|p2|Tauros-Paldea-Aqua, L50, M|
|poke|p2|Weavile, L50, F|
|teampreview|4
|showteam|p1|Sneasler||PsychicSeed|Unburden|CloseCombat,DireClaw,ThroatChop,Protect|||M|||50|,,,,,Dark]Indeedee||ChoiceScarf|PsychicSurge|ExpandingForce,TeraBlast,Trick,Protect|||M|||50|,,,,,Psychic]Volcarona||SitrusBerry|FlameBody|Overheat,StruggleBug,RagePowder,Tailwind|||F|||50|,,,,,Grass]Ursaluna-Bloodmoon||LifeOrb|MindsEye|BloodMoon,HyperVoice,EarthPower,Protect|||M|||50|,,,,,Normal]Annihilape||SafetyGoggles|Defiant|CloseCombat,RageFist,Taunt,FinalGambit|||M|||50|,,,,,Fire]Tyranitar||AssaultVest|SandStream|RockSlide,KnockOff,TeraBlast,LowKick|||M|||50|,,,,,Flying
|showteam|p2|Whimsicott||CovertCloak|Prankster|Tailwind,SunnyDay,Moonblast,Encore|||F|||50|,,,,,Water]Typhlosion-Hisui||ChoiceSpecs|Blaze|Eruption,HeatWave,ShadowBall,Overheat|||M|||50|,,,,,Fire]Ursaluna-Bloodmoon||LifeOrb|MindsEye|BloodMoon,HyperVoice,EarthPower,Protect|||M|||50|,,,,,Normal]Amoonguss||RockyHelmet|Regenerator|Spore,RagePowder,ClearSmog,Protect|||F|||50|,,,,,Water]Tauros-Paldea-Aqua||ClearAmulet|Intimidate|RagingBull,CloseCombat,AquaJet,Protect|||M|||50|,,,,,Grass]Weavile||FocusSash|Pickpocket|IcyWind,IceSpinner,Taunt,Protect|||F|||50|,,,,,Ghost
|inactive|Battle timer is ON: inactive players will automatically lose when time's up. (requested by duebo)
|inactive|duebo has 60 seconds left.
|
|t:|1754845430
|teamsize|p1|4
|teamsize|p2|4
|start
|switch|p1a: Volcarona|Volcarona, L50, F|100/100
|switch|p1b: Tyranitar|Tyranitar, L50, M|100/100
|switch|p2a: annoying|Amoonguss, L50, F|100/100
|switch|p2b: scary|Ursaluna-Bloodmoon, L50, M|100/100
|-weather|Sandstorm|[from] ability: Sand Stream|[of] p1b: Tyranitar
|turn|1
|inactive|davidbob32 has 30 seconds left.
|
|t:|1754845465
|-terastallize|p2a: annoying|Water
|move|p2b: scary|Protect|p2b: scary
|-singleturn|p2b: scary|Protect
|move|p1a: Volcarona|Struggle Bug|p2b: scary|[spread] p2a
|-activate|p2b: scary|move: Protect
|-damage|p2a: annoying|88/100
|-unboost|p2a: annoying|spa|1
|move|p1b: Tyranitar|Rock Slide|p2b: scary|[spread] p2a
|-activate|p2b: scary|move: Protect
|-damage|p2a: annoying|60/100
|move|p2a: annoying|Spore|p1a: Volcarona
|-status|p1a: Volcarona|slp|[from] move: Spore
|
|-weather|Sandstorm|[upkeep]
|-damage|p1a: Volcarona|94/100 slp|[from] Sandstorm
|-damage|p2a: annoying|54/100|[from] Sandstorm
|upkeep
|turn|2
|inactive|davidbob32 has 30 seconds left.
|
|t:|1754845492
|move|p2a: annoying|Rage Powder|p2a: annoying
|-singleturn|p2a: annoying|move: Rage Powder
|cant|p1a: Volcarona|slp
|move|p2b: scary|Blood Moon|p1a: Volcarona
|-damage|p1a: Volcarona|0 fnt
|faint|p1a: Volcarona
|-damage|p2b: scary|91/100|[from] item: Life Orb
|move|p1b: Tyranitar|Low Kick|p2a: annoying
|-damage|p2a: annoying|40/100
|-damage|p1b: Tyranitar|84/100|[from] item: Rocky Helmet|[of] p2a: annoying
|
|-weather|Sandstorm|[upkeep]
|-damage|p2a: annoying|35/100|[from] Sandstorm
|upkeep
|
|t:|1754845512
|switch|p1a: Indeedee|Indeedee, L50, M|100/100
|-fieldstart|move: Psychic Terrain|[from] ability: Psychic Surge|[of] p1a: Indeedee
|turn|3
|
|t:|1754845528
|switch|p2a: fluff|Whimsicott, L50, F|100/100
|-terastallize|p1a: Indeedee|Psychic
|move|p2b: scary|Protect|p2b: scary
|-singleturn|p2b: scary|Protect
|move|p1a: Indeedee|Expanding Force|p2b: scary|[spread] p2a
|-activate|p2b: scary|move: Protect
|-damage|p2a: fluff|5/100
|move|p1b: Tyranitar|Rock Slide|p2a: fluff|[spread] 
|-activate|p2b: scary|move: Protect
|-miss|p1b: Tyranitar|p2a: fluff
|
|-weather|Sandstorm|[upkeep]
|-damage|p1a: Indeedee|95/100|[from] Sandstorm
|-damage|p2a: fluff|0 fnt|[from] Sandstorm
|faint|p2a: fluff
|upkeep
|inactive|duebo has 30 seconds left.
|inactive|duebo has 20 seconds left.
|
|t:|1754845566
|switch|p2a: emo|Typhlosion-Hisui, L50, M|100/100
|turn|4
|
|t:|1754845573
|move|p1a: Indeedee|Expanding Force|p2b: scary|[spread] p2a,p2b
|-damage|p2a: emo|1/100
|-damage|p2b: scary|0 fnt
|faint|p2b: scary
|move|p2a: emo|Heat Wave|p1b: Tyranitar|[spread] p1a
|-miss|p2a: emo|p1b: Tyranitar
|-damage|p1a: Indeedee|0 fnt
|faint|p1a: Indeedee
|move|p1b: Tyranitar|Rock Slide|p2a: emo
|-supereffective|p2a: emo
|-damage|p2a: emo|0 fnt
|faint|p2a: emo
|
|-weather|Sandstorm|[upkeep]
|upkeep
|-message|duebo forfeited.
|
|win|davidbob32
|raw|davidbob32's rating: 1201 → 1231(+30 for winning)
|raw|duebo's rating: 1276 → 1246(-30 for losing)
|l|☆duebo
|player|p2|
