|j|☆regalac3
|j|☆13JVH
|html|regalac313JVH    
|uhtml|bestof|Game 1 of a best-of-3
|t:|1783053006
|gametype|doubles
|player|p1|regalac3|n|1128
|player|p2|13JVH|shadowtriad|1054
|gen|9
|tier|[Gen 9 Champions] VGC 2026 Reg M-B (Bo3)
|rated|
|rule|Species Clause: Limit one of each Pokémon
|rule|Item Clause: Limit 1 of each item
|clearpoke
|poke|p1|Aerodactyl, L50, F|
|poke|p1|Pyroar, L50, M|
|poke|p1|Farigiraf, L50, M|
|poke|p1|Mamoswine, L50, F|
|poke|p1|Venusaur, L50, M|
|poke|p1|Torkoal, L50, F|
|poke|p2|Kangaskhan, L50, F|
|poke|p2|Glimmora, L50, F|
|poke|p2|Sneasler, L50, F|
|poke|p2|Volcarona, L50, F|
|poke|p2|Hatterene, L50, F|
|poke|p2|Samurott-Hisui, L50, M|
|teampreview|4
|showteam|p1|Aerodactyl||Aerodactylite|Unnerve|RockSlide,DualWingbeat,IceFang,Tailwind|Jolly||F|||50|]Pyroar||Pyroarite|Unnerve|HeatWave,SolarBeam,Overheat,Protect|Timid||M|||50|]Farigiraf||SitrusBerry|ArmorTail|Psychic,Thunderbolt,HelpingHand,TrickRoom|Modest||M|||50|]Mamoswine||LifeOrb|Oblivious|IcicleCrash,HighHorsepower,IceShard,Protect|Adamant||F|||50|]Venusaur||FocusSash|Chlorophyll|LeafStorm,SludgeBomb,SleepPowder,Protect|Modest||M|||50|]Torkoal||Charcoal|Drought|Eruption,WeatherBall,HelpingHand,Protect|Quiet||F|||50|
|showteam|p2|Kangaskhan||Kangaskhanite|Scrappy|FakeOut,BodySlam,SuckerPunch,FirePunch|Jolly||F|||50|]Glimmora||FocusSash|ToxicDebris|StealthRock,MortalSpin,MudShot,Memento|Timid||F|||50|]Sneasler||WhiteHerb|Unburden|SwordsDance,CloseCombat,DireClaw,Acrobatics|Adamant||F|||50|]Volcarona||SitrusBerry|FlameBody|QuiverDance,Flamethrower,BugBuzz,MorningSun|Timid||F|||50|]Hatterene||Leftovers|MagicBounce|PsychicNoise,DrainingKiss,PainSplit,Nuzzle|Bold||F|||50|]Samurott-Hisui||ChoiceScarf|Sharpness|CeaselessEdge,RazorShell,SacredSword,FlipTurn|Jolly||M|||50|
|inactive|Battle timer is ON: inactive players will automatically lose when time's up. (requested by 13JVH)
|
|t:|1783053029
|teamsize|p1|4
|teamsize|p2|4
|start
|switch|p1a: Pyroar|Pyroar, L50, M|100/100
|switch|p1b: Torkoal|Torkoal, L50, F|100/100
|switch|p2a: Glimmora|Glimmora, L50, F|100/100
|switch|p2b: Kangaskhan|Kangaskhan, L50, F|100/100
|-ability|p1a: Pyroar|Unnerve
|-weather|SunnyDay|[from] ability: Drought|[of] p1b: Torkoal
|turn|1
|
|t:|1783053047
|switch|p1b: Farigiraf|Farigiraf, L50, M|100/100
|detailschange|p1a: Pyroar|Pyroar-Mega, L50, M
|-mega|p1a: Pyroar|Pyroar|Pyroarite
|detailschange|p2b: Kangaskhan|Kangaskhan-Mega, L50, F
|-mega|p2b: Kangaskhan|Kangaskhan|Kangaskhanite
|move|p2b: Kangaskhan|Fake Out||[still]
|cant|p1b: Farigiraf|ability: Armor Tail|Fake Out|[of] p2b: Kangaskhan
|move|p1a: Pyroar|Heat Wave|p2a: Glimmora|[spread] p2a,p2b
|-resisted|p2a: Glimmora|1
|-damage|p2a: Glimmora|52/100
|-damage|p2b: Kangaskhan|21/100
|move|p2a: Glimmora|Stealth Rock|p1b: Farigiraf
|-sidestart|p1: regalac3|move: Stealth Rock
|
|-weather|SunnyDay|[upkeep]
|upkeep
|turn|2
|inactive|13JVH has 30 seconds left.
|
|t:|1783053074
|move|p1b: Farigiraf|Helping Hand|p1a: Pyroar
|-singleturn|p1a: Pyroar|Helping Hand|[of] p1b: Farigiraf
|move|p2b: Kangaskhan|Sucker Punch||[still]
|cant|p1b: Farigiraf|ability: Armor Tail|Sucker Punch|[of] p2b: Kangaskhan
|move|p1a: Pyroar|Heat Wave|p2b: Kangaskhan|[spread] p2a,p2b
|-resisted|p2a: Glimmora|1
|-damage|p2a: Glimmora|0 fnt
|-damage|p2b: Kangaskhan|0 fnt
|faint|p2a: Glimmora
|faint|p2b: Kangaskhan
|
|-weather|SunnyDay|[upkeep]
|upkeep
|-message|13JVH forfeited.
|raw|regalac3's rating: 1128 → 1148(+20 for winning)
|raw|13JVH's rating: 1054 → 1040(-14 for losing)
|
|win|regalac3
|l|☆13JVH
|player|p2|
