|j|☆wildbeans
|j|☆ProtectPartingShot
|html|wildbeansProtectPartingShot    
|uhtml|bestof|Game 2 of a best-of-3
|t:|1756147087
|gametype|doubles
|player|p1|wildbeans|biker-gen4|1357
|player|p2|ProtectPartingShot|iris|1459
|gen|9
|tier|[Gen 9] VGC 2025 Reg H (Bo3)
|rated|
|rule|Species Clause: Limit one of each Pokémon
|rule|Item Clause: Limit 1 of each item
|clearpoke
|poke|p1|Archaludon, L50, M|
|poke|p1|Rillaboom, L50, F|
|poke|p1|Basculegion, L50, M|
|poke|p1|Kingambit, L50, M|
|poke|p1|Pelipper, L50, F|
|poke|p1|Electabuzz, L50, M|
|poke|p2|Gholdengo, L50|
|poke|p2|Incineroar, L50, M|
|poke|p2|Amoonguss, L50, M|
|poke|p2|Sneasler, L50, M|
|poke|p2|Dragonite, L50, F|
|poke|p2|Ursaluna-Bloodmoon, L50, M|
|teampreview|4
|showteam|p1|Archaludon||AssaultVest|Stamina|ElectroShot,DracoMeteor,FlashCannon,BodyPress|||M|||50|,,,,,Bug]Rillaboom||LoadedDice|GrassySurge|BulletSeed,GrassyGlide,FakeOut,HighHorsepower|||F|||50|,,,,,Fire]Basculegion||ChoiceBand|SwiftSwim|WaveCrash,LastRespects,FlipTurn,AquaJet|||M|||50|,,,,,Grass]Kingambit||BlackGlasses|Defiant|KowtowCleave,SuckerPunch,SwordsDance,Protect|||M|||50|,,,,,Dark]Pelipper||FocusSash|Drizzle|WeatherBall,Hurricane,Tailwind,Protect|||F|||50|,,,,,Ghost]Electabuzz||Eviolite|VitalSpirit|Electroweb,Taunt,FollowMe,Protect|||M|||50|,,,,,Ghost
|showteam|p2|Gholdengo||LifeOrb|GoodasGold|MakeItRain,ShadowBall,NastyPlot,Protect||||||50|,,,,,Water]Incineroar||SafetyGoggles|Intimidate|PartingShot,FlareBlitz,KnockOff,FakeOut|||M|||50|,,,,,Ghost]Amoonguss||SitrusBerry|Regenerator|Spore,RagePowder,PollenPuff,Protect|||M|||50|,,,,,Fairy]Sneasler||FocusSash|Unburden|DireClaw,CloseCombat,ThroatChop,Protect|||M|||50|,,,,,Stellar]Dragonite||LoadedDice|Multiscale|ScaleShot,Tailwind,Haze,Protect|||F|||50|,,,,,Fairy]Ursaluna-Bloodmoon||AssaultVest|MindsEye|HyperVoice,EarthPower,BloodMoon,VacuumWave|||M|||50|,,,,,Normal
|inactive|Battle timer is ON: inactive players will automatically lose when time's up. (requested by ProtectPartingShot)
|inactive|wildbeans has 60 seconds left.
|
|t:|1756147152
|teamsize|p1|4
|teamsize|p2|4
|start
|switch|p1a: Pelipper|Pelipper, L50, F|100/100
|switch|p1b: Basculegion|Basculegion, L50, M|100/100
|switch|p2a: Dragonite|Dragonite, L50, F|100/100
|switch|p2b: Ursaluna|Ursaluna-Bloodmoon, L50, M|100/100
|-weather|RainDance|[from] ability: Drizzle|[of] p1a: Pelipper
|turn|1
|inactive|wildbeans has 30 seconds left.
|inactive|ProtectPartingShot has 30 seconds left.
|
|t:|1756147189
|-terastallize|p2b: Ursaluna|Normal
|move|p1b: Basculegion|Wave Crash|p2b: Ursaluna
|-damage|p2b: Ursaluna|0 fnt
|faint|p2b: Ursaluna
|-damage|p1b: Basculegion|66/100|[from] Recoil
|move|p2a: Dragonite|Tailwind|p2a: Dragonite
|-sidestart|p2: ProtectPartingShot|move: Tailwind
|move|p1a: Pelipper|Tailwind|p1a: Pelipper
|-sidestart|p1: wildbeans|move: Tailwind
|
|-weather|RainDance|[upkeep]
|upkeep
|
|t:|1756147196
|switch|p2b: Sneasler|Sneasler, L50, M|100/100
|turn|2
|inactive|wildbeans has 30 seconds left.
|inactive|wildbeans has 20 seconds left.
|
|t:|1756147233
|switch|p1b: Archaludon|Archaludon, L50, M|100/100
|move|p2b: Sneasler|Dire Claw|p1a: Pelipper
|-damage|p1a: Pelipper|49/100
|-status|p1a: Pelipper|par
|move|p2a: Dragonite|Scale Shot|p1b: Archaludon
|-damage|p1b: Archaludon|90/100
|-ability|p1b: Archaludon|Stamina|boost
|-boost|p1b: Archaludon|def|1
|-damage|p1b: Archaludon|83/100
|-ability|p1b: Archaludon|Stamina|boost
|-boost|p1b: Archaludon|def|1
|-damage|p1b: Archaludon|78/100
|-ability|p1b: Archaludon|Stamina|boost
|-boost|p1b: Archaludon|def|1
|-damage|p1b: Archaludon|73/100
|-ability|p1b: Archaludon|Stamina|boost
|-boost|p1b: Archaludon|def|1
|-hitcount|p1b: Archaludon|4
|-unboost|p2a: Dragonite|def|1
|-boost|p2a: Dragonite|spe|1
|move|p1a: Pelipper|Hurricane|p2b: Sneasler
|-supereffective|p2b: Sneasler
|-enditem|p2b: Sneasler|Focus Sash
|-damage|p2b: Sneasler|1/100
|-start|p2b: Sneasler|confusion
|
|-weather|RainDance|[upkeep]
|upkeep
|turn|3
|l|☆ProtectPartingShot
|inactive|ProtectPartingShot disconnected and has a minute to reconnect!
|player|p2|
|j|☆ProtectPartingShot
|inactive|ProtectPartingShot reconnected and has 35 seconds left.
|player|p2|ProtectPartingShot|iris|
|inactive|wildbeans has 30 seconds left.
|inactive|ProtectPartingShot has 30 seconds left.
|inactive|wildbeans has 20 seconds left.
|inactive|ProtectPartingShot has 20 seconds left.
|
|t:|1756147270
|-terastallize|p1b: Archaludon|Bug
|-activate|p2b: Sneasler|confusion
|-damage|p2b: Sneasler|0 fnt|[from] confusion
|faint|p2b: Sneasler
|move|p2a: Dragonite|Haze|p2a: Dragonite
|-clearallboost
|move|p1b: Archaludon|Electro Shot||[still]
|-prepare|p1b: Archaludon|Electro Shot
|-boost|p1b: Archaludon|spa|1
|-anim|p1b: Archaludon|Electro Shot|p2a: Dragonite
|-damage|p2a: Dragonite|71/100
|move|p1a: Pelipper|Hurricane|p2a: Dragonite
|-damage|p2a: Dragonite|17/100
|
|-weather|RainDance|[upkeep]
|upkeep
|
|t:|1756147273
|switch|p2b: Amoonguss|Amoonguss, L50, M, shiny|100/100
|turn|4
|-message|ProtectPartingShot forfeited.
|
|win|wildbeans
|raw|wildbeans's rating: 1357 → 1383(+26 for winning)
|raw|ProtectPartingShot's rating: 1459 → 1433(-26 for losing)
|l|☆ProtectPartingShot
|player|p2|
|c|☆wildbeans|ggs
