|j|☆saboyita
|j|☆Aplay1O1
|html|saboyitaAplay1O1    
|uhtml|bestof|Game 1 of a best-of-3
|t:|1756334741
|gametype|doubles
|player|p1|saboyita|grimsley|1066
|player|p2|Aplay1O1|zinnia|1029
|gen|9
|tier|[Gen 9] VGC 2025 Reg H (Bo3)
|rated|
|rule|Species Clause: Limit one of each Pokémon
|rule|Item Clause: Limit 1 of each item
|clearpoke
|poke|p1|Amoonguss, L50, M|
|poke|p1|Hydreigon, L50, F|
|poke|p1|Whimsicott, L50, F|
|poke|p1|Maushold-Four, L50|
|poke|p1|Annihilape, L50, M|
|poke|p1|Ursaluna-Bloodmoon, L50, M|
|poke|p2|Metagross, L50|
|poke|p2|Salamence, L50, M|
|poke|p2|Incineroar, L50, F|
|poke|p2|Ursaluna, L50, M|
|poke|p2|Sinistcha, L50|
|poke|p2|Primarina, L50, M|
|teampreview|4
|showteam|p1|Amoonguss||MentalHerb|Regenerator|ClearSmog,Spore,RagePowder,Protect|||M|||50|,,,,,Water]Hydreigon||ChoiceSpecs|Levitate|Snarl,HeatWave,DarkPulse,DracoMeteor|||F|||50|,,,,,Ghost]Whimsicott||CovertCloak|Prankster|BeatUp,Encore,HelpingHand,Tailwind|||F|||50|,,,,,Dark]Maushold-Four||WideLens|Technician|PopulationBomb,Taunt,FollowMe,Protect||||||50|,,,,,Ghost]Annihilape||Leftovers|Defiant|RageFist,CloseCombat,FinalGambit,Protect|||M|||50|,,,,,Water]Ursaluna-Bloodmoon||LifeOrb|MindsEye|HyperVoice,EarthPower,BloodMoon,Protect|||M|||50|,,,,,Water
|showteam|p2|Metagross||WeaknessPolicy|ClearBody|PsychicFangs,HeavySlam,Earthquake,Protect||||||50|,,,,,Ghost]Salamence||CovertCloak|Intimidate|Tailwind,DracoMeteor,Bulldoze,Protect|||M|||50|,,,,,Water]Incineroar||SafetyGoggles|Intimidate|FakeOut,FlareBlitz,KnockOff,PartingShot|||F|||50|,,,,,Ghost]Ursaluna||FlameOrb|Guts|HeadlongRush,Facade,Earthquake,Protect|||M|||50|,,,,,Ghost]Sinistcha||MentalHerb|Hospitality|RagePowder,TrickRoom,MatchaGotcha,Protect||||||50|,,,,,Water]Primarina||ThroatSpray|LiquidVoice|Protect,HyperVoice,Moonblast,Haze|||M|||50|,,,,,Grass
|inactive|Battle timer is ON: inactive players will automatically lose when time's up. (requested by saboyita)
|inactive|saboyita has 60 seconds left.
|inactive|Aplay1O1 has 60 seconds left.
|
|t:|1756334807
|teamsize|p1|4
|teamsize|p2|4
|start
|switch|p1a: Whimsicott|Whimsicott, L50, F|100/100
|switch|p1b: Annihilape|Annihilape, L50, M|100/100
|switch|p2a: Sinistcha|Sinistcha, L50|100/100
|switch|p2b: Incineroar|Incineroar, L50, F|100/100
|-ability|p2b: Incineroar|Intimidate|boost
|-unboost|p1a: Whimsicott|atk|1
|-unboost|p1b: Annihilape|atk|1
|-ability|p1b: Annihilape|Defiant|boost
|-boost|p1b: Annihilape|atk|2
|turn|1
|inactive|saboyita has 30 seconds left.
|inactive|Aplay1O1 has 30 seconds left.
|inactive|Aplay1O1 has 20 seconds left.
|inactive|saboyita has 20 seconds left.
|inactive|Aplay1O1 has 15 seconds left.
|inactive|Aplay1O1 has 10 seconds left.
|inactive|Aplay1O1 has 5 seconds left.
|
|t:|1756334859
|-terastallize|p2a: Sinistcha|Water
|move|p1a: Whimsicott|Beat Up|p1b: Annihilape
|-damage|p1b: Annihilape|99/100
|-damage|p1b: Annihilape|97/100
|-damage|p1b: Annihilape|95/100
|-damage|p1b: Annihilape|93/100
|-hitcount|p1b: Annihilape|4
|move|p1b: Annihilape|Rage Fist|p2a: Sinistcha
|-damage|p2a: Sinistcha|0 fnt
|faint|p2a: Sinistcha
|move|p2b: Incineroar|Knock Off|p1b: Annihilape
|-damage|p1b: Annihilape|45/100
|-enditem|p1b: Annihilape|Leftovers|[from] move: Knock Off|[of] p2b: Incineroar
|
|upkeep
|
|t:|1756334875
|switch|p2a: Ursaluna|Ursaluna, L50, M|100/100
|turn|2
|inactive|saboyita has 30 seconds left.
|
|t:|1756334903
|switch|p1a: Hydreigon|Hydreigon, L50, F|100/100
|move|p1b: Annihilape|Protect|p1b: Annihilape
|-singleturn|p1b: Annihilape|Protect
|move|p2a: Ursaluna|Protect|p2a: Ursaluna
|-singleturn|p2a: Ursaluna|Protect
|move|p2b: Incineroar|Flare Blitz|p1a: Hydreigon
|-resisted|p1a: Hydreigon
|-damage|p1a: Hydreigon|68/100
|-damage|p2b: Incineroar|92/100|[from] Recoil
|
|-status|p2a: Ursaluna|brn|[from] item: Flame Orb
|upkeep
|turn|3
|
|t:|1756334920
|switch|p2a: Primarina|Primarina, L50, M|100/100
|move|p1a: Hydreigon|Dark Pulse|p2a: Primarina
|-resisted|p2a: Primarina
|-damage|p2a: Primarina|69/100
|move|p1b: Annihilape|Close Combat|p2a: Primarina
|-resisted|p2a: Primarina
|-crit|p2a: Primarina
|-damage|p2a: Primarina|0 fnt
|-unboost|p1b: Annihilape|def|1
|-unboost|p1b: Annihilape|spd|1
|faint|p2a: Primarina
|move|p2b: Incineroar|Knock Off|p1b: Annihilape
|-damage|p1b: Annihilape|3/100
|
|upkeep
|
|t:|1756334933
|switch|p2a: Ursaluna|Ursaluna, L50, M|100/100 brn
|turn|4
|
|t:|1756334957
|move|p2a: Ursaluna|Protect|p2a: Ursaluna
|-singleturn|p2a: Ursaluna|Protect
|move|p1b: Annihilape|Close Combat|p2b: Incineroar
|-supereffective|p2b: Incineroar
|-damage|p2b: Incineroar|0 fnt
|-unboost|p1b: Annihilape|def|1
|-unboost|p1b: Annihilape|spd|1
|faint|p2b: Incineroar
|move|p1a: Hydreigon|Dark Pulse|p2a: Ursaluna
|-activate|p2a: Ursaluna|move: Protect
|
|-damage|p2a: Ursaluna|95/100 brn|[from] brn
|upkeep
|turn|5
|
|t:|1756334975
|move|p1b: Annihilape|Close Combat|p2a: Ursaluna
|-supereffective|p2a: Ursaluna
|-damage|p2a: Ursaluna|0 fnt
|-unboost|p1b: Annihilape|def|1
|-unboost|p1b: Annihilape|spd|1
|faint|p2a: Ursaluna
|
|win|saboyita
|l|☆Aplay1O1
|player|p2|
||Aplay1O1 is ready for game 2.
