|j|☆Siegfried_TV
|j|☆shainmickey
|html|Siegfried_TVshainmickey    
|uhtml|bestof|Game 2 of a best-of-3
|t:|1757191394
|gametype|doubles
|player|p1|Siegfried_TV|lance|1091
|player|p2|shainmickey|1|1047
|gen|9
|tier|[Gen 9] VGC 2025 Reg H (Bo3)
|rated|
|rule|Species Clause: Limit one of each Pokémon
|rule|Item Clause: Limit 1 of each item
|clearpoke
|poke|p1|Indeedee-F, L50, F|
|poke|p1|Hatterene, L50, F|
|poke|p1|Gallade, L50, M|
|poke|p1|Ursaluna, L50, M|
|poke|p1|Lilligant-Hisui, L50, F|
|poke|p1|Torkoal, L50, M|
|poke|p2|Gholdengo, L50|
|poke|p2|Incineroar, L50, F|
|poke|p2|Archaludon, L50, M|
|poke|p2|Whimsicott, L50, F|
|poke|p2|Amoonguss, L50, F|
|poke|p2|Pelipper, L50, F|
|teampreview|4
|showteam|p1|Indeedee-F||PsychicSeed|PsychicSurge|TrickRoom,FollowMe,HelpingHand,DazzlingGleam|||F|||50|,,,,,Fire]Hatterene||LifeOrb|MagicBounce|ExpandingForce,TrickRoom,DazzlingGleam,Protect|||F|||50|,,,,,Psychic]Gallade||ClearAmulet|Sharpness|PsychoCut,TrickRoom,SacredSword,WideGuard|||M|||50|,,,,,Grass]Ursaluna||FlameOrb|Guts|HeadlongRush,Facade,SwordsDance,Protect|||M|||50|,,,,,Ghost]Lilligant-Hisui||FocusSash|Chlorophyll|SolarBlade,SleepPowder,CloseCombat,AfterYou|||F|||50|,,,,,Ghost]Torkoal||ChoiceSpecs|Drought|Eruption,HeatWave,WeatherBall,EarthPower|||M|||50|,,,,,Fire
|showteam|p2|Gholdengo||LifeOrb|GoodasGold|MakeItRain,NastyPlot,ShadowBall,Protect||||||50|,,,,,Steel]Incineroar||SafetyGoggles|Intimidate|FakeOut,FlareBlitz,KnockOff,PartingShot|||F|||50|,,,,,Water]Archaludon||PowerHerb|Stamina|ElectroShot,DragonPulse,FlashCannon,Protect|||M|||50|,,,,,Electric]Whimsicott||FocusSash|Prankster|Tailwind,Encore,FakeTears,Moonblast|||F|||50|,,,,,Water]Amoonguss||CovertCloak|Regenerator|Spore,SludgeBomb,PollenPuff,RagePowder|||F|||50|,,,,,Water]Pelipper||SitrusBerry|Drizzle|WeatherBall,Hurricane,HelpingHand,Protect|||F|||50|,,,,,Grass
|
|t:|1757191426
|teamsize|p1|4
|teamsize|p2|4
|start
|switch|p1a: MOIN|Indeedee-F, L50, F, shiny|100/100
|switch|p1b: Meister|Hatterene, L50, F, shiny|100/100
|switch|p2a: Amoonguss|Amoonguss, L50, F|100/100
|switch|p2b: Incineroar|Incineroar, L50, F|100/100
|-fieldstart|move: Psychic Terrain|[from] ability: Psychic Surge|[of] p1a: MOIN
|-enditem|p1a: MOIN|Psychic Seed
|-boost|p1a: MOIN|spd|1|[from] item: Psychic Seed
|-ability|p2b: Incineroar|Intimidate|boost
|-unboost|p1a: MOIN|atk|1
|-unboost|p1b: Meister|atk|1
|turn|1
|
|t:|1757191469
|move|p2b: Incineroar|Knock Off|p1b: Meister
|-damage|p1b: Meister|50/100
|-enditem|p1b: Meister|Life Orb|[from] move: Knock Off|[of] p2b: Incineroar
|move|p2a: Amoonguss|Pollen Puff|p1b: Meister
|-damage|p1b: Meister|23/100
|move|p1b: Meister|Expanding Force|p2a: Amoonguss|[spread] p2a
|-immune|p2b: Incineroar
|-supereffective|p2a: Amoonguss
|-damage|p2a: Amoonguss|0 fnt
|faint|p2a: Amoonguss
|move|p1a: MOIN|Trick Room|p1a: MOIN
|-fieldstart|move: Trick Room|[of] p1a: MOIN
|
|upkeep
|-message|shainmickey forfeited.
|
|win|Siegfried_TV
|raw|Siegfried_TV's rating: 1091 → 1114(+23 for winning)
|raw|shainmickey's rating: 1047 → 1032(-15 for losing)
|l|☆shainmickey
|player|p2|
