|j|☆The Chewer
|j|☆KevtroGameplays
|html|The ChewerKevtroGameplays    
|uhtml|bestof|Game 2 of a best-of-3
|t:|1756319503
|gametype|doubles
|player|p1|The Chewer|blaine|1004
|player|p2|KevtroGameplays|266|1027
|gen|9
|tier|[Gen 9] VGC 2025 Reg H (Bo3)
|rated|
|rule|Species Clause: Limit one of each Pokémon
|rule|Item Clause: Limit 1 of each item
|clearpoke
|poke|p1|Slaking, L50, M|
|poke|p1|Weezing, L50, F|
|poke|p1|Krookodile, L50, F|
|poke|p1|Klefki, L50, F|
|poke|p1|Sylveon, L50, F|
|poke|p1|Arcanine, L50, F|
|poke|p2|Ursaluna, L50, M|
|poke|p2|Torkoal, L50, M|
|poke|p2|Porygon2, L50|
|poke|p2|Charizard, L50, M|
|poke|p2|Jumpluff, L50, F|
|poke|p2|Incineroar, L50, M|
|teampreview|4
|showteam|p1|Slaking||ClearAmulet|Truant|Protect,SuckerPunch,DrainPunch,Facade|||M|||50|,,,,,Normal]Weezing||SitrusBerry|NeutralizingGas|Protect,Taunt,WillOWisp,AcidSpray|||F|||50|,,,,,Dark]Krookodile||AssaultVest|Moxie|HighHorsepower,KnockOff,RockSlide,GunkShot|||F|||50|,,,,,Poison]Klefki||LightClay|Prankster|FlashCannon,LightScreen,Reflect,ThunderWave|||F|||50|,,,,,Dark]Sylveon||WikiBerry|Pixilate|Protect,CalmMind,HyperVoice,DrainingKiss|||F|||50|,,,,,Fairy]Arcanine||SafetyGoggles|Intimidate|Protect,Howl,WillOWisp,FlareBlitz|||F|||50|,,,,,Water
|showteam|p2|Ursaluna||FlameOrb|Guts|HeadlongRush,Earthquake,Facade,Protect|||M|||50|,,,,,Ghost]Torkoal||EjectPack|Drought|Overheat,HeatWave,Protect,HelpingHand|||M|||50|,,,,,Fire]Porygon2||Eviolite|Download|TeraBlast,Recover,TrickRoom,IceBeam||||||50|,,,,,Fighting]Charizard||ChoiceSpecs|SolarPower|Overheat,HeatWave,AirSlash,WeatherBall|||M|||50|,,,,,Ghost]Jumpluff||CovertCloak|Chlorophyll|SleepPowder,SunnyDay,Tailwind,RagePowder|||F|||50|,,,,,Water]Incineroar||SitrusBerry|Intimidate|FakeOut,KnockOff,FlareBlitz,PartingShot|||M|||50|,,,,,Ghost
|inactive|Battle timer is ON: inactive players will automatically lose when time's up. (requested by The Chewer)
|inactive|The Chewer has 60 seconds left.
|inactive|KevtroGameplays has 60 seconds left.
|inactive|The Chewer has 30 seconds left.
|inactive|The Chewer has 20 seconds left.
|inactive|The Chewer has 15 seconds left.
|inactive|The Chewer has 10 seconds left.
|inactive|The Chewer has 5 seconds left.
|
|t:|1756319589
|teamsize|p1|4
|teamsize|p2|4
|start
|switch|p1a: Slaking|Slaking, L50, M|100/100
|switch|p1b: Weezing|Weezing, L50, F|100/100
|switch|p2a: Ursaluna|Ursaluna, L50, M|100/100
|switch|p2b: Incineroar|Incineroar, L50, M|100/100
|-ability|p1b: Weezing|Neutralizing Gas
|turn|1
|inactive|KevtroGameplays has 30 seconds left.
|
|t:|1756319616
|move|p1a: Slaking|Protect|p1a: Slaking
|-singleturn|p1a: Slaking|Protect
|move|p1b: Weezing|Protect|p1b: Weezing
|-singleturn|p1b: Weezing|Protect
|move|p2b: Incineroar|Fake Out|p1a: Slaking
|-activate|p1a: Slaking|move: Protect
|move|p2a: Ursaluna|Headlong Rush|p1b: Weezing
|-activate|p1b: Weezing|move: Protect
|
|-status|p2a: Ursaluna|brn|[from] item: Flame Orb
|upkeep
|turn|2
|inactive|The Chewer has 30 seconds left.
|inactive|KevtroGameplays has 30 seconds left.
|
|t:|1756319647
|switch|p2b: Jumpluff|Jumpluff, L50, F|100/100
|move|p2a: Ursaluna|Protect|p2a: Ursaluna
|-singleturn|p2a: Ursaluna|Protect
|move|p1b: Weezing|Protect||[still]
|-fail|p1b: Weezing
|move|p1a: Slaking|Drain Punch|p2a: Ursaluna
|-activate|p2a: Ursaluna|move: Protect
|
|-damage|p2a: Ursaluna|95/100 brn|[from] brn
|upkeep
|turn|3
|inactive|The Chewer has 30 seconds left.
|
|t:|1756319676
|switch|p1a: Arcanine|Arcanine, L50, F|100/100
|move|p2b: Jumpluff|Sleep Powder|p1b: Weezing
|-status|p1b: Weezing|slp|[from] move: Sleep Powder
|move|p2a: Ursaluna|Facade|p1a: Arcanine
|-damage|p1a: Arcanine|15/100
|cant|p1b: Weezing|slp
|
|-damage|p2a: Ursaluna|89/100 brn|[from] brn
|upkeep
|turn|4
|
|t:|1756319690
|-end|p1b: Weezing|ability: Neutralizing Gas
|-ability|p1a: Arcanine|Intimidate|boost
|-unboost|p2a: Ursaluna|atk|1
|-unboost|p2b: Jumpluff|atk|1
|switch|p1b: Krookodile|Krookodile, L50, F|100/100
|move|p2b: Jumpluff|Tailwind|p2b: Jumpluff
|-sidestart|p2: KevtroGameplays|move: Tailwind
|move|p2a: Ursaluna|Earthquake|p1a: Arcanine|[spread] p1a,p1b
|-immune|p2b: Jumpluff
|-supereffective|p1a: Arcanine
|-damage|p1a: Arcanine|0 fnt
|-damage|p1b: Krookodile|50/100
|faint|p1a: Arcanine
|
|-damage|p2a: Ursaluna|83/100 brn|[from] brn
|upkeep
|
|t:|1756319701
|switch|p1a: Slaking|Slaking, L50, M|100/100
|turn|5
|
|t:|1756319725
|switch|p2a: Charizard|Charizard, L50, M|100/100
|move|p2b: Jumpluff|Sleep Powder|p1b: Krookodile
|-status|p1b: Krookodile|slp|[from] move: Sleep Powder
|move|p1a: Slaking|Drain Punch|p2a: Charizard
|-resisted|p2a: Charizard
|-damage|p2a: Charizard|79/100
|cant|p1b: Krookodile|slp
|
|upkeep
|turn|6
|-message|The Chewer forfeited.
|raw|The Chewer's rating: 1004 → 1000(-4 for losing)
|raw|KevtroGameplays's rating: 1027 → 1061(+34 for winning)
|
|win|KevtroGameplays
