|j|☆boredatwork785
|j|☆WASHINGTONGARGACHA
|html|boredatwork785WASHINGTONGARGACHA    
|uhtml|bestof|Game 2 of a best-of-3
|t:|1756465269
|gametype|doubles
|player|p1|boredatwork785|102|1112
|player|p2|WASHINGTONGARGACHA|265|1108
|gen|9
|tier|[Gen 9] VGC 2025 Reg H (Bo3)
|rated|
|rule|Species Clause: Limit one of each Pokémon
|rule|Item Clause: Limit 1 of each item
|clearpoke
|poke|p1|Electrode-Hisui, L50|
|poke|p1|Archaludon, L50, F|
|poke|p1|Baxcalibur, L50, M|
|poke|p1|Primarina, L50, M|
|poke|p1|Incineroar, L50, F|
|poke|p1|Annihilape, L50, F|
|poke|p2|Gholdengo, L50|
|poke|p2|Ursaluna, L50, M|
|poke|p2|Archaludon, L50, F|
|poke|p2|Murkrow, L50, F|
|poke|p2|Farigiraf, L50, F|
|poke|p2|Palafin, L50, F|
|teampreview|4
|showteam|p1|Electrode-Hisui||FocusSash|Aftermath|Electroweb,ElectricTerrain,Chloroblast,Thunderbolt||||||50|,,,,,Ghost]Archaludon||PowerHerb|Sturdy|Thunderbolt,ElectroShot,DragonPulse,Protect|||F|||50|,,,,,Electric]Baxcalibur||LoadedDice|ThermalExchange|ScaleShot,IcicleSpear,IceShard,Protect|||M|||50|,,,,,Dragon]Primarina||AssaultVest|LiquidVoice|HyperVoice,Moonblast,ChillingWater,IcyWind|||M|||50|,,,,,Poison]Incineroar||SafetyGoggles|Intimidate|FakeOut,KnockOff,FlareBlitz,PartingShot|||F|||50|,,,,,Ghost]Annihilape||ChoiceScarf|Defiant|CloseCombat,RageFist,FinalGambit,Uturn|||F|||50|,,,,,Fire
|showteam|p2|Gholdengo||SitrusBerry|GoodasGold|ShadowBall,MakeItRain,NastyPlot,Protect||||||50|,,,,,Water]Ursaluna||FlameOrb|Guts|Facade,Earthquake,Protect,HeadlongRush|||M|||50|,,,,,Ghost]Archaludon||PowerHerb|Stamina|ElectroShot,FlashCannon,DracoMeteor,Protect|||F|||50|,,,,,Grass]Murkrow||Eviolite|Prankster|Tailwind,RainDance,FoulPlay,Haze|||F|||50|,,,,,Dark]Farigiraf||ThroatSpray|ArmorTail|HyperVoice,TrickRoom,Psychic,Protect|||F|||50|,,,,,Fairy]Palafin||MysticWater|ZerotoHero|FlipTurn,Protect,JetPunch,WaveCrash|||F|||50|,,,,,Water
|inactive|Battle timer is ON: inactive players will automatically lose when time's up. (requested by boredatwork785)
|inactive|boredatwork785 has 60 seconds left.
|
|t:|1756465301
|teamsize|p1|4
|teamsize|p2|4
|start
|switch|p1a: Annihilape|Annihilape, L50, F|100/100
|switch|p1b: Baxcalibur|Baxcalibur, L50, M|100/100
|switch|p2a: Farigiraf|Farigiraf, L50, F|100/100
|switch|p2b: Palafin|Palafin, L50, F|100/100
|turn|1
|
|t:|1756465314
|move|p2a: Farigiraf|Protect|p2a: Farigiraf
|-singleturn|p2a: Farigiraf|Protect
|move|p1a: Annihilape|Final Gambit|p2a: Farigiraf
|-activate|p2a: Farigiraf|move: Protect
|move|p2b: Palafin|Flip Turn|p1a: Annihilape
|-damage|p1a: Annihilape|75/100
|
|t:|1756465322
|detailschange|p2b: Palafin|Palafin-Hero, L50, F
|switch|p2b: Ursaluna|Ursaluna, L50, M|100/100|[from] Flip Turn
|move|p1b: Baxcalibur|Icicle Spear|p2a: Farigiraf
|-activate|p2a: Farigiraf|move: Protect
|
|-status|p2b: Ursaluna|brn|[from] item: Flame Orb
|upkeep
|turn|2
|inactive|WASHINGTONGARGACHA has 30 seconds left.
|inactive|boredatwork785 has 30 seconds left.
|inactive|WASHINGTONGARGACHA has 20 seconds left.
|inactive|WASHINGTONGARGACHA has 15 seconds left.
|
|t:|1756465365
|move|p1a: Annihilape|Final Gambit|p2a: Farigiraf
|-damage|p2a: Farigiraf|28/100
|faint|p1a: Annihilape
|move|p1b: Baxcalibur|Icicle Spear|p2a: Farigiraf
|-damage|p2a: Farigiraf|12/100
|-damage|p2a: Farigiraf|0 fnt
|faint|p2a: Farigiraf
|-hitcount|p2: Farigiraf|2
|move|p2b: Ursaluna|Facade|p1b: Baxcalibur
|-damage|p1b: Baxcalibur|0 fnt
|faint|p1b: Baxcalibur
|
|-damage|p2b: Ursaluna|94/100 brn|[from] brn
|upkeep
|
|t:|1756465379
|switch|p1b: Incineroar|Incineroar, L50, F|100/100
|switch|p1a: Electrode|Electrode-Hisui, L50|100/100
|switch|p2a: Archaludon|Archaludon, L50, F|100/100
|-ability|p1b: Incineroar|Intimidate|boost
|-unboost|p2a: Archaludon|atk|1
|-unboost|p2b: Ursaluna|atk|1
|turn|3
|
|t:|1756465403
|-terastallize|p2b: Ursaluna|Ghost
|move|p2a: Archaludon|Protect|p2a: Archaludon
|-singleturn|p2a: Archaludon|Protect
|move|p1a: Electrode|Chloroblast|p2b: Ursaluna
|-damage|p2b: Ursaluna|39/100 brn
|-damage|p1a: Electrode|50/100|[from] Recoil
|move|p1b: Incineroar|Knock Off|p2a: Archaludon
|-activate|p2a: Archaludon|move: Protect
|move|p2b: Ursaluna|Headlong Rush|p1b: Incineroar
|-supereffective|p1b: Incineroar
|-damage|p1b: Incineroar|0 fnt
|-unboost|p2b: Ursaluna|def|1
|-unboost|p2b: Ursaluna|spd|1
|faint|p1b: Incineroar
|
|-damage|p2b: Ursaluna|33/100 brn|[from] brn
|upkeep
|turn|4
|
|t:|1756465424
|move|p1a: Electrode|Electroweb|p2b: Ursaluna|[spread] p2b
|-miss|p1a: Electrode|p2a: Archaludon
|-damage|p2b: Ursaluna|10/100 brn
|-unboost|p2b: Ursaluna|spe|1
|move|p2a: Archaludon|Flash Cannon|p1a: Electrode
|-resisted|p1a: Electrode
|-damage|p1a: Electrode|17/100
|move|p2b: Ursaluna|Facade|p1a: Electrode
|-damage|p1a: Electrode|0 fnt
|-damage|p2b: Ursaluna|0 fnt|[from] ability: Aftermath|[of] p1a: Electrode
|faint|p1a: Electrode
|faint|p2b: Ursaluna
|
|win|WASHINGTONGARGACHA
