|j|☆OroRosaXIV
|j|☆Noir-Grey
|html|OroRosaXIVNoir-Grey    
|uhtml|bestof|Game 3 of a best-of-3
|t:|1784366395
|gametype|doubles
|player|p1|OroRosaXIV|cynthia-gen4|
|player|p2|Noir-Grey|bellelba|
|gen|9
|tier|[Gen 9 Champions] VGC 2026 Reg M-B (Bo3)
|rule|Species Clause: Limit one of each Pokémon
|rule|Item Clause: Limit 1 of each item
|clearpoke
|poke|p1|Glalie, L50, M|
|poke|p1|Sableye, L50, M|
|poke|p1|Swampert, L50, M|
|poke|p1|Archaludon, L50, M|
|poke|p1|Zoroark-Hisui, L50, M|
|poke|p1|Lycanroc-Dusk, L50, M|
|poke|p2|Gardevoir, L50, F, shiny|
|poke|p2|Hatterene, L50, F|
|poke|p2|Mawile, L50, F|
|poke|p2|Tsareena, L50, F|
|poke|p2|Leafeon, L50, F|
|poke|p2|Primarina, L50, F|
|teampreview|4
|showteam|p1|Glalie||Glalitite|Moody|Explosion,BodySlam,Earthquake,Protect|Jolly||M|||50|]Sableye||MentalHerb|Prankster|ThunderWave,RainDance,FakeOut,Quash|Bold||M|||50|]Swampert||Swampertite|Torrent|WaveCrash,Earthquake,HammerArm,Protect|Adamant||M|||50|]Archaludon||ChoiceScarf|Stamina|DracoMeteor,ElectroShot,SteelBeam,FlashCannon|Modest||M|||50|]Zoroark-Hisui||FocusSash|Illusion|IcyWind,Protect,ShadowBall,FakeTears|Timid||M|||50|]Lycanroc-Dusk||LifeOrb|ToughClaws|Accelerock,RockSlide,CloseCombat,Protect|Jolly||M|||50|
|showteam|p2|Gardevoir||Gardevoirite|Trace|Psychic,Thunderbolt,Protect,TrickRoom|Quiet||F|||50|]Hatterene||LifeOrb|MagicBounce|DazzlingGleam,ExpandingForce,TrickRoom,Protect|Quiet||F|||50|]Mawile||Leftovers|HyperCutter|PlayRough,IronHead,SuckerPunch,Protect|Adamant||F|||50|]Tsareena||SitrusBerry|QueenlyMajesty|PowerWhip,Uturn,TripleAxel,Taunt|Adamant||F|||50|]Leafeon||KingsRock|LeafGuard|LeafBlade,KnockOff,DoubleEdge,Synthesis|Serious||F|||50|]Primarina||FairyFeather|LiquidVoice|HyperVoice,Moonblast,Haze,Protect|Modest||F|||50|
|
|t:|1784366419
|teamsize|p1|4
|teamsize|p2|4
|start
|switch|p1a: Sableye|Sableye, L50, M|100/100
|switch|p1b: Swampert|Swampert, L50, M|100/100
|switch|p2a: Gardevoir|Gardevoir, L50, F, shiny|100/100
|switch|p2b: Mawile|Mawile, L50, F|100/100
|-ability|p2a: Gardevoir|Torrent|Trace|[from] ability: Trace|[of] p1b: Swampert
|turn|1
|
|t:|1784366468
|detailschange|p1b: Swampert|Swampert-Mega, L50, M
|-mega|p1b: Swampert|Swampert|Swampertite
|detailschange|p2a: Gardevoir|Gardevoir-Mega, L50, F, shiny
|-mega|p2a: Gardevoir|Gardevoir|Gardevoirite
|move|p1a: Sableye|Fake Out|p2a: Gardevoir
|-damage|p2a: Gardevoir|90/100
|move|p1b: Swampert|Earthquake|p2a: Gardevoir|[spread] p1a,p2a,p2b
|-supereffective|p2b: Mawile|1
|-damage|p1a: Sableye|57/100
|-damage|p2a: Gardevoir|31/100
|-damage|p2b: Mawile|0 fnt
|faint|p2b: Mawile
|cant|p2a: Gardevoir|flinch
|
|upkeep
|-message|Noir-Grey forfeited.
|
|win|OroRosaXIV
|l|☆Noir-Grey
|player|p2|
|l|☆OroRosaXIV
|player|p1|
|j| Tearamizuu
|j|☆OroRosaXIV
|player|p1|OroRosaXIV|cynthia-gen4|
|l|☆OroRosaXIV
|player|p1|
|j|☆OroRosaXIV
|player|p1|OroRosaXIV|cynthia-gen4|
|l|☆OroRosaXIV
|player|p1|
