|j|☆Gentlefish
|j|☆atarka511
|html|Gentlefishatarka511    
|uhtml|bestof|Game 3 of a best-of-3
|t:|1756675378
|gametype|doubles
|player|p1|Gentlefish|burglar-gen1rb|1062
|player|p2|atarka511|volkner|1000
|gen|9
|tier|[Gen 9] VGC 2025 Reg H (Bo3)
|rated|
|rule|Species Clause: Limit one of each Pokémon
|rule|Item Clause: Limit 1 of each item
|clearpoke
|poke|p1|Garchomp, L50, M|
|poke|p1|Weezing-Galar, L50, F|
|poke|p1|Archaludon, L50, M|
|poke|p1|Gholdengo, L50|
|poke|p1|Talonflame, L50, M|
|poke|p1|Annihilape, L50, F|
|poke|p2|Palafin, L50, M|
|poke|p2|Rillaboom, L50, F|
|poke|p2|Incineroar, L50, M|
|poke|p2|Sneasler, L50, F|
|poke|p2|Kingambit, L50, M|
|poke|p2|Farigiraf, L50, M|
|teampreview|4
|showteam|p1|Garchomp||LifeOrb|RoughSkin|DragonClaw,Earthquake,StompingTantrum,Protect|||M|||50|,,,,,Ground]Weezing-Galar||FocusSash|NeutralizingGas|Protect,SludgeBomb,Taunt,StrangeSteam|||F|||50|,,,,,Flying]Archaludon||PowerHerb|Sturdy|ElectroShot,Thunderbolt,DracoMeteor,Protect|||M|||50|,,,,,Electric]Gholdengo||ChoiceSpecs|GoodasGold|ShadowBall,DazzlingGleam,PowerGem,MakeItRain||||||50|,,,,,Fairy]Talonflame||CovertCloak|GaleWings|Tailwind,DualWingbeat,Taunt,FlareBlitz|||M|||50|,,,,,Stellar]Annihilape||AssaultVest|Defiant|CloseCombat,RageFist,FinalGambit,IcePunch|||F|||50|,,,,,Grass
|showteam|p2|Palafin||MysticWater|ZerotoHero|CloseCombat,FlipTurn,WaveCrash,Protect|||M|||50|,,,,,Grass]Rillaboom||AssaultVest|GrassySurge|FakeOut,Uturn,GrassyGlide,WoodHammer|||F|||50|,,,,,Water]Incineroar||RockyHelmet|Intimidate|FakeOut,FlareBlitz,KnockOff,Uturn|||M|||50|,,,,,Grass]Sneasler||FocusSash|Unburden|CloseCombat,FakeOut,DireClaw,Protect|||F|||50|,,,,,Stellar]Kingambit||BlackGlasses|Defiant|Protect,SwordsDance,SuckerPunch,KowtowCleave|||M|||50|,,,,,Ghost]Farigiraf||GrassySeed|ArmorTail|Psychic,HelpingHand,Protect,HyperVoice|||M|||50|,,,,,Dragon
|inactive|Battle timer is ON: inactive players will automatically lose when time's up. (requested by atarka511)
|inactive|Gentlefish has 60 seconds left.
|
|t:|1756675426
|teamsize|p1|4
|teamsize|p2|4
|start
|switch|p1a: Talonflame|Talonflame, L50, M|100/100
|switch|p1b: Annihilape|Annihilape, L50, F|100/100
|switch|p2a: Kingambit|Kingambit, L50, M|100/100
|switch|p2b: Palafin|Palafin, L50, M|100/100
|turn|1
|inactive|Gentlefish has 30 seconds left.
|inactive|atarka511 has 30 seconds left.
|inactive|Gentlefish has 20 seconds left.
|inactive|Gentlefish has 15 seconds left.
|
|t:|1756675469
|-terastallize|p2a: Kingambit|Ghost
|move|p1a: Talonflame|Tailwind|p1a: Talonflame
|-sidestart|p1: Gentlefish|move: Tailwind
|move|p1b: Annihilape|Final Gambit|p2b: Palafin
|-damage|p2b: Palafin|0 fnt
|faint|p1b: Annihilape
|faint|p2b: Palafin
|move|p2a: Kingambit|Kowtow Cleave|p1a: Talonflame
|-damage|p1a: Talonflame|14/100
|
|upkeep
|
|t:|1756675483
|switch|p1b: Gholdengo|Gholdengo, L50|100/100
|switch|p2b: Incineroar|Incineroar, L50, M|100/100
|-ability|p2b: Incineroar|Intimidate|boost
|-unboost|p1a: Talonflame|atk|1
|-unboost|p1b: Gholdengo|atk|1
|turn|2
|inactive|atarka511 has 30 seconds left.
|
|t:|1756675510
|switch|p1a: Archaludon|Archaludon, L50, M|100/100
|-terastallize|p1b: Gholdengo|Fairy
|move|p2a: Kingambit|Protect|p2a: Kingambit
|-singleturn|p2a: Kingambit|Protect
|move|p1b: Gholdengo|Dazzling Gleam|p2b: Incineroar|[spread] p2b
|-activate|p2a: Kingambit|move: Protect
|-damage|p2b: Incineroar|66/100
|move|p2b: Incineroar|Flare Blitz|p1b: Gholdengo
|-damage|p1b: Gholdengo|45/100
|-damage|p2b: Incineroar|51/100|[from] Recoil
|
|upkeep
|turn|3
|inactive|atarka511 has 30 seconds left.
|
|t:|1756675544
|move|p2a: Kingambit|Sucker Punch|p1a: Archaludon
|-damage|p1a: Archaludon|61/100
|move|p1a: Archaludon|Electro Shot||[still]
|-prepare|p1a: Archaludon|Electro Shot
|-boost|p1a: Archaludon|spa|1
|-enditem|p1a: Archaludon|Power Herb
|-anim|p1a: Archaludon|Electro Shot|p2a: Kingambit
|-crit|p2a: Kingambit
|-damage|p2a: Kingambit|13/100
|move|p1b: Gholdengo|Dazzling Gleam|p2b: Incineroar|[spread] p2a,p2b
|-damage|p2a: Kingambit|0 fnt
|-damage|p2b: Incineroar|12/100
|faint|p2a: Kingambit
|move|p2b: Incineroar|Flare Blitz|p1b: Gholdengo
|-damage|p1b: Gholdengo|0 fnt
|faint|p1b: Gholdengo
|-damage|p2b: Incineroar|0 fnt|[from] Recoil
|faint|p2b: Incineroar
|
|upkeep
|
|t:|1756675557
|switch|p1b: Talonflame|Talonflame, L50, M|14/100
|switch|p2b: Sneasler|Sneasler, L50, F|100/100
|turn|4
|
|t:|1756675577
|move|p2b: Sneasler|Fake Out|p1b: Talonflame
|-crit|p1b: Talonflame
|-damage|p1b: Talonflame|0 fnt
|faint|p1b: Talonflame
|move|p1a: Archaludon|Thunderbolt|p2b: Sneasler
|-damage|p2b: Sneasler|35/100
|
|-sideend|p1: Gentlefish|move: Tailwind
|upkeep
|turn|5
|
|t:|1756675586
|move|p2b: Sneasler|Close Combat|p1a: Archaludon
|-supereffective|p1a: Archaludon
|-damage|p1a: Archaludon|0 fnt
|-unboost|p2b: Sneasler|def|1
|-unboost|p2b: Sneasler|spd|1
|faint|p1a: Archaludon
|
|win|atarka511
|raw|Gentlefish's rating: 1062 → 1039(-23 for losing)
|raw|atarka511's rating: 1000 → 1047(+47 for winning)
|c|☆atarka511|gg
|l|☆atarka511
|player|p2|
