|j|☆Mindless_99
|j|☆huyfgj
|html|Mindless_99huyfgj    
|uhtml|bestof|Game 1 of a best-of-3
|t:|1756184535
|gametype|doubles
|player|p1|Mindless_99|1|1107
|player|p2|huyfgj|101|1149
|gen|9
|tier|[Gen 9] VGC 2025 Reg H (Bo3)
|rated|
|rule|Species Clause: Limit one of each Pokémon
|rule|Item Clause: Limit 1 of each item
|clearpoke
|poke|p1|Archaludon, L50, M|
|poke|p1|Basculegion, L50, M|
|poke|p1|Pelipper, L50, M|
|poke|p1|Sneasler, L50, F|
|poke|p1|Maushold-Four, L50|
|poke|p1|Electrode-Hisui, L50|
|poke|p2|Torkoal, L50, M|
|poke|p2|Indeedee-F, L50, F|
|poke|p2|Hatterene, L50, F|
|poke|p2|Ursaluna, L50, M|
|poke|p2|Garganacl, L50, F|
|poke|p2|Annihilape, L50, M|
|teampreview|4
|showteam|p1|Archaludon||AssaultVest|Stamina|ElectroShot,DragonPulse,FlashCannon,BodyPress|||M|||50|,,,,,Bug]Basculegion||LifeOrb|SwiftSwim|Protect,LastRespects,WaveCrash,FlipTurn|||M|||50|,,,,,Grass]Pelipper||SafetyGoggles|Drizzle|Protect,Tailwind,WeatherBall,Hurricane|||M|||50|,,,,,Ghost]Sneasler||FocusSash|PoisonTouch|Protect,DireClaw,CloseCombat,ThroatChop|||F|||50|,,,,,Dark]Maushold-Four||WideLens|Technician|Protect,PopulationBomb,Taunt,FollowMe||||||50|,,,,,Ghost]Electrode-Hisui||CovertCloak|Aftermath|Protect,EnergyBall,VoltSwitch,Electroweb||||||50|,,,,,Water
|showteam|p2|Torkoal||ChoiceSpecs|Drought|Eruption,WeatherBall,SolarBeam,EarthPower|||M|||50|,,,,,Fire]Indeedee-F||MentalHerb|PsychicSurge|TrickRoom,HelpingHand,DazzlingGleam,FollowMe|||F|||50|,,,,,Fairy]Hatterene||FocusSash|MagicBounce|ExpandingForce,TrickRoom,Protect,DazzlingGleam|||F|||50|,,,,,Water]Ursaluna||FlameOrb|Guts|Earthquake,Facade,Protect,HeadlongRush|||M|||50|,,,,,Fairy]Garganacl||Leftovers|PurifyingSalt|SaltCure,WideGuard,Recover,Protect|||F|||50|,,,,,Rock]Annihilape||ChoiceScarf|VitalSpirit|FinalGambit,CloseCombat,RageFist,Curse|||M|||50|,,,,,Fighting
|inactive|Battle timer is ON: inactive players will automatically lose when time's up. (requested by huyfgj)
|inactive|Mindless_99 has 60 seconds left.
|
|t:|1756184638
|teamsize|p1|4
|teamsize|p2|4
|start
|switch|p1a: Maushold|Maushold-Four, L50|100/100
|switch|p1b: Sneasler|Sneasler, L50, F|100/100
|switch|p2a: Hatterene|Hatterene, L50, F, shiny|100/100
|switch|p2b: Indeedee|Indeedee-F, L50, F|100/100
|-fieldstart|move: Psychic Terrain|[from] ability: Psychic Surge|[of] p2b: Indeedee
|turn|1
|inactive|Mindless_99 has 30 seconds left.
|
|t:|1756184672
|move|p2b: Indeedee|Follow Me|p2b: Indeedee
|-singleturn|p2b: Indeedee|move: Follow Me
|move|p1b: Sneasler|Dire Claw|p2b: Indeedee
|-damage|p2b: Indeedee|46/100
|-status|p2b: Indeedee|psn|[from] ability: Poison Touch|[of] p1b: Sneasler
|move|p1a: Maushold|Population Bomb|p2b: Indeedee
|-damage|p2b: Indeedee|30/100 psn
|-damage|p2b: Indeedee|15/100 psn
|-damage|p2b: Indeedee|0 fnt
|faint|p2b: Indeedee
|-hitcount|p2: Indeedee|3
|move|p2a: Hatterene|Trick Room|p2a: Hatterene
|-fieldstart|move: Trick Room|[of] p2a: Hatterene
|
|upkeep
|inactive|huyfgj has 30 seconds left.
|
|t:|1756184700
|switch|p2b: Ursaluna|Ursaluna, L50, M|100/100
|turn|2
|inactive|Mindless_99 has 30 seconds left.
|inactive|Mindless_99 has 20 seconds left.
|
|t:|1756184737
|move|p2a: Hatterene|Dazzling Gleam|p1a: Maushold|[spread] p1a,p1b
|-damage|p1a: Maushold|50/100
|-damage|p1b: Sneasler|56/100
|move|p2b: Ursaluna|Facade|p1b: Sneasler
|-damage|p1b: Sneasler|0 fnt
|faint|p1b: Sneasler
|move|p1a: Maushold|Population Bomb|p2b: Ursaluna
|-damage|p2b: Ursaluna|92/100
|-damage|p2b: Ursaluna|84/100
|-damage|p2b: Ursaluna|77/100
|-damage|p2b: Ursaluna|69/100
|-damage|p2b: Ursaluna|60/100
|-damage|p2b: Ursaluna|52/100
|-damage|p2b: Ursaluna|44/100
|-damage|p2b: Ursaluna|36/100
|-damage|p2b: Ursaluna|28/100
|-damage|p2b: Ursaluna|19/100
|-hitcount|p2b: Ursaluna|10
|
|-status|p2b: Ursaluna|brn|[from] item: Flame Orb
|upkeep
|l|☆Mindless_99
|inactive|Mindless_99 disconnected and has a minute to reconnect!
|player|p1|
|inactive|Mindless_99 has 30 seconds left.
|inactive|Mindless_99 has 20 seconds left.
|inactive|Mindless_99 has 15 seconds left.
|inactive|Mindless_99 has 10 seconds left.
|inactive|Mindless_99 has 5 seconds left.
|-message|Mindless_99 lost due to inactivity.
|
|win|huyfgj
||huyfgj is ready for game 2.
|inactive|Mindless_99 has 0 seconds to reconnect!
|raw|Mindless_99's rating: 1107 → 1085(-22 for losing)
|raw|huyfgj's rating: 1149 → 1171(+22 for winning)
