|j|‽HIGGYJR
|j|☆lolgz
|html|HIGGYJRlolgz    
|uhtml|bestof|Game 2 of a best-of-3
|t:|1784372365
|gametype|doubles
|player|p1|HIGGYJR|266|1040
|player|p2|lolgz|dawn|1112
|gen|9
|tier|[Gen 9 Champions] VGC 2026 Reg M-B (Bo3)
|rated|
|rule|Species Clause: Limit one of each Pokémon
|rule|Item Clause: Limit 1 of each item
|clearpoke
|poke|p1|Scovillain, L50, F|
|poke|p1|Swampert, L50, F|
|poke|p1|Pelipper, L50, M|
|poke|p1|Sneasler, L50, F|
|poke|p1|Gholdengo, L50|
|poke|p1|Grimmsnarl, L50, M|
|poke|p2|Blastoise, L50, M|
|poke|p2|Vivillon, L50, M|
|poke|p2|Farigiraf, L50, F|
|poke|p2|Gallade, L50, M|
|poke|p2|Mawile, L50, M|
|poke|p2|Torkoal, L50, F|
|teampreview|4
|showteam|p1|Scovillain||Scovillainite|Moody|RagePowder,Overheat,Protect,GigaDrain|Calm||F|||50|]Swampert||Swampertite|Damp|WaveCrash,HighHorsepower,Protect,IcePunch|Adamant||F|||50|]Pelipper||SitrusBerry|Drizzle|Tailwind,WeatherBall,Hurricane,WideGuard|Modest||M|||50|]Sneasler||FocusSash|PoisonTouch|FakeOut,GunkShot,CloseCombat,Protect|Jolly||F|||50|]Gholdengo||LifeOrb|GoodasGold|MakeItRain,Protect,ShadowBall,NastyPlot|Timid|||||50|]Grimmsnarl||LightClay|Prankster|SpiritBreak,LightScreen,Reflect,PartingShot|Careful||M|||50|
|showteam|p2|Blastoise||Blastoisinite|Torrent|WaterSpout,DarkPulse,FakeOut,ShellSmash|Modest||M|||50|]Vivillon||ChoiceScarf|CompoundEyes|SleepPowder,RagePowder,Tailwind,Hurricane|Timid||M|||50|]Farigiraf||SitrusBerry|ArmorTail|TrickRoom,Psychic,HelpingHand,Protect|Relaxed||F|||50|]Gallade||IronBall|Sharpness|SacredSword,PsychoCut,LeafBlade,TrickRoom|Brave||M|||50|]Mawile||Mawilite|HyperCutter|SuckerPunch,PlayRough,RockSlide,Protect|Brave||M|||50|]Torkoal||Charcoal|Drought|WeatherBall,Eruption,EarthPower,Protect|Quiet||F|||50|
|inactive|Battle timer is ON: inactive players will automatically lose when time's up. (requested by lolgz)
|inactive|HIGGYJR has 60 seconds left.
|
|t:|1784372400
|teamsize|p1|4
|teamsize|p2|4
|start
|switch|p1a: Gholdengo|Gholdengo, L50|100/100
|switch|p1b: Grimmsnarl|Grimmsnarl, L50, M|100/100
|switch|p2a: Vivillon|Vivillon, L50, M|100/100
|switch|p2b: Blastoise|Blastoise, L50, M|100/100
|turn|1
|inactive|HIGGYJR has 30 seconds left.
|
|t:|1784372428
|detailschange|p2b: Blastoise|Blastoise-Mega, L50, M
|-mega|p2b: Blastoise|Blastoise|Blastoisinite
|move|p1b: Grimmsnarl|Light Screen|p1b: Grimmsnarl
|-sidestart|p1: HIGGYJR|move: Light Screen
|move|p2a: Vivillon|Sleep Powder|p1b: Grimmsnarl
|-status|p1b: Grimmsnarl|slp|[from] move: Sleep Powder
|move|p1a: Gholdengo|Nasty Plot|p1a: Gholdengo
|-boost|p1a: Gholdengo|spa|2
|move|p2b: Blastoise|Shell Smash|p2b: Blastoise
|-unboost|p2b: Blastoise|def|1
|-unboost|p2b: Blastoise|spd|1
|-boost|p2b: Blastoise|atk|2
|-boost|p2b: Blastoise|spa|2
|-boost|p2b: Blastoise|spe|2
|
|upkeep
|turn|2
|inactive|HIGGYJR has 30 seconds left.
|
|t:|1784372453
|cant|p1b: Grimmsnarl|slp
|move|p2a: Vivillon|Sleep Powder|p1b: Grimmsnarl
|-fail|p1b: Grimmsnarl|slp
|move|p2b: Blastoise|Dark Pulse|p1a: Gholdengo
|-supereffective|p1a: Gholdengo|1
|-damage|p1a: Gholdengo|0 fnt
|faint|p1a: Gholdengo
|
|upkeep
|-message|HIGGYJR forfeited.
|
|win|lolgz
