|j|☆washingtongargacha
|j|☆Rodrigo21amz
|html|washingtongargachaRodrigo21amz    
|uhtml|bestof|Game 1 of a best-of-3
|t:|1756995648
|gametype|doubles
|player|p1|washingtongargacha|2|1148
|player|p2|Rodrigo21amz|volkner|1221
|gen|9
|tier|[Gen 9] VGC 2025 Reg H (Bo3)
|rated|
|rule|Species Clause: Limit one of each Pokémon
|rule|Item Clause: Limit 1 of each item
|clearpoke
|poke|p1|Talonflame, L50, M|
|poke|p1|Gholdengo, L50|
|poke|p1|Dragonite, L50, F|
|poke|p1|Archaludon, L50, M|
|poke|p1|Tyranitar, L50, M|
|poke|p1|Garchomp, L50, F|
|poke|p2|Ursaluna-Bloodmoon, L50, M|
|poke|p2|Electabuzz, L50, F|
|poke|p2|Sneasler, L50, M|
|poke|p2|Dragonite, L50, F|
|poke|p2|Rillaboom, L50, M|
|poke|p2|Volcarona, L50, F|
|teampreview|4
|showteam|p1|Talonflame||CovertCloak|GaleWings|Tailwind,BraveBird,Taunt,WillOWisp|||M|||50|,,,,,Ghost]Gholdengo||ChoiceSpecs|GoodasGold|MakeItRain,SteelBeam,ShadowBall,PowerGem||||||50|,,,,,Steel]Dragonite||LoadedDice|Multiscale|ScaleShot,IceSpinner,Haze,Protect|||F|||50|,,,,,Steel]Archaludon||PowerHerb|Sturdy|FlashCannon,ElectroShot,DracoMeteor,Protect|||M|||50|,,,,,Flying]Tyranitar||AssaultVest|SandStream|KnockOff,RockSlide,TeraBlast,LowKick|||M|||50|,,,,,Flying]Garchomp||LifeOrb|RoughSkin|DragonClaw,StompingTantrum,Earthquake,Protect|||F|||50|,,,,,Steel
|showteam|p2|Ursaluna-Bloodmoon||LifeOrb|MindsEye|BloodMoon,HyperVoice,EarthPower,Protect|||M|||50|,,,,,Normal]Electabuzz||Eviolite|VitalSpirit|FollowMe,Electroweb,Taunt,Protect|||F|||50|,,,,,Fairy]Sneasler||FocusSash|PoisonTouch|FakeOut,DireClaw,CloseCombat,Protect|||M|||50|,,,,,Stellar]Dragonite||LoadedDice|Multiscale|Haze,ScaleShot,Protect,ExtremeSpeed|||F|||50|,,,,,Steel]Rillaboom||AssaultVest|GrassySurge|WoodHammer,FakeOut,GrassyGlide,HighHorsepower|||M|||50|,,,,,Fire]Volcarona||Leftovers|FlameBody|QuiverDance,Protect,TeraBlast,HeatWave|||F|||50|,,,,,Fairy
|
|t:|1756995690
|teamsize|p1|4
|teamsize|p2|4
|start
|switch|p1a: Talonflame|Talonflame, L50, M|100/100
|switch|p1b: Garchomp|Garchomp, L50, F|100/100
|switch|p2a: Ursaluna|Ursaluna-Bloodmoon, L50, M|100/100
|switch|p2b: Electabuzz|Electabuzz, L50, F|100/100
|turn|1
|l|☆Rodrigo21amz
|player|p2|
|inactive|Battle timer is ON: inactive players will automatically lose when time's up. (requested by washingtongargacha)
|inactive|Rodrigo21amz has 30 seconds to reconnect!
|inactive|Rodrigo21amz has 20 seconds to reconnect!
|inactive|Rodrigo21amz has 15 seconds to reconnect!
|inactive|Rodrigo21amz has 10 seconds to reconnect!
|inactive|Rodrigo21amz has 5 seconds to reconnect!
|-message|Rodrigo21amz lost due to inactivity.
|
|win|washingtongargacha
|raw|washingtongargacha's rating: 1148 → 1178(+30 for winning)
|raw|Rodrigo21amz's rating: 1221 → 1191(-30 for losing)
