|j|☆hombre llanto
|j|☆100bo3norobot
|html|hombre llanto100bo3norobot    
|uhtml|bestof|Game 1 of a best-of-3
|t:|1782429706
|gametype|doubles
|player|p1|hombre llanto|1|1000
|player|p2|100bo3norobot|baker|1000
|gen|9
|tier|[Gen 9 Champions] VGC 2026 Reg M-B (Bo3)
|rated|
|rule|Species Clause: Limit one of each Pokémon
|rule|Item Clause: Limit 1 of each item
|clearpoke
|poke|p1|Snorlax, L50, M|
|poke|p1|Hawlucha, L50, F|
|poke|p1|Basculegion, L50, M|
|poke|p1|Pelipper, L50, M|
|poke|p1|Talonflame, L50, M|
|poke|p1|Dragonite, L50, M|
|poke|p2|Raichu, L50, F|
|poke|p2|Ceruledge, L50, F|
|poke|p2|Ninetales-Alola, L50, M|
|poke|p2|Milotic, L50, F|
|poke|p2|Sneasler, L50, M|
|poke|p2|Aerodactyl, L50, M|
|teampreview|4
|showteam|p1|Snorlax||Leftovers|ThickFat|Fissure,BodyPress,Stockpile,Protect|Careful||M|||50|]Hawlucha||Hawluchanite|Unburden|Entrainment,DrainPunch,CloseCombat,Uturn|Hasty||F|||50|]Basculegion||ChoiceScarf|Adaptability|AquaJet,WaveCrash,LastRespects,Protect|Adamant||M|||50|]Pelipper||FocusSash|Drizzle|WeatherBall,Protect,Hurricane,Uturn|Bold||M|||50|]Talonflame|||GaleWings|Tailwind,BraveBird,Protect,FlareBlitz|Jolly||M|||50|]Dragonite||Dragoninite|Multiscale|Hurricane,DracoMeteor,Roost,Protect|Calm||M|||50|
|showteam|p2|Raichu||RaichuniteY|LightningRod|ZapCannon,FocusBlast,FakeOut,Protect|Timid||F|||50|]Ceruledge||ColburBerry|FlashFire|BitterBlade,ShadowSneak,BulkUp,Protect|Adamant||F|||50|]Ninetales-Alola||FocusSash|SnowWarning|Blizzard,FreezeDry,Encore,Protect|Timid||M|||50|]Milotic||Leftovers|Competitive|MuddyWater,Coil,Hypnosis,Protect|Calm||F|||50|]Sneasler||WhiteHerb|Unburden|FakeOut,CloseCombat,DireClaw,Protect|Adamant||M|||50|]Aerodactyl||Aerodactylite|Unnerve|DualWingbeat,RockSlide,Tailwind,WideGuard|Jolly||M|||50|
|inactive|Battle timer is ON: inactive players will automatically lose when time's up. (requested by 100bo3norobot)
|inactive|hombre llanto has 60 seconds left.
|
|t:|1782429739
|teamsize|p1|4
|teamsize|p2|4
|start
|switch|p1a: bascumbion|Basculegion, L50, M|100/100
|switch|p1b: pepe|Pelipper, L50, M|100/100
|switch|p2a: Raichu|Raichu, L50, F|100/100
|switch|p2b: Ceruledge|Ceruledge, L50, F|100/100
|-weather|RainDance|[from] ability: Drizzle|[of] p1b: pepe
|turn|1
|
|t:|1782429757
|move|p2a: Raichu|Protect|p2a: Raichu
|-singleturn|p2a: Raichu|Protect
|move|p1b: pepe|Protect|p1b: pepe
|-singleturn|p1b: pepe|Protect
|move|p1a: bascumbion|Aqua Jet|p2b: Ceruledge
|-supereffective|p2b: Ceruledge|1
|-crit|p2b: Ceruledge
|-damage|p2b: Ceruledge|0 fnt
|faint|p2b: Ceruledge
|
|-weather|RainDance|[upkeep]
|upkeep
|
|t:|1782429764
|switch|p2b: Aerodactyl|Aerodactyl, L50, M|100/100
|-ability|p2b: Aerodactyl|Unnerve
|turn|2
|
|t:|1782429788
|switch|p1b: dragon no chafa|Dragonite, L50, M|100/100
|detailschange|p2a: Raichu|Raichu-Mega-Y, L50, F
|-mega|p2a: Raichu|Raichu|Raichunite Y
|move|p1a: bascumbion|Aqua Jet|p2b: Aerodactyl
|-supereffective|p2b: Aerodactyl|1
|-damage|p2b: Aerodactyl|0 fnt
|faint|p2b: Aerodactyl
|move|p2a: Raichu|Zap Cannon|p1b: dragon no chafa
|-damage|p1b: dragon no chafa|79/100
|-status|p1b: dragon no chafa|par
|
|-weather|RainDance|[upkeep]
|upkeep
|
|t:|1782429799
|switch|p2b: Milotic|Milotic, L50, F|100/100
|turn|3
|
|t:|1782429814
|move|p1a: bascumbion|Aqua Jet|p2a: Raichu
|-damage|p2a: Raichu|33/100
|move|p2a: Raichu|Zap Cannon|p1a: bascumbion
|-supereffective|p1a: bascumbion|1
|-damage|p1a: bascumbion|0 fnt
|faint|p1a: bascumbion
|move|p2b: Milotic|Coil|p2b: Milotic
|-boost|p2b: Milotic|atk|1
|-boost|p2b: Milotic|def|1
|-boost|p2b: Milotic|accuracy|1
|move|p1b: dragon no chafa|Draco Meteor|p2b: Milotic|[miss]
|-miss|p1b: dragon no chafa|p2b: Milotic
|
|-weather|RainDance|[upkeep]
|upkeep
|
|t:|1782429831
|switch|p1a: pepe|Pelipper, L50, M|100/100
|turn|4
|inactive|hombre llanto has 30 seconds left.
|inactive|hombre llanto has 20 seconds left.
|l|☆hombre llanto
|inactive|hombre llanto disconnected and has a minute to reconnect!
|player|p1|
|inactive|hombre llanto has 15 seconds left.
|inactive|hombre llanto has 10 seconds left.
|inactive|hombre llanto has 5 seconds left.
|-message|hombre llanto lost due to inactivity.
|
|win|100bo3norobot
