|j|☆bassacucina777
|j|☆MizzleWaterCooler
|html|bassacucina777MizzleWaterCooler    
|uhtml|bestof|Game 1 of a best-of-3
|t:|1756234817
|gametype|doubles
|player|p1|bassacucina777|266|1156
|player|p2|MizzleWaterCooler|brycen|1105
|gen|9
|tier|[Gen 9] VGC 2025 Reg H (Bo3)
|rated|
|rule|Species Clause: Limit one of each Pokémon
|rule|Item Clause: Limit 1 of each item
|clearpoke
|poke|p1|Garchomp, L50, F|
|poke|p1|Jumpluff, L50, F|
|poke|p1|Torkoal, L50, F|
|poke|p1|Dragonite, L50, F|
|poke|p1|Kingambit, L50, F|
|poke|p1|Typhlosion-Hisui, L50, F|
|poke|p2|Whimsicott, L50, M|
|poke|p2|Ursaluna-Bloodmoon, L50, M|
|poke|p2|Archaludon, L50, F|
|poke|p2|Flamigo, L50, F|
|poke|p2|Typhlosion-Hisui, L50, F|
|poke|p2|Rillaboom, L50, F|
|teampreview|4
|showteam|p1|Garchomp||LifeOrb|RoughSkin|Earthquake,DragonClaw,StompingTantrum,Protect|||F|||50|,,,,,Fire]Jumpluff||CovertCloak|Chlorophyll|LeafStorm,SleepPowder,Encore,Tailwind|||F|||50|,,,,,Water]Torkoal||EjectPack|Drought|Overheat,BurningJealousy,HelpingHand,Protect|||F|||50|,,,,,Flying]Dragonite||LoadedDice|Multiscale|ScaleShot,ExtremeSpeed,Haze,Protect|||F|||50|,,,,,Fairy]Kingambit||AssaultVest|Defiant|IronHead,SuckerPunch,Assurance,LowKick|||F|||50|,,,,,Flying]Typhlosion-Hisui||ChoiceSpecs|Blaze|Eruption,ShadowBall,HeatWave,Overheat|||F|||50|,,,,,Fire
|showteam|p2|Whimsicott||CovertCloak|Prankster|Moonblast,Tailwind,Encore,SunnyDay|||M|||50|,,,,,Water]Ursaluna-Bloodmoon||LifeOrb|MindsEye|HyperVoice,BloodMoon,EarthPower,Protect|||M|||50|,,,,,Normal]Archaludon||PowerHerb|Sturdy|FlashCannon,DracoMeteor,ElectroShot,Protect|||F|||50|,,,,,Stellar]Flamigo||FocusSash|Scrappy|CloseCombat,WideGuard,DualWingbeat,Detect|||F|||50|,,,,,Ghost]Typhlosion-Hisui||ChoiceSpecs|Blaze|Eruption,HeatWave,Overheat,ShadowBall|||F|||50|,,,,,Fire]Rillaboom||AssaultVest|GrassySurge|GrassyGlide,WoodHammer,FakeOut,HighHorsepower|||F|||50|,,,,,Fire
|inactive|Battle timer is ON: inactive players will automatically lose when time's up. (requested by MizzleWaterCooler)
|inactive|bassacucina777 has 60 seconds left.
|inactive|MizzleWaterCooler has 60 seconds left.
|
|t:|1756234864
|teamsize|p1|4
|teamsize|p2|4
|start
|switch|p1a: Jumpluff|Jumpluff, L50, F|100/100
|switch|p1b: Typhlosion|Typhlosion-Hisui, L50, F|100/100
|switch|p2a: Ursaluna|Ursaluna-Bloodmoon, L50, M|100/100
|switch|p2b: Flamigo|Flamigo, L50, F|100/100
|turn|1
|inactive|bassacucina777 has 30 seconds left.
|inactive|MizzleWaterCooler has 30 seconds left.
|inactive|bassacucina777 has 20 seconds left.
|inactive|MizzleWaterCooler has 20 seconds left.
|inactive|MizzleWaterCooler has 15 seconds left.
|inactive|MizzleWaterCooler has 10 seconds left.
|
|t:|1756234910
|move|p1a: Jumpluff|Sleep Powder|p2a: Ursaluna
|-status|p2a: Ursaluna|slp|[from] move: Sleep Powder
|move|p1b: Typhlosion|Overheat|p2a: Ursaluna
|-damage|p2a: Ursaluna|0 fnt
|-unboost|p1b: Typhlosion|spa|2
|faint|p2a: Ursaluna
|move|p2b: Flamigo|Dual Wingbeat|p1a: Jumpluff
|-supereffective|p1a: Jumpluff
|-damage|p1a: Jumpluff|46/100
|-supereffective|p1a: Jumpluff
|-damage|p1a: Jumpluff|0 fnt
|faint|p1a: Jumpluff
|-hitcount|p1: Jumpluff|2
|
|upkeep
|inactive|MizzleWaterCooler has 30 seconds left.
|
|t:|1756234937
|switch|p1a: Torkoal|Torkoal, L50, F|100/100
|switch|p2a: Typhlosion|Typhlosion-Hisui, L50, F|100/100
|-weather|SunnyDay|[from] ability: Drought|[of] p1a: Torkoal
|turn|2
|inactive|MizzleWaterCooler has 30 seconds left.
|inactive|MizzleWaterCooler has 20 seconds left.
|inactive|MizzleWaterCooler has 15 seconds left.
|inactive|MizzleWaterCooler has 10 seconds left.
|
|t:|1756234986
|switch|p1b: Dragonite|Dragonite, L50, F|100/100
|-terastallize|p2a: Typhlosion|Fire
|move|p2a: Typhlosion|Eruption|p1a: Torkoal|[spread] p1a,p1b
|-resisted|p1a: Torkoal
|-resisted|p1b: Dragonite
|-damage|p1a: Torkoal|0 fnt
|-damage|p1b: Dragonite|55/100
|faint|p1a: Torkoal
|move|p2b: Flamigo|Close Combat|p1b: Dragonite
|-resisted|p1b: Dragonite
|-damage|p1b: Dragonite|23/100
|-unboost|p2b: Flamigo|def|1
|-unboost|p2b: Flamigo|spd|1
|
|-weather|SunnyDay|[upkeep]
|upkeep
|
|t:|1756234996
|switch|p1a: Typhlosion|Typhlosion-Hisui, L50, F|100/100
|turn|3
|inactive|bassacucina777 has 30 seconds left.
|
|t:|1756235024
|switch|p2a: Whimsicott|Whimsicott, L50, M|100/100
|-terastallize|p1a: Typhlosion|Fire
|move|p2b: Flamigo|Wide Guard|p2b: Flamigo
|-singleturn|p2b: Flamigo|Wide Guard
|move|p1b: Dragonite|Extreme Speed|p2b: Flamigo
|-damage|p2b: Flamigo|28/100
|move|p1a: Typhlosion|Eruption|p2a: Whimsicott|[spread] 
|-activate|p2a: Whimsicott|move: Wide Guard
|-activate|p2b: Flamigo|move: Wide Guard
|
|-weather|SunnyDay|[upkeep]
|upkeep
|turn|4
|
|t:|1756235046
|move|p2b: Flamigo|Wide Guard|p2b: Flamigo
|-singleturn|p2b: Flamigo|Wide Guard
|move|p1b: Dragonite|Extreme Speed|p2b: Flamigo
|-damage|p2b: Flamigo|0 fnt
|faint|p2b: Flamigo
|move|p2a: Whimsicott|Moonblast|p1b: Dragonite
|-supereffective|p1b: Dragonite
|-crit|p1b: Dragonite
|-damage|p1b: Dragonite|0 fnt
|faint|p1b: Dragonite
|move|p1a: Typhlosion|Eruption|p2a: Whimsicott
|-activate|p2a: Whimsicott|move: Wide Guard
|
|-weather|SunnyDay|[upkeep]
|upkeep
|
|t:|1756235059
|switch|p2b: Typhlosion|Typhlosion-Hisui, L50, F, tera:Fire|100/100
|turn|5
|
|t:|1756235077
|move|p2a: Whimsicott|Tailwind|p2a: Whimsicott
|-sidestart|p2: MizzleWaterCooler|move: Tailwind
|move|p2b: Typhlosion|Overheat|p1a: Typhlosion
|-resisted|p1a: Typhlosion
|-damage|p1a: Typhlosion|0 fnt
|-unboost|p2b: Typhlosion|spa|2
|faint|p1a: Typhlosion
|
|win|MizzleWaterCooler
