|j|☆Sylviana GL
|j|☆hi riley who are u
|html|Sylviana GLhi riley who are u    
|uhtml|bestof|Game 2 of a best-of-3
|t:|1783730912
|gametype|doubles
|player|p1|Sylviana GL|caitlin|1055
|player|p2|hi riley who are u|170|1118
|gen|9
|tier|[Gen 9 Champions] VGC 2026 Reg M-B (Bo3)
|rated|
|rule|Species Clause: Limit one of each Pokémon
|rule|Item Clause: Limit 1 of each item
|clearpoke
|poke|p1|Aerodactyl, L50, M, shiny|
|poke|p1|Charizard, L50, F|
|poke|p1|Sylveon, L50, F|
|poke|p1|Garchomp, L50, M|
|poke|p1|Kingambit, L50, M|
|poke|p1|Incineroar, L50, F|
|poke|p2|Absol, L50, M, shiny|
|poke|p2|Gengar, L50, F, shiny|
|poke|p2|Rotom-Wash, L50|
|poke|p2|Garchomp, L50, M|
|poke|p2|Sneasler, L50, M|
|poke|p2|Milotic, L50, F, shiny|
|teampreview|4
|showteam|p1|Aerodactyl||Aerodactylite|Unnerve|RockSlide,IceFang,Tailwind,WideGuard|Jolly||M|||50|]Charizard||CharizarditeY|Blaze|HeatWave,WeatherBall,SolarBeam,Protect|Modest||F|||50|]Sylveon||FairyFeather|Pixilate|HyperVoice,HyperBeam,QuickAttack,Detect|Modest||F|||50|]Garchomp||LifeOrb|RoughSkin|DragonClaw,Earthquake,StompingTantrum,Protect|Jolly||M|||50|]Kingambit||FocusSash|Defiant|SuckerPunch,KowtowCleave,IronHead,Protect|Adamant||M|||50|]Incineroar||SitrusBerry|Intimidate|FlareBlitz,ThroatChop,FakeOut,PartingShot|Impish||F|||50|
|showteam|p2|Absol||Absolite|Justified|KnockOff,Protect,PerishSong,SuckerPunch|Jolly||M|||50|]Gengar||Gengarite|CursedBody|DazzlingGleam,PerishSong,SludgeWave,Protect|Calm||F|||50|]Rotom-Wash||Leftovers|Levitate|Discharge,VoltSwitch,WillOWisp,RainDance|Timid|||||50|]Garchomp||LifeOrb|RoughSkin|DragonClaw,Earthquake,IronHead,RockSlide|Adamant||M|||50|]Sneasler||WhiteHerb|PoisonTouch|Acrobatics,CloseCombat,DireClaw,FakeOut|Adamant||M|||50|]Milotic||MentalHerb|Competitive|Haze,DragonPulse,IceBeam,DrainingKiss|Jolly||F|||50|
|inactive|Battle timer is ON: inactive players will automatically lose when time's up. (requested by Sylviana GL)
|
|t:|1783730933
|teamsize|p1|4
|teamsize|p2|4
|start
|switch|p1a: Aerodactyl|Aerodactyl, L50, M, shiny|100/100
|switch|p1b: Garchomp|Garchomp, L50, M|100/100
|switch|p2a: Sneasler|Sneasler, L50, M|100/100
|switch|p2b: Milotic|Milotic, L50, F, shiny|100/100
|-ability|p1a: Aerodactyl|Unnerve
|turn|1
|
|t:|1783730944
|move|p2a: Sneasler|Fake Out|p1b: Garchomp
|-damage|p1b: Garchomp|85/100
|-damage|p2a: Sneasler|87/100|[from] ability: Rough Skin|[of] p1b: Garchomp
|-status|p1b: Garchomp|psn|[from] ability: Poison Touch|[of] p2a: Sneasler
|move|p1a: Aerodactyl|Tailwind|p1a: Aerodactyl
|-sidestart|p1: Sylviana GL|move: Tailwind
|cant|p1b: Garchomp|flinch
|move|p2b: Milotic|Ice Beam|p1b: Garchomp
|-supereffective|p1b: Garchomp|2
|-damage|p1b: Garchomp|8/100 psn
|
|-damage|p1b: Garchomp|0 fnt|[from] psn
|faint|p1b: Garchomp
|upkeep
|
|t:|1783730951
|switch|p1b: Charizard|Charizard, L50, F|100/100
|turn|2
|
|t:|1783730965
|detailschange|p1b: Charizard|Charizard-Mega-Y, L50, F
|-mega|p1b: Charizard|Charizard|Charizardite Y
|-weather|SunnyDay|[from] ability: Drought|[of] p1b: Charizard
|move|p1a: Aerodactyl|Rock Slide|p2a: Sneasler|[spread] p2a,p2b
|-resisted|p2a: Sneasler|1
|-damage|p2a: Sneasler|74/100
|-damage|p2b: Milotic|80/100
|move|p1b: Charizard|Heat Wave|p2a: Sneasler|[spread] p2a,p2b
|-resisted|p2b: Milotic|1
|-damage|p2a: Sneasler|0 fnt
|-damage|p2b: Milotic|55/100
|faint|p2a: Sneasler
|move|p2b: Milotic|Ice Beam|p1a: Aerodactyl
|-supereffective|p1a: Aerodactyl|1
|-damage|p1a: Aerodactyl|54/100
|
|-weather|SunnyDay|[upkeep]
|upkeep
|
|t:|1783730981
|switch|p2a: Rotom|Rotom-Wash, L50|100/100
|turn|3
|
|t:|1783730992
|move|p1a: Aerodactyl|Rock Slide|p2a: Rotom|[spread] p2a,p2b
|-damage|p2a: Rotom|71/100
|-damage|p2b: Milotic|33/100
|move|p1b: Charizard|Solar Beam||[still]
|-prepare|p1b: Charizard|Solar Beam
|-anim|p1b: Charizard|Solar Beam|p2a: Rotom
|-supereffective|p2a: Rotom|1
|-damage|p2a: Rotom|0 fnt
|faint|p2a: Rotom
|move|p2b: Milotic|Ice Beam|p1a: Aerodactyl
|-supereffective|p1a: Aerodactyl|1
|-damage|p1a: Aerodactyl|7/100
|
|-weather|SunnyDay|[upkeep]
|upkeep
|
|t:|1783731003
|switch|p2a: Absol|Absol, L50, M, shiny|100/100
|turn|4
|
|t:|1783731017
|detailschange|p2a: Absol|Absol-Mega, L50, M, shiny
|-mega|p2a: Absol|Absol|Absolite
|move|p2a: Absol|Sucker Punch|p1b: Charizard
|-damage|p1b: Charizard|59/100
|move|p1a: Aerodactyl|Rock Slide|p2b: Milotic|[spread] p2a,p2b
|-damage|p2a: Absol|65/100
|-damage|p2b: Milotic|10/100
|move|p1b: Charizard|Heat Wave|p2a: Absol|[spread] p2a,p2b
|-resisted|p2b: Milotic|1
|-damage|p2a: Absol|0 fnt
|-damage|p2b: Milotic|0 fnt
|faint|p2a: Absol
|faint|p2b: Milotic
|
|win|Sylviana GL
|raw|Sylviana GL's rating: 1055 → 1092(+37 for winning)
|raw|hi riley who are u's rating: 1118 → 1089(-29 for losing)
|l|☆hi riley who are u
|player|p2|
