|j|☆Troutlegs
|j|☆SRareFox
|html|TroutlegsSRareFox    
|uhtml|bestof|Game 3 of a best-of-3
|t:|1757695174
|gametype|doubles
|player|p1|Troutlegs|workerice|1191
|player|p2|SRareFox|170|1143
|gen|9
|tier|[Gen 9] VGC 2025 Reg H (Bo3)
|rated|
|rule|Species Clause: Limit one of each Pokémon
|rule|Item Clause: Limit 1 of each item
|clearpoke
|poke|p1|Tyranitar, L50, M|
|poke|p1|Excadrill, L50, F|
|poke|p1|Gyarados, L50, F|
|poke|p1|Rotom-Mow, L50|
|poke|p1|Sneasler, L50, F|
|poke|p1|Indeedee, L50, M|
|poke|p2|Indeedee-F, L50, F|
|poke|p2|Gallade, L50, M|
|poke|p2|Hatterene, L50, F|
|poke|p2|Ursaluna, L50, F|
|poke|p2|Torkoal, L50, F|
|poke|p2|Porygon2, L50|
|teampreview|4
|showteam|p1|Tyranitar||AssaultVest|SandStream|Crunch,RockSlide,TeraBlast,LowKick|||M|||50|,,,,,Flying]Excadrill||ClearAmulet|SandRush|HighHorsepower,IronHead,RockSlide,Protect|||F|||50|,,,,,Ghost]Gyarados||CovertCloak|Intimidate|Waterfall,Taunt,ThunderWave,Protect|||F|||50|,,,,,Ground]Rotom-Mow||SitrusBerry|Levitate|Thunderbolt,LeafStorm,WillOWisp,Electroweb||||||50|,,,,,Ghost]Sneasler||PsychicSeed|Unburden|FakeOut,CloseCombat,DireClaw,Coaching|||F|||50|,,,,,Ghost]Indeedee||FocusSash|PsychicSurge|ExpandingForce,TrickRoom,TeraBlast,Imprison|||M|||50|,,,,,Fairy
|showteam|p2|Indeedee-F||SafetyGoggles|PsychicSurge|Psychic,FollowMe,TrickRoom,HelpingHand|||F|||50|,,,,,Water]Gallade||ClearAmulet|Sharpness|PsychoCut,SacredSword,TrickRoom,WideGuard|||M|||50|,,,,,Grass]Hatterene||LifeOrb|MagicBounce|ExpandingForce,DazzlingGleam,TrickRoom,MysticalFire|||F|||50|,,,,,Fire]Ursaluna||FlameOrb|Guts|Facade,HeadlongRush,Earthquake,Protect|||F|||50|,,,,,Ghost]Torkoal||Charcoal|Drought|Eruption,WeatherBall,ClearSmog,Protect|||F|||50|,,,,,Fire]Porygon2||Eviolite|Download|IceBeam,TeraBlast,TrickRoom,Recover||||||50|,,,,,Flying
|inactive|Battle timer is ON: inactive players will automatically lose when time's up. (requested by SRareFox)
|inactive|Troutlegs also wants the timer to be on.
|inactive|SRareFox has 60 seconds left.
|
|t:|1757695220
|teamsize|p1|4
|teamsize|p2|4
|start
|switch|p1a: Gyarados|Gyarados, L50, F, shiny|100/100
|switch|p1b: Rotom|Rotom-Mow, L50, shiny|100/100
|switch|p2a: Indeedee|Indeedee-F, L50, F|100/100
|switch|p2b: Gallade|Gallade, L50, M|100/100
|-ability|p1a: Gyarados|Intimidate|boost
|-unboost|p2a: Indeedee|atk|1
|-fail|p2b: Gallade|unboost|[from] item: Clear Amulet|[of] p2b: Gallade
|-fieldstart|move: Psychic Terrain|[from] ability: Psychic Surge|[of] p2a: Indeedee
|turn|1
|
|t:|1757695239
|move|p2a: Indeedee|Follow Me|p2a: Indeedee
|-singleturn|p2a: Indeedee|move: Follow Me
|move|p1b: Rotom|Will-O-Wisp|p2a: Indeedee|[miss]
|-miss|p1b: Rotom|p2a: Indeedee
|move|p1a: Gyarados|Taunt|p2a: Indeedee
|-start|p2a: Indeedee|move: Taunt
|move|p2b: Gallade|Trick Room|p2b: Gallade
|-fieldstart|move: Trick Room|[of] p2b: Gallade
|
|upkeep
|turn|2
|inactive|Troutlegs has 30 seconds left.
|inactive|SRareFox has 30 seconds left.
|inactive|Troutlegs has 20 seconds left.
|inactive|SRareFox has 20 seconds left.
|inactive|SRareFox has 15 seconds left.
|inactive|SRareFox has 10 seconds left.
|
|t:|1757695288
|move|p2b: Gallade|Psycho Cut|p1b: Rotom
|-damage|p1b: Rotom|14/100
|-enditem|p1b: Rotom|Sitrus Berry|[eat]
|-heal|p1b: Rotom|38/100|[from] item: Sitrus Berry
|move|p2a: Indeedee|Psychic|p1b: Rotom
|-damage|p1b: Rotom|0 fnt
|faint|p1b: Rotom
|move|p1a: Gyarados|Waterfall|p2a: Indeedee
|-damage|p2a: Indeedee|63/100
|
|upkeep
|
|t:|1757695298
|switch|p1b: Excadrill|Excadrill, L50, F|100/100
|turn|3
|inactive|SRareFox has 30 seconds left.
|inactive|SRareFox has 20 seconds left.
|inactive|SRareFox has 15 seconds left.
|
|t:|1757695341
|move|p1a: Gyarados|Protect|p1a: Gyarados
|-singleturn|p1a: Gyarados|Protect
|move|p1b: Excadrill|Protect|p1b: Excadrill
|-singleturn|p1b: Excadrill|Protect
|move|p2b: Gallade|Psycho Cut|p1a: Gyarados
|-activate|p1a: Gyarados|move: Protect
|move|p2a: Indeedee|Psychic|p1a: Gyarados
|-activate|p1a: Gyarados|move: Protect
|
|upkeep
|turn|4
|inactive|Troutlegs has 30 seconds left.
|inactive|SRareFox has 30 seconds left.
|
|t:|1757695371
|-terastallize|p1b: Excadrill|Ghost
|move|p2b: Gallade|Psycho Cut|p1a: Gyarados
|-crit|p1a: Gyarados
|-damage|p1a: Gyarados|0 fnt
|faint|p1a: Gyarados
|move|p2a: Indeedee|Psychic|p1b: Excadrill
|-damage|p1b: Excadrill|50/100
|move|p1b: Excadrill|High Horsepower|p2b: Gallade
|-damage|p2b: Gallade|19/100
|
|-end|p2a: Indeedee|move: Taunt
|upkeep
|-message|Troutlegs forfeited.
|
|win|SRareFox
|raw|Troutlegs's rating: 1191 → 1163(-28 for losing)
|raw|SRareFox's rating: 1143 → 1171(+28 for winning)
|l|☆Troutlegs
|player|p1|
