|j|☆Era ella
|j|☆ushitsune
|html|Era ellaushitsune    
|uhtml|bestof|Game 3 of a best-of-3
|t:|1783336122
|gametype|doubles
|player|p1|Era ella|nate|1084
|player|p2|ushitsune|winona|1150
|gen|9
|tier|[Gen 9 Champions] VGC 2026 Reg M-B (Bo3)
|rated|
|rule|Species Clause: Limit one of each Pokémon
|rule|Item Clause: Limit 1 of each item
|clearpoke
|poke|p1|Farigiraf, L50, F|
|poke|p1|Camerupt, L50, M|
|poke|p1|Vivillon, L50, F|
|poke|p1|Kingambit, L50, F|
|poke|p1|Sylveon, L50, F|
|poke|p1|Venusaur, L50, F|
|poke|p2|Gallade, L50, M, shiny|
|poke|p2|Milotic, L50, M, shiny|
|poke|p2|Arcanine-Hisui, L50, F, shiny|
|poke|p2|Sylveon, L50, M|
|poke|p2|Skarmory, L50, M|
|poke|p2|Whimsicott, L50, F|
|teampreview|4
|showteam|p1|Farigiraf||SitrusBerry|ArmorTail|Psychic,Thunderbolt,TrickRoom,Protect|Bold||F|||50|]Camerupt||Cameruptite|SolidRock|HeatWave,EarthPower,AncientPower,Protect|Quiet||M|||50|]Vivillon||FocusSash|CompoundEyes|Hurricane,SleepPowder,RagePowder,Protect|Serious||F|||50|]Kingambit||BlackGlasses|Defiant|KowtowCleave,SuckerPunch,SwordsDance,Protect|Adamant||F|||50|]Sylveon||LifeOrb|Pixilate|HyperVoice,HyperBeam,QuickAttack,Detect|Quiet||F|||50|]Venusaur||Venusaurite|Chlorophyll|GigaDrain,SludgeBomb,EarthPower,Protect|Modest||F|||50|
|showteam|p2|Gallade||Galladite|Sharpness|PsychoCut,SacredSword,Protect,ShadowSneak|Jolly||M|||50|]Milotic||Leftovers|Competitive|Scald,LifeDew,IcyWind,Protect|Bold||M|||50|]Arcanine-Hisui||FocusSash|RockHead|FlareBlitz,HeadSmash,ExtremeSpeed,Protect|Jolly||F|||50|]Sylveon||SitrusBerry|Pixilate|HyperVoice,Yawn,Detect,Psyshock|Bold||M|||50|]Skarmory||Skarmorite|Sturdy|IronHead,BraveBird,RockTomb,Protect|Jolly||M|||50|]Whimsicott||OccaBerry|Prankster|EnergyBall,Encore,Tailwind,SunnyDay|Timid||F|||50|
|inactive|Battle timer is ON: inactive players will automatically lose when time's up. (requested by Era ella)
|inactive|Era ella has 60 seconds left.
|
|t:|1783336157
|teamsize|p1|4
|teamsize|p2|4
|start
|switch|p1a: Venusaur|Venusaur, L50, F|100/100
|switch|p1b: Vivillon|Vivillon, L50, F|100/100
|switch|p2a: Arcanine|Arcanine-Hisui, L50, F, shiny|100/100
|switch|p2b: Sylveon|Sylveon, L50, M|100/100
|turn|1
|
|t:|1783336172
|move|p1a: Venusaur|Protect|p1a: Venusaur
|-singleturn|p1a: Venusaur|Protect
|move|p2b: Sylveon|Detect|p2b: Sylveon
|-singleturn|p2b: Sylveon|Protect
|move|p2a: Arcanine|Flare Blitz|p1b: Vivillon
|-supereffective|p1b: Vivillon|1
|-crit|p1b: Vivillon
|-enditem|p1b: Vivillon|Focus Sash
|-damage|p1b: Vivillon|1/100
|move|p1b: Vivillon|Sleep Powder|p2b: Sylveon
|-activate|p2b: Sylveon|move: Protect
|
|upkeep
|turn|2
|
|t:|1783336194
|detailschange|p1a: Venusaur|Venusaur-Mega, L50, F
|-mega|p1a: Venusaur|Venusaur|Venusaurite
|move|p1b: Vivillon|Rage Powder|p1b: Vivillon
|-singleturn|p1b: Vivillon|move: Rage Powder
|move|p2a: Arcanine|Flare Blitz|p1b: Vivillon
|-supereffective|p1b: Vivillon|1
|-damage|p1b: Vivillon|0 fnt
|faint|p1b: Vivillon
|move|p1a: Venusaur|Sludge Bomb|p2b: Sylveon
|-supereffective|p2b: Sylveon|1
|-damage|p2b: Sylveon|34/100
|-enditem|p2b: Sylveon|Sitrus Berry|[eat]
|-heal|p2b: Sylveon|59/100|[from] item: Sitrus Berry
|move|p2b: Sylveon|Yawn|p1a: Venusaur
|-start|p1a: Venusaur|move: Yawn|[of] p2b: Sylveon
|
|upkeep
|
|t:|1783336208
|switch|p1b: Farigiraf|Farigiraf, L50, F|100/100
|turn|3
|
|t:|1783336225
|switch|p1a: Sylveon|Sylveon, L50, F|100/100
|move|p2a: Arcanine|Head Smash|p1a: Sylveon
|-damage|p1a: Sylveon|15/100
|move|p2b: Sylveon|Hyper Voice|p1a: Sylveon|[spread] p1a,p1b
|-damage|p1a: Sylveon|0 fnt
|-damage|p1b: Farigiraf|71/100
|faint|p1a: Sylveon
|move|p1b: Farigiraf|Trick Room|p1b: Farigiraf
|-fieldstart|move: Trick Room|[of] p1b: Farigiraf
|
|upkeep
|
|t:|1783336233
|switch|p1a: Venusaur|Venusaur-Mega, L50, F|100/100
|turn|4
|
|t:|1783336243
|move|p1a: Venusaur|Protect|p1a: Venusaur
|-singleturn|p1a: Venusaur|Protect
|move|p2b: Sylveon|Yawn|p1a: Venusaur
|-activate|p1a: Venusaur|move: Protect
|move|p1b: Farigiraf|Psychic|p2a: Arcanine
|-damage|p2a: Arcanine|59/100
|move|p2a: Arcanine|Head Smash|p1b: Farigiraf
|-damage|p1b: Farigiraf|15/100
|-enditem|p1b: Farigiraf|Sitrus Berry|[eat]
|-heal|p1b: Farigiraf|40/100|[from] item: Sitrus Berry
|
|upkeep
|turn|5
|-message|Era ella forfeited.
|
|win|ushitsune
|raw|Era ella's rating: 1084 → 1066(-18 for losing)
|raw|ushitsune's rating: 1150 → 1170(+20 for winning)
