|j|‽Corach-lover
|j|☆1incinfan
|html|Corach-lover1incinfan    
|uhtml|bestof|Game 2 of a best-of-3
|t:|1756557523
|gametype|doubles
|player|p1|Corach-lover|2|1064
|player|p2|1incinfan|101|1000
|gen|9
|tier|[Gen 9] VGC 2025 Reg H (Bo3)
|rated|
|rule|Species Clause: Limit one of each Pokémon
|rule|Item Clause: Limit 1 of each item
|clearpoke
|poke|p1|Ursaluna, L50, F|
|poke|p1|Jumpluff, L50, M|
|poke|p1|Charizard, L50, M|
|poke|p1|Torkoal, L50, F|
|poke|p1|Incineroar, L50, F|
|poke|p1|Porygon2, L50|
|poke|p2|Archaludon, L50, M|
|poke|p2|Pelipper, L50, M|
|poke|p2|Gholdengo, L50|
|poke|p2|Rillaboom, L50, F|
|poke|p2|Amoonguss, L50, M|
|poke|p2|Ursaluna-Bloodmoon, L50, M|
|teampreview|4
|showteam|p1|Ursaluna||FlameOrb|Guts|HeadlongRush,Facade,Earthquake,Protect|||F|||50|,,,,,Ghost]Jumpluff||CovertCloak|Chlorophyll|SleepPowder,SunnyDay,Tailwind,RagePowder|||M|||50|,,,,,Water]Charizard||ChoiceSpecs|SolarPower|AirSlash,HeatWave,Overheat,WeatherBall|||M|||50|,,,,,Ghost]Torkoal||EjectPack|Drought|HelpingHand,Eruption,Overheat,Protect|||F|||50|,,,,,Fire]Incineroar||SitrusBerry|Intimidate|FakeOut,FlareBlitz,KnockOff,PartingShot|||F|||50|,,,,,Ghost]Porygon2||Eviolite|Download|TeraBlast,IceBeam,Recover,TrickRoom||||||50|,,,,,Fighting
|showteam|p2|Archaludon||AssaultVest|Stamina|BodyPress,ElectroShot,DracoMeteor,DarkPulse|||M|||50|,,,,,Electric]Pelipper||Leftovers|Drizzle|Tailwind,Protect,HydroPump,Hurricane|||M|||50|,,,,,Water]Gholdengo||ChoiceSpecs|GoodasGold|DazzlingGleam,MakeItRain,Thunder,ShadowBall||||||50|,,,,,Stellar]Rillaboom||WeaknessPolicy|GrassySurge|GrassyGlide,HighHorsepower,FakeOut,Protect|||F|||50|,,,,,Fire]Amoonguss||RockyHelmet|EffectSpore|PollenPuff,RagePowder,Spore,StunSpore|||M|||50|,,,,,Fire]Ursaluna-Bloodmoon||LifeOrb|MindsEye|BloodMoon,Moonblast,HyperVoice,EarthPower|||M|||50|,,,,,Normal
|
|t:|1756557545
|teamsize|p1|4
|teamsize|p2|4
|start
|switch|p1a: Jumpluff|Jumpluff, L50, M|100/100
|switch|p1b: Charizard|Charizard, L50, M|100/100
|switch|p2a: Money :D|Gholdengo, L50|100/100
|switch|p2b: Rillaboom|Rillaboom, L50, F|100/100
|-fieldstart|move: Grassy Terrain|[from] ability: Grassy Surge|[of] p2b: Rillaboom
|turn|1
|
|t:|1756557580
|-terastallize|p1b: Charizard|Ghost
|-terastallize|p2a: Money :D|Stellar
|move|p2b: Rillaboom|Grassy Glide|p1a: Jumpluff
|-resisted|p1a: Jumpluff
|-damage|p1a: Jumpluff|89/100
|move|p1a: Jumpluff|Sunny Day|p1a: Jumpluff
|-weather|SunnyDay
|move|p1b: Charizard|Heat Wave|p2b: Rillaboom|[spread] p2a,p2b
|-supereffective|p2a: Money :D
|-supereffective|p2b: Rillaboom
|-damage|p2a: Money :D|0 fnt
|-damage|p2b: Rillaboom|0 fnt
|faint|p2a: Money :D
|faint|p2b: Rillaboom
|
|-weather|SunnyDay|[upkeep]
|-damage|p1b: Charizard|88/100|[from] ability: Solar Power|[of] p1b: Charizard
|-heal|p1b: Charizard|94/100|[from] Grassy Terrain
|upkeep
|
|t:|1756557595
|switch|p2b: Archaludon|Archaludon, L50, M|100/100
|switch|p2a: Pelipper|Pelipper, L50, M|100/100
|-weather|RainDance|[from] ability: Drizzle|[of] p2a: Pelipper
|turn|2
|
|t:|1756557603
|move|p1a: Jumpluff|Sunny Day|p1a: Jumpluff
|-weather|SunnyDay
|move|p1b: Charizard|Heat Wave|p2b: Archaludon|[spread] p2a,p2b
|-resisted|p2a: Pelipper
|-damage|p2a: Pelipper|15/100
|-damage|p2b: Archaludon|0 fnt
|faint|p2b: Archaludon
|move|p2a: Pelipper|Tailwind|p2a: Pelipper
|-sidestart|p2: 1incinfan|move: Tailwind
|
|-weather|SunnyDay|[upkeep]
|-damage|p1b: Charizard|82/100|[from] ability: Solar Power|[of] p1b: Charizard
|-heal|p2a: Pelipper|21/100|[from] item: Leftovers
|-heal|p1b: Charizard|88/100|[from] Grassy Terrain
|upkeep
|turn|3
|-message|1incinfan forfeited.
|
|win|Corach-lover
|raw|Corach-lover's rating: 1064 → 1089(+25 for winning)
|raw|1incinfan's rating: 1000 → 1000(+0 for losing)
|l|☆1incinfan
|player|p2|
