|j|☆lettitripppp
|j|☆Squ1dge_
|html|lettitrippppSqu1dge_    
|uhtml|bestof|Game 1 of a best-of-3
|t:|1784680646
|gametype|doubles
|player|p1|lettitripppp|lucas|1305
|player|p2|Squ1dge_|265|1433
|gen|9
|tier|[Gen 9 Champions] VGC 2026 Reg M-B (Bo3)
|rated|
|rule|Species Clause: Limit one of each Pokémon
|rule|Item Clause: Limit 1 of each item
|clearpoke
|poke|p1|Charizard, L50, M, shiny|
|poke|p1|Incineroar, L50, M|
|poke|p1|Toxapex, L50, F, shiny|
|poke|p1|Venusaur, L50, M|
|poke|p1|Garchomp, L50, M|
|poke|p1|Annihilape, L50, F|
|poke|p2|Kingambit, L50, M|
|poke|p2|Dragonite, L50, M|
|poke|p2|Basculegion, L50, M|
|poke|p2|Froslass, L50, F|
|poke|p2|Sneasler, L50, F|
|poke|p2|Garchomp, L50, F|
|teampreview|4
|showteam|p1|Charizard||CharizarditeY|Blaze|HelpingHand,WeatherBall,HeatWave,Protect|Modest||M|||50|]Incineroar||SitrusBerry|Intimidate|PartingShot,ThroatChop,FlareBlitz,FakeOut|Impish||M|||50|]Toxapex||Leftovers|Regenerator|WideGuard,Infestation,Toxic,BanefulBunker|Bold||F|||50|]Venusaur||LifeOrb|Chlorophyll|SludgeBomb,EarthPower,SolarBeam,Protect|Modest||M|||50|]Garchomp||ChoiceScarf|RoughSkin|StompingTantrum,DragonClaw,Earthquake,RockSlide|Adamant||M|||50|]Annihilape||FocusSash|Defiant|PhantomForce,CloseCombat,RockTomb,Protect|Jolly||F|||50|
|showteam|p2|Kingambit||BlackGlasses|Defiant|KowtowCleave,SuckerPunch,IronHead,Protect|Adamant||M|||50|]Dragonite||Dragoninite|Multiscale|Flamethrower,Protect,Thunderbolt,DragonPulse|Timid||M|||50|]Basculegion||SitrusBerry|Adaptability|LastRespects,Protect,WaveCrash,AquaJet|Adamant||M|||50|]Froslass||Froslassite|CursedBody|ShadowBall,AuroraVeil,Blizzard,Protect|Modest||F|||50|]Sneasler||WhiteHerb|PoisonTouch|Protect,DireClaw,FakeOut,CloseCombat|Adamant||F|||50|]Garchomp||LifeOrb|RoughSkin|RockSlide,DragonClaw,Protect,Earthquake|Jolly||F|||50|
|inactive|Battle timer is ON: inactive players will automatically lose when time's up. (requested by lettitripppp)
|inactive|Squ1dge_ has 60 seconds left.
|
|t:|1784680695
|teamsize|p1|4
|teamsize|p2|4
|start
|switch|p1a: GRIND-DOWN|Toxapex, L50, F, shiny|100/100
|switch|p1b: AGNI|Charizard, L50, M, shiny|100/100
|switch|p2a: Garchomp|Garchomp, L50, F|100/100
|switch|p2b: Dragonite|Dragonite, L50, M|100/100
|turn|1
|
|t:|1784680711
|switch|p1b: AOI TODO|Incineroar, L50, M|100/100
|-ability|p1b: AOI TODO|Intimidate|boost
|-unboost|p2a: Garchomp|atk|1
|-unboost|p2b: Dragonite|atk|1
|detailschange|p2b: Dragonite|Dragonite-Mega, L50, M
|-mega|p2b: Dragonite|Dragonite|Dragoninite
|move|p2a: Garchomp|Earthquake|p1a: GRIND-DOWN|[spread] p1a,p1b
|-immune|p2b: Dragonite
|-supereffective|p1a: GRIND-DOWN|1
|-supereffective|p1b: AOI TODO|1
|-damage|p1a: GRIND-DOWN|55/100
|-damage|p1b: AOI TODO|44/100
|-enditem|p1b: AOI TODO|Sitrus Berry|[eat]
|-heal|p1b: AOI TODO|69/100|[from] item: Sitrus Berry
|-damage|p2a: Garchomp|90/100|[from] item: Life Orb
|move|p2b: Dragonite|Thunderbolt|p1a: GRIND-DOWN
|-supereffective|p1a: GRIND-DOWN|1
|-damage|p1a: GRIND-DOWN|1/100
|-status|p1a: GRIND-DOWN|par
|move|p1a: GRIND-DOWN|Infestation|p2a: Garchomp
|-damage|p2a: Garchomp|86/100
|-activate|p2a: Garchomp|move: Infestation|[of] p1a: GRIND-DOWN
|-damage|p1a: GRIND-DOWN|0 fnt|[from] ability: Rough Skin|[of] p2a: Garchomp
|faint|p1a: GRIND-DOWN
|
|-end|p2a: Garchomp|Infestation|[partiallytrapped]|[silent]
|upkeep
|-message|lettitripppp forfeited.
|
|win|Squ1dge_
|l|☆lettitripppp
|player|p1|
||lettitripppp is ready for game 2.
||lettitripppp is ready for game 2.
||Squ1dge_ is ready for game 2.
|uhtml|next|Next: Game 2 of 3
|l|☆Squ1dge_
|player|p2|
|j|☆Squ1dge_
|player|p2|Squ1dge_|265|
