|j|☆Raucho
|j|☆JasonButtholz
|html|RauchoJasonButtholz    
|uhtml|bestof|Game 3 of a best-of-3
|t:|1756697545
|gametype|doubles
|player|p1|Raucho|n|1178
|player|p2|JasonButtholz|265|1090
|gen|9
|tier|[Gen 9] VGC 2025 Reg H (Bo3)
|rated|
|rule|Species Clause: Limit one of each Pokémon
|rule|Item Clause: Limit 1 of each item
|clearpoke
|poke|p1|Gholdengo, L50|
|poke|p1|Dragonite, L50, F|
|poke|p1|Indeedee, L50, M|
|poke|p1|Sneasler, L50, M|
|poke|p1|Electabuzz, L50, F|
|poke|p1|Ursaluna-Bloodmoon, L50, M|
|poke|p2|Indeedee, L50, M|
|poke|p2|Incineroar, L50, F|
|poke|p2|Garchomp, L50, M|
|poke|p2|Archaludon, L50, F|
|poke|p2|Pelipper, L50, M|
|poke|p2|Sinistcha, L50|
|teampreview|4
|showteam|p1|Gholdengo||IronPlate|GoodasGold|MakeItRain,ShadowBall,NastyPlot,Protect||||||50|,,,,,Dragon]Dragonite||LoadedDice|InnerFocus|ScaleShot,StompingTantrum,Haze,Tailwind|||F|||50|,,,,,Fairy]Indeedee||FocusSash|PsychicSurge|ExpandingForce,Imprison,TrickRoom,Protect|||M|||50|,,,,,Psychic]Sneasler||PsychicSeed|Unburden|ThroatChop,CloseCombat,DireClaw,Protect|||M|||50|,,,,,Dark]Electabuzz||Eviolite|VitalSpirit|Electroweb,Taunt,FollowMe,Protect|||F|||50|,,,,,Dragon]Ursaluna-Bloodmoon||LifeOrb|MindsEye|HyperVoice,BloodMoon,EarthPower,Protect|||M|||50|,,,,,Normal
|showteam|p2|Indeedee||ChoiceScarf|PsychicSurge|ExpandingForce,DazzlingGleam,AfterYou,Psyshock|||M|||50|,,,,,Fairy]Incineroar||SafetyGoggles|Intimidate|PartingShot,FakeOut,FlareBlitz,KnockOff|||F|||50|,,,,,Bug]Garchomp||RockyHelmet|RoughSkin|Protect,Earthquake,DragonClaw,SwordsDance|||M|||50|,,,,,Steel]Archaludon||AssaultVest|Stamina|BodyPress,AuraSphere,ElectroShot,DarkPulse|||F|||50|,,,,,Flying]Pelipper||CovertCloak|Drizzle|Protect,Tailwind,WeatherBall,Hurricane|||M|||50|,,,,,Ghost]Sinistcha||Leftovers|Hospitality|Scald,MatchaGotcha,RagePowder,Protect||||||50|,,,,,Water
|inactive|Battle timer is ON: inactive players will automatically lose when time's up. (requested by Raucho)
|
|t:|1756697575
|teamsize|p1|4
|teamsize|p2|4
|start
|switch|p1a: Sneasler|Sneasler, L50, M, shiny|100/100
|switch|p1b: Dragonite|Dragonite, L50, F, shiny|100/100
|switch|p2a: Indeedee|Indeedee, L50, M|100/100
|switch|p2b: Archaludon|Archaludon, L50, F|100/100
|-fieldstart|move: Psychic Terrain|[from] ability: Psychic Surge|[of] p2a: Indeedee
|-enditem|p1a: Sneasler|Psychic Seed
|-boost|p1a: Sneasler|spd|1|[from] item: Psychic Seed
|turn|1
|inactive|JasonButtholz has 30 seconds left.
|inactive|JasonButtholz has 20 seconds left.
|inactive|JasonButtholz has 15 seconds left.
|
|t:|1756697616
|switch|p2b: Incineroar|Incineroar, L50, F|100/100
|-ability|p2b: Incineroar|Intimidate|boost
|-unboost|p1a: Sneasler|atk|1
|-fail|p1b: Dragonite|unboost|Attack|[from] ability: Inner Focus|[of] p1b: Dragonite
|-terastallize|p1a: Sneasler|Dark
|move|p1a: Sneasler|Close Combat|p2b: Incineroar
|-supereffective|p2b: Incineroar
|-damage|p2b: Incineroar|13/100
|-unboost|p1a: Sneasler|def|1
|-unboost|p1a: Sneasler|spd|1
|move|p2a: Indeedee|Expanding Force|p1b: Dragonite|[spread] p1b
|-immune|p1a: Sneasler
|-damage|p1b: Dragonite|39/100
|move|p1b: Dragonite|Haze|p1b: Dragonite
|-clearallboost
|
|upkeep
|turn|2
|
|t:|1756697637
|move|p2b: Incineroar|Fake Out|p1b: Dragonite
|-hint|Psychic Terrain doesn't affect Pokémon immune to Ground.
|-damage|p1b: Dragonite|23/100
|move|p1a: Sneasler|Throat Chop|p2a: Indeedee
|-supereffective|p2a: Indeedee
|-damage|p2a: Indeedee|0 fnt
|faint|p2a: Indeedee
|move|p1b: Dragonite|Stomping Tantrum|p2b: Incineroar
|-supereffective|p2b: Incineroar
|-damage|p2b: Incineroar|0 fnt
|faint|p2b: Incineroar
|
|upkeep
|
|t:|1756697656
|switch|p2a: Archaludon|Archaludon, L50, F|100/100
|switch|p2b: Garchomp|Garchomp, L50, M|100/100
|turn|3
|
|t:|1756697674
|-terastallize|p2a: Archaludon|Flying
|move|p1a: Sneasler|Close Combat|p2a: Archaludon
|-resisted|p2a: Archaludon
|-damage|p2a: Archaludon|79/100
|-unboost|p1a: Sneasler|def|1
|-unboost|p1a: Sneasler|spd|1
|-ability|p2a: Archaludon|Stamina|boost
|-boost|p2a: Archaludon|def|1
|move|p2b: Garchomp|Earthquake|p1b: Dragonite|[spread] p1a
|-immune|p2a: Archaludon
|-immune|p1b: Dragonite
|-damage|p1a: Sneasler|0 fnt
|faint|p1a: Sneasler
|move|p1b: Dragonite|Tailwind|p1b: Dragonite
|-sidestart|p1: Raucho|move: Tailwind
|move|p2a: Archaludon|Body Press|p1b: Dragonite
|-resisted|p1b: Dragonite
|-damage|p1b: Dragonite|0 fnt
|faint|p1b: Dragonite
|
|upkeep
|
|t:|1756697692
|switch|p1a: Indeedee|Indeedee, L50, M, shiny|100/100
|switch|p1b: Ursaluna|Ursaluna-Bloodmoon, L50, M|100/100
|turn|4
|
|t:|1756697700
|move|p1a: Indeedee|Expanding Force|p2a: Archaludon|[spread] p2a,p2b
|-damage|p2a: Archaludon|33/100
|-damage|p2b: Garchomp|48/100
|-ability|p2a: Archaludon|Stamina|boost
|-boost|p2a: Archaludon|def|1
|move|p1b: Ursaluna|Hyper Voice|p2b: Garchomp|[spread] p2a,p2b
|-damage|p2a: Archaludon|0 fnt
|-damage|p2b: Garchomp|0 fnt
|faint|p2a: Archaludon
|faint|p2b: Garchomp
|-damage|p1b: Ursaluna|91/100|[from] item: Life Orb
|
|win|Raucho
|raw|Raucho's rating: 1178 → 1197(+19 for winning)
|raw|JasonButtholz's rating: 1090 → 1072(-18 for losing)
