|j|☆LiarChoir
|j|☆StarblastVGC
|html|LiarChoirStarblastVGC    
|uhtml|bestof|Game 2 of a best-of-3
|t:|1756763408
|gametype|doubles
|player|p1|LiarChoir|candice|1040
|player|p2|StarblastVGC|265|1117
|gen|9
|tier|[Gen 9] VGC 2025 Reg H (Bo3)
|rated|
|rule|Species Clause: Limit one of each Pokémon
|rule|Item Clause: Limit 1 of each item
|clearpoke
|poke|p1|Porygon2, L50|
|poke|p1|Ninetales-Alola, L50, M|
|poke|p1|Ursaluna-Bloodmoon, L50, M|
|poke|p1|Incineroar, L50, M|
|poke|p1|Dragapult, L50, F|
|poke|p1|Primarina, L50, M|
|poke|p2|Sneasler, L50, F|
|poke|p2|Indeedee, L50, M|
|poke|p2|Whimsicott, L50, M|
|poke|p2|Ursaluna-Bloodmoon, L50, M|
|poke|p2|Tatsugiri, L50, F|
|poke|p2|Dondozo, L50, M|
|teampreview|4
|showteam|p1|Porygon2||Eviolite|Download|TrickRoom,Recover,IceBeam,Thunderbolt||||||50|,,,,,Ghost]Ninetales-Alola||LightClay|SnowWarning|AuroraVeil,FreezeDry,Blizzard,Encore|||M|||50|,,,,,Ghost]Ursaluna-Bloodmoon||AssaultVest|MindsEye|BloodMoon,HyperVoice,VacuumWave,EarthPower|||M|||50|,,,,,Ghost]Incineroar||SafetyGoggles|Intimidate|FlareBlitz,KnockOff,PartingShot,FakeOut|||M|||50|,,,,,Ghost]Dragapult||ChoiceBand|ClearBody|DragonDarts,PhantomForce,Uturn,SuckerPunch|||F|||50|,,,,,Dragon]Primarina||ThroatSpray|LiquidVoice|HyperVoice,Moonblast,Haze,Protect|||M|||50|,,,,,Water
|showteam|p2|Sneasler||PsychicSeed|Unburden|DireClaw,CloseCombat,ThroatChop,Protect|||F|||50|,,,,,Dark]Indeedee||FocusSash|PsychicSurge|ExpandingForce,TeraBlast,HelpingHand,Protect|||M|||50|,,,,,Psychic]Whimsicott||CovertCloak|Prankster|Moonblast,Tailwind,HelpingHand,LightScreen|||M|||50|,,,,,Poison]Ursaluna-Bloodmoon||SilkScarf|MindsEye|BloodMoon,HyperVoice,EarthPower,Protect|||M|||50|,,,,,Normal]Tatsugiri||SafetyGoggles|Commander|DracoMeteor,MuddyWater,HelpingHand,Protect|||F|||50|,,,,,Normal]Dondozo||Leftovers|Unaware|WaveCrash,Earthquake,OrderUp,Protect|||M|||50|,,,,,Grass
|inactive|Battle timer is ON: inactive players will automatically lose when time's up. (requested by StarblastVGC)
|inactive|LiarChoir has 60 seconds left.
|inactive|LiarChoir has 30 seconds left.
|inactive|LiarChoir has 20 seconds left.
|inactive|LiarChoir has 15 seconds left.
|inactive|LiarChoir has 10 seconds left.
|inactive|LiarChoir has 5 seconds left.
|
|t:|1756763544
|teamsize|p1|4
|teamsize|p2|4
|start
|switch|p1a: Porygon2|Porygon2, L50|100/100
|switch|p1b: Ninetales|Ninetales-Alola, L50, M|100/100
|switch|p2a: Whimsicott|Whimsicott, L50, M|100/100
|switch|p2b: Ursaluna|Ursaluna-Bloodmoon, L50, M|100/100
|-weather|Snowscape|[from] ability: Snow Warning|[of] p1b: Ninetales
|-ability|p1a: Porygon2|Download|boost
|-boost|p1a: Porygon2|spa|1
|turn|1
|inactive|LiarChoir has 30 seconds left.
|inactive|StarblastVGC has 30 seconds left.
|inactive|LiarChoir has 20 seconds left.
|inactive|StarblastVGC has 20 seconds left.
|inactive|LiarChoir has 15 seconds left.
|inactive|StarblastVGC has 15 seconds left.
|-message|LiarChoir forfeited.
|
|win|StarblastVGC
|raw|LiarChoir's rating: 1040 → 1027(-13 for losing)
|raw|StarblastVGC's rating: 1117 → 1137(+20 for winning)
