|j|☆GubGubFan
|j|☆Arkhept
|html|GubGubFanArkhept    
|uhtml|bestof|Game 2 of a best-of-3
|t:|1757256891
|gametype|doubles
|player|p1|GubGubFan|170|1154
|player|p2|Arkhept|misty|1145
|gen|9
|tier|[Gen 9] VGC 2025 Reg H (Bo3)
|rated|
|rule|Species Clause: Limit one of each Pokémon
|rule|Item Clause: Limit 1 of each item
|clearpoke
|poke|p1|Tyranitar, L50, F|
|poke|p1|Excadrill, L50, F|
|poke|p1|Basculegion, L50, M|
|poke|p1|Volcarona, L50, M|
|poke|p1|Dragonite, L50, F|
|poke|p1|Magmar, L50, F|
|poke|p2|Farigiraf, L50, M|
|poke|p2|Ribombee, L50, M|
|poke|p2|Dragonite, L50, M|
|poke|p2|Hydrapple, L50, F|
|poke|p2|Volcarona, L50, F|
|poke|p2|Ursaluna-Bloodmoon, L50, M|
|teampreview|4
|showteam|p1|Tyranitar||AssaultVest|SandStream|RockSlide,KnockOff,LowKick,TeraBlast|||F|||50|,,,,,Flying]Excadrill||FocusSash|SandRush|Earthquake,HighHorsepower,IronHead,Protect|||F|||50|,,,,,Ground]Basculegion||ChoiceScarf|Adaptability|WaveCrash,FlipTurn,AquaJet,LastRespects|||M|||50|,,,,,Grass]Volcarona||Leftovers|FlameBody|HeatWave,QuiverDance,TeraBlast,Protect|||M|||50|,,,,,Fairy]Dragonite||LoadedDice|Multiscale|Protect,Tailwind,ScaleShot,Haze|||F|||50|,,,,,Fairy]Magmar||Eviolite|VitalSpirit|FollowMe,Taunt,HeatWave,WillOWisp|||F|||50|,,,,,Grass
|showteam|p2|Farigiraf||ThroatSpray|ArmorTail|HyperVoice,TeraBlast,TrickRoom,Psychic|||M|||50|,,,,,Fire]Ribombee||FocusSash|ShieldDust|Tailwind,FakeTears,Moonblast,Protect|||M|||50|,,,,,Fairy]Dragonite||LoadedDice|Multiscale|ScaleShot,IceSpinner,ExtremeSpeed,Protect|||M|||50|,,,,,Fairy]Hydrapple||AssaultVest|Regenerator|GigaDrain,FickleBeam,EarthPower,LeafStorm|||F|||50|,,,,,Fire]Volcarona||CovertCloak|FlameBody|FieryDance,StruggleBug,RagePowder,WillOWisp|||F|||50|,,,,,Dragon]Ursaluna-Bloodmoon||LifeOrb|MindsEye|HyperVoice,BloodMoon,Protect,EarthPower|||M|||50|,,,,,Ground
|inactive|Battle timer is ON: inactive players will automatically lose when time's up. (requested by GubGubFan)
|
|t:|1757256919
|teamsize|p1|4
|teamsize|p2|4
|start
|switch|p1a: Volcarona|Volcarona, L50, M|100/100
|switch|p1b: Basculegion|Basculegion, L50, M|100/100
|switch|p2a: Volcarona|Volcarona, L50, F|100/100
|switch|p2b: Dragonite|Dragonite, L50, M|100/100
|turn|1
|inactive|GubGubFan has 30 seconds left.
|
|t:|1757256946
|-terastallize|p2a: Volcarona|Dragon
|-terastallize|p1a: Volcarona|Fairy
|move|p1b: Basculegion|Flip Turn|p2a: Volcarona
|-resisted|p2a: Volcarona
|-damage|p2a: Volcarona|77/100
|-status|p1b: Basculegion|brn|[from] ability: Flame Body|[of] p2a: Volcarona
|
|t:|1757256955
|switch|p1b: Tyranitar|Tyranitar, L50, F|100/100|[from] Flip Turn
|-weather|Sandstorm|[from] ability: Sand Stream|[of] p1b: Tyranitar
|move|p2a: Volcarona|Struggle Bug|p1b: Tyranitar|[spread] p1a,p1b
|-resisted|p1a: Volcarona
|-supereffective|p1b: Tyranitar
|-damage|p1a: Volcarona|93/100
|-damage|p1b: Tyranitar|89/100
|-unboost|p1a: Volcarona|spa|1
|-unboost|p1b: Tyranitar|spa|1
|move|p1a: Volcarona|Tera Blast|p2a: Volcarona|[anim] Tera Blast Fairy
|-supereffective|p2a: Volcarona
|-damage|p2a: Volcarona|30/100
|move|p2b: Dragonite|Scale Shot|p1b: Tyranitar
|-damage|p1b: Tyranitar|77/100
|-damage|p1b: Tyranitar|65/100
|-damage|p1b: Tyranitar|52/100
|-damage|p1b: Tyranitar|40/100
|-hitcount|p1b: Tyranitar|4
|-unboost|p2b: Dragonite|def|1
|-boost|p2b: Dragonite|spe|1
|
|-weather|Sandstorm|[upkeep]
|-damage|p2b: Dragonite|95/100|[from] Sandstorm
|-damage|p2a: Volcarona|24/100|[from] Sandstorm
|-damage|p1a: Volcarona|86/100|[from] Sandstorm
|-heal|p1a: Volcarona|93/100|[from] item: Leftovers
|upkeep
|turn|2
|inactive|Arkhept has 30 seconds left.
|
|t:|1757256983
|move|p2b: Dragonite|Scale Shot|p1b: Tyranitar|[miss]
|-miss|p2b: Dragonite|p1b: Tyranitar
|move|p2a: Volcarona|Struggle Bug|p1b: Tyranitar|[spread] p1a,p1b
|-resisted|p1a: Volcarona
|-supereffective|p1b: Tyranitar
|-damage|p1a: Volcarona|85/100
|-damage|p1b: Tyranitar|25/100
|-unboost|p1a: Volcarona|spa|1
|-unboost|p1b: Tyranitar|spa|1
|move|p1a: Volcarona|Quiver Dance|p1a: Volcarona
|-boost|p1a: Volcarona|spa|1
|-boost|p1a: Volcarona|spd|1
|-boost|p1a: Volcarona|spe|1
|move|p1b: Tyranitar|Rock Slide|p2a: Volcarona|[spread] p2b
|-miss|p1b: Tyranitar|p2a: Volcarona
|-supereffective|p2b: Dragonite
|-damage|p2b: Dragonite|0 fnt
|faint|p2b: Dragonite
|
|-weather|Sandstorm|[upkeep]
|-damage|p1a: Volcarona|79/100|[from] Sandstorm
|-damage|p2a: Volcarona|18/100|[from] Sandstorm
|-heal|p1a: Volcarona|85/100|[from] item: Leftovers
|upkeep
|
|t:|1757256989
|switch|p2b: Farigiraf|Farigiraf, L50, M|100/100
|turn|3
|
|t:|1757257003
|move|p2a: Volcarona|Rage Powder|p2a: Volcarona
|-singleturn|p2a: Volcarona|move: Rage Powder
|move|p1a: Volcarona|Tera Blast|p2a: Volcarona|[anim] Tera Blast Fairy
|-supereffective|p2a: Volcarona
|-damage|p2a: Volcarona|0 fnt
|faint|p2a: Volcarona
|move|p1b: Tyranitar|Knock Off|p2b: Farigiraf
|-supereffective|p2b: Farigiraf
|-damage|p2b: Farigiraf|0 fnt
|-enditem|p2b: Farigiraf|Throat Spray|[from] move: Knock Off|[of] p1b: Tyranitar
|faint|p2b: Farigiraf
|
|-weather|Sandstorm|[upkeep]
|-damage|p1a: Volcarona|79/100|[from] Sandstorm
|-heal|p1a: Volcarona|85/100|[from] item: Leftovers
|upkeep
|-message|Arkhept forfeited.
|
|win|GubGubFan
|raw|GubGubFan's rating: 1154 → 1178(+24 for winning)
|raw|Arkhept's rating: 1145 → 1121(-24 for losing)
