|j|☆buf91 Lupita
|j|☆GetaJobApplication
|html|buf91 LupitaGetaJobApplication    
|uhtml|bestof|Game 1 of a best-of-3
|t:|1757703241
|gametype|doubles
|player|p1|buf91 Lupita|lucas|1298
|player|p2|GetaJobApplication|cynthia-gen4|1205
|gen|9
|tier|[Gen 9] VGC 2025 Reg H (Bo3)
|rated|
|rule|Species Clause: Limit one of each Pokémon
|rule|Item Clause: Limit 1 of each item
|clearpoke
|poke|p1|Typhlosion-Hisui, L50, F|
|poke|p1|Whimsicott, L50, F|
|poke|p1|Kingambit, L50, M|
|poke|p1|Farigiraf, L50, F|
|poke|p1|Ursaluna-Bloodmoon, L50, M|
|poke|p1|Annihilape, L50, F|
|poke|p2|Incineroar, L50, F|
|poke|p2|Indeedee, L50, M|
|poke|p2|Kommo-o, L50, M|
|poke|p2|Amoonguss, L50, F|
|poke|p2|Gholdengo, L50|
|poke|p2|Sneasler, L50, M|
|teampreview|4
|showteam|p1|Typhlosion-Hisui||ChoiceSpecs|Blaze|HeatWave,Eruption,ShadowBall,Flamethrower|||F|||50|,,,,,Fire]Whimsicott||CovertCloak|Prankster|SunnyDay,Tailwind,Moonblast,Encore|||F|||50|,,,,,Ghost]Kingambit||AssaultVest|Defiant|KowtowCleave,LowKick,IronHead,SuckerPunch|||M|||50|,,,,,Fairy]Farigiraf||SitrusBerry|ArmorTail|TrickRoom,HelpingHand,Psychic,FoulPlay|||F|||50|,,,,,Fairy]Ursaluna-Bloodmoon||LifeOrb|MindsEye|Protect,BloodMoon,HyperVoice,EarthPower|||M|||50|,,,,,Normal]Annihilape||Leftovers|Defiant|Protect,BulkUp,DrainPunch,RageFist|||F|||50|,,,,,Fire
|showteam|p2|Incineroar||AssaultVest|Intimidate|FakeOut,KnockOff,Uturn,FlareBlitz|||F|||50|,,,,,Bug]Indeedee||ChoiceScarf|PsychicSurge|ExpandingForce,Trick,HelpingHand,DazzlingGleam|||M|||50|,,,,,Psychic]Kommo-o||ThroatSpray|Overcoat|ClangorousSoul,ClangingScales,Protect,Flamethrower|||M|||50|,,,,,Fire]Amoonguss||SitrusBerry|Regenerator|Spore,RagePowder,PollenPuff,Protect|||F|||50|,,,,,Water]Gholdengo||LifeOrb|GoodasGold|MakeItRain,ShadowBall,NastyPlot,Protect||||||50|,,,,,Steel]Sneasler||PsychicSeed|Unburden|DireClaw,CloseCombat,ThroatChop,Protect|||M|||50|,,,,,Dark
|
|t:|1757703262
|teamsize|p1|4
|teamsize|p2|4
|start
|switch|p1a: Farigiraf|Farigiraf, L50, F|100/100
|switch|p1b: Ursaluna|Ursaluna-Bloodmoon, L50, M|100/100
|switch|p2a: Kommo-o|Kommo-o, L50, M|100/100
|switch|p2b: Incineroar|Incineroar, L50, F|100/100
|-ability|p2b: Incineroar|Intimidate|boost
|-unboost|p1a: Farigiraf|atk|1
|-unboost|p1b: Ursaluna|atk|1
|turn|1
|
|t:|1757703279
|-terastallize|p2a: Kommo-o|Fire
|-terastallize|p1a: Farigiraf|Fairy
|move|p2a: Kommo-o|Flamethrower|p1a: Farigiraf
|-damage|p1a: Farigiraf|58/100
|move|p2b: Incineroar|Flare Blitz|p1a: Farigiraf
|-damage|p1a: Farigiraf|13/100
|-enditem|p1a: Farigiraf|Sitrus Berry|[eat]
|-heal|p1a: Farigiraf|38/100|[from] item: Sitrus Berry
|-damage|p2b: Incineroar|84/100|[from] Recoil
|move|p1b: Ursaluna|Hyper Voice|p2a: Kommo-o|[spread] p2a,p2b
|-damage|p2a: Kommo-o|56/100
|-damage|p2b: Incineroar|53/100
|-damage|p1b: Ursaluna|91/100|[from] item: Life Orb
|move|p1a: Farigiraf|Trick Room|p1a: Farigiraf
|-fieldstart|move: Trick Room|[of] p1a: Farigiraf
|
|upkeep
|turn|2
|
|t:|1757703313
|move|p2a: Kommo-o|Protect|p2a: Kommo-o
|-singleturn|p2a: Kommo-o|Protect
|move|p1b: Ursaluna|Earth Power|p2b: Incineroar
|-supereffective|p2b: Incineroar
|-damage|p2b: Incineroar|0 fnt
|faint|p2b: Incineroar
|-damage|p1b: Ursaluna|81/100|[from] item: Life Orb
|move|p1a: Farigiraf|Foul Play|p2a: Kommo-o
|-activate|p2a: Kommo-o|move: Protect
|
|upkeep
|
|t:|1757703322
|switch|p2b: Sneasler|Sneasler, L50, M|100/100
|turn|3
|
|t:|1757703335
|switch|p2a: Indeedee|Indeedee, L50, M|100/100
|-fieldstart|move: Psychic Terrain|[from] ability: Psychic Surge|[of] p2a: Indeedee
|-enditem|p2b: Sneasler|Psychic Seed
|-boost|p2b: Sneasler|spd|1|[from] item: Psychic Seed
|move|p1b: Ursaluna|Earth Power|p2a: Indeedee
|-damage|p2a: Indeedee|14/100
|-unboost|p2a: Indeedee|spd|1
|-damage|p1b: Ursaluna|72/100|[from] item: Life Orb
|move|p1a: Farigiraf|Psychic|p2b: Sneasler
|-supereffective|p2b: Sneasler
|-damage|p2b: Sneasler|0 fnt
|faint|p2b: Sneasler
|
|upkeep
|
|t:|1757703347
|switch|p2b: Kommo-o|Kommo-o, L50, M, tera:Fire|56/100
|turn|4
|
|t:|1757703351
|move|p1a: Farigiraf|Helping Hand|p1b: Ursaluna
|-singleturn|p1b: Ursaluna|Helping Hand|[of] p1a: Farigiraf
|move|p1b: Ursaluna|Hyper Voice|p2b: Kommo-o|[spread] p2a,p2b
|-damage|p2a: Indeedee|0 fnt
|-damage|p2b: Kommo-o|0 fnt
|faint|p2a: Indeedee
|faint|p2b: Kommo-o
|-damage|p1b: Ursaluna|62/100|[from] item: Life Orb
|
|win|buf91 Lupita
||GetaJobApplication is ready for game 2.
||buf91 Lupita is ready for game 2.
|uhtml|next|Next: Game 2 of 3
|l|☆buf91 Lupita
|player|p1|
