|j|☆snodlop
|j|☆doll_cmplx
|html|snodlopdoll_cmplx    
|uhtml|bestof|Game 2 of a best-of-3
|t:|1782195298
|gametype|doubles
|player|p1|snodlop|lebanne|1138
|player|p2|doll_cmplx|akari|1230
|gen|9
|tier|[Gen 9 Champions] VGC 2026 Reg M-B (Bo3)
|rated|
|rule|Species Clause: Limit one of each Pokémon
|rule|Item Clause: Limit 1 of each item
|clearpoke
|poke|p1|Pelipper, L50, F|
|poke|p1|Archaludon, L50, F|
|poke|p1|Meganium, L50, M|
|poke|p1|Incineroar, L50, F|
|poke|p1|Dragonite, L50, F|
|poke|p1|Basculegion, L50, M|
|poke|p2|Gholdengo, L50|
|poke|p2|Incineroar, L50, M|
|poke|p2|Basculegion, L50, M|
|poke|p2|Garchomp, L50, M|
|poke|p2|Charizard, L50, F|
|poke|p2|Whimsicott, L50, M|
|teampreview|4
|showteam|p1|Pelipper||FocusSash|Drizzle|Tailwind,WideGuard,Hurricane,WeatherBall|Modest||F|||50|]Archaludon||Leftovers|Stamina|ElectroShot,DracoMeteor,Snarl,Protect|Bold||F|||50|]Meganium||Meganiumite|Overgrow|SolarBeam,WeatherBall,Synthesis,DazzlingGleam|Modest||M|||50|]Incineroar||SitrusBerry|Intimidate|FakeOut,PartingShot,FlareBlitz,DarkestLariat|Careful||F|||50|]Dragonite||Dragoninite|Multiscale|Hurricane,DracoMeteor,WeatherBall,Protect|Modest||F|||50|]Basculegion||ChoiceScarf|SwiftSwim|LastRespects,Liquidation,FlipTurn,PsychicFangs|Jolly||M|||50|
|showteam|p2|Gholdengo||MetalCoat|GoodasGold|MakeItRain,ShadowBall,NastyPlot,Protect|Modest|||||50|]Incineroar||SitrusBerry|Intimidate|FakeOut,FlareBlitz,ThroatChop,PartingShot|Impish||M|||50|]Basculegion||MysticWater|Adaptability|WaveCrash,LastRespects,AquaJet,Protect|Adamant||M|||50|]Garchomp||LifeOrb|RoughSkin|Earthquake,DragonClaw,RockSlide,Protect|Jolly||M|||50|]Charizard||CharizarditeY|Blaze|WeatherBall,HeatWave,SolarBeam,Protect|Modest||F|||50|]Whimsicott||FocusSash|Prankster|Moonblast,Tailwind,Encore,Protect|Timid||M|||50|
|inactive|Battle timer is ON: inactive players will automatically lose when time's up. (requested by doll_cmplx)
|
|t:|1782195326
|teamsize|p1|4
|teamsize|p2|4
|start
|switch|p1a: Archaludon|Archaludon, L50, F|100/100
|switch|p1b: Incineroar|Incineroar, L50, F|100/100
|switch|p2a: Garchomp|Garchomp, L50, M|100/100
|switch|p2b: Charizard|Charizard, L50, F|100/100
|-ability|p1b: Incineroar|Intimidate|boost
|-unboost|p2a: Garchomp|atk|1
|-unboost|p2b: Charizard|atk|1
|turn|1
|
|t:|1782195340
|switch|p1b: Pelipper|Pelipper, L50, F|100/100
|-weather|RainDance|[from] ability: Drizzle|[of] p1b: Pelipper
|move|p2a: Garchomp|Earthquake|p1a: Archaludon|[spread] p1a
|-immune|p2b: Charizard
|-immune|p1b: Pelipper
|-supereffective|p1a: Archaludon|1
|-damage|p1a: Archaludon|54/100
|-ability|p1a: Archaludon|Stamina|boost
|-boost|p1a: Archaludon|def|1
|-damage|p2a: Garchomp|90/100|[from] item: Life Orb
|move|p2b: Charizard|Heat Wave|p1b: Pelipper|[spread] p1a,p1b
|-resisted|p1b: Pelipper|1
|-damage|p1a: Archaludon|39/100
|-damage|p1b: Pelipper|86/100
|-status|p1b: Pelipper|brn
|-ability|p1a: Archaludon|Stamina|boost
|-boost|p1a: Archaludon|def|1
|move|p1a: Archaludon|Electro Shot||[still]
|-prepare|p1a: Archaludon|Electro Shot
|-boost|p1a: Archaludon|spa|1
|-anim|p1a: Archaludon|Electro Shot|p2b: Charizard
|-supereffective|p2b: Charizard|1
|-damage|p2b: Charizard|0 fnt
|faint|p2b: Charizard
|
|-weather|RainDance|[upkeep]
|-heal|p1a: Archaludon|45/100|[from] item: Leftovers
|-damage|p1b: Pelipper|81/100 brn|[from] brn
|upkeep
|
|t:|1782195352
|switch|p2b: Whimsicott|Whimsicott, L50, M|100/100
|turn|2
|inactive|snodlop has 30 seconds left.
|inactive|doll_cmplx has 30 seconds left.
|inactive|doll_cmplx has 20 seconds left.
|
|t:|1782195389
|switch|p2a: Incineroar|Incineroar, L50, M|100/100
|-ability|p2a: Incineroar|Intimidate|boost
|-unboost|p1a: Archaludon|atk|1
|-unboost|p1b: Pelipper|atk|1
|move|p2b: Whimsicott|Moonblast|p1a: Archaludon
|-damage|p1a: Archaludon|14/100
|-ability|p1a: Archaludon|Stamina|boost
|-boost|p1a: Archaludon|def|1
|move|p1b: Pelipper|Hurricane|p2b: Whimsicott
|-supereffective|p2b: Whimsicott|1
|-crit|p2b: Whimsicott
|-enditem|p2b: Whimsicott|Focus Sash
|-damage|p2b: Whimsicott|1/100
|move|p1a: Archaludon|Draco Meteor|p2a: Incineroar
|-crit|p2a: Incineroar
|-damage|p2a: Incineroar|0 fnt
|-unboost|p1a: Archaludon|spa|2
|faint|p2a: Incineroar
|
|-weather|RainDance|[upkeep]
|-heal|p1a: Archaludon|20/100y|[from] item: Leftovers
|-damage|p1b: Pelipper|75/100 brn|[from] brn
|upkeep
|
|t:|1782195399
|switch|p2a: Garchomp|Garchomp, L50, M|90/100
|turn|3
|
|t:|1782195413
|switch|p1a: Incineroar|Incineroar, L50, F|100/100
|-ability|p1a: Incineroar|Intimidate|boost
|-unboost|p2a: Garchomp|atk|1
|-unboost|p2b: Whimsicott|atk|1
|move|p2b: Whimsicott|Protect|p2b: Whimsicott
|-singleturn|p2b: Whimsicott|Protect
|move|p2a: Garchomp|Dragon Claw|p1a: Incineroar
|-damage|p1a: Incineroar|69/100
|-damage|p2a: Garchomp|80/100|[from] item: Life Orb
|move|p1b: Pelipper|Tailwind|p1b: Pelipper
|-sidestart|p1: snodlop|move: Tailwind
|
|-weather|RainDance|[upkeep]
|-damage|p1b: Pelipper|69/100 brn|[from] brn
|upkeep
|turn|4
|
|t:|1782195434
|move|p1a: Incineroar|Fake Out|p2b: Whimsicott
|-damage|p2b: Whimsicott|0 fnt
|faint|p2b: Whimsicott
|move|p1b: Pelipper|Weather Ball|p2a: Garchomp
|-damage|p2a: Garchomp|1/100
|move|p2a: Garchomp|Rock Slide|p1b: Pelipper|[spread] p1a
|-miss|p2a: Garchomp|p1b: Pelipper
|-supereffective|p1a: Incineroar|1
|-crit|p1a: Incineroar
|-damage|p1a: Incineroar|7/100
|-enditem|p1a: Incineroar|Sitrus Berry|[eat]
|-heal|p1a: Incineroar|32/100|[from] item: Sitrus Berry
|-damage|p2a: Garchomp|0 fnt|[from] item: Life Orb
|faint|p2a: Garchomp
|
|win|snodlop
||doll_cmplx is ready for game 3.
|inactive|snodlop has 30 seconds to confirm battle start!
||snodlop is ready for game 3.
|uhtml|next|Next: Game 3 of 3
|l|☆doll_cmplx
|player|p2|
