|j|☆wodaiogien
|j|☆frenkyfraka
|html|wodaiogienfrenkyfraka    
|uhtml|bestof|Game 2 of a best-of-3
|t:|1782412563
|gametype|doubles
|player|p1|wodaiogien|266|1106
|player|p2|frenkyfraka|2|1040
|gen|9
|tier|[Gen 9 Champions] VGC 2026 Reg M-B (Bo3)
|rated|
|rule|Species Clause: Limit one of each Pokémon
|rule|Item Clause: Limit 1 of each item
|clearpoke
|poke|p1|Swampert, L50, M|
|poke|p1|Archaludon, L50, F|
|poke|p1|Tsareena, L50, F|
|poke|p1|Pelipper, L50, M|
|poke|p1|Sinistcha, L50|
|poke|p1|Grimmsnarl, L50, M|
|poke|p2|Staraptor, L50, M|
|poke|p2|Garchomp, L50, M|
|poke|p2|Glimmora, L50, M|
|poke|p2|Whimsicott, L50, M|
|poke|p2|Incineroar, L50, M|
|poke|p2|Grimmsnarl, L50, M|
|teampreview|4
|showteam|p1|Swampert||Swampertite|Damp|Protect,WaveCrash,Earthquake,IcePunch|Adamant||M|||50|]Archaludon||Leftovers|Stamina|Protect,ElectroShot,DragonPulse,FlashCannon|Modest||F|||50|]Tsareena||ChoiceScarf|QueenlyMajesty|TropKick,TripleAxel,LowKick,Uturn|Jolly||F|||50|]Pelipper||SitrusBerry|Drizzle|Hurricane,WeatherBall,Tailwind,WideGuard|Modest||M|||50|]Sinistcha||CobaBerry|Hospitality|MatchaGotcha,RagePowder,TrickRoom,Protect|Relaxed|||||50|]Grimmsnarl||LightClay|Prankster|FoulPlay,PartingShot,Reflect,LightScreen|Bold||M|||50|
|showteam|p2|Staraptor||Staraptite|Intimidate|CloseCombat,BraveBird,Roost,Protect|Jolly||M|||50|]Garchomp||LifeOrb|RoughSkin|DragonClaw,RockSlide,Earthquake,Protect|Jolly||M|||50|]Glimmora||Glimmoranite|ToxicDebris|PowerGem,EarthPower,SludgeBomb,SpikyShield|Modest||M|||50|]Whimsicott||FocusSash|Prankster|Moonblast,EnergyBall,Tailwind,Protect|Timid||M|||50|]Incineroar||SitrusBerry|Intimidate|FakeOut,FlareBlitz,DarkestLariat,PartingShot|Careful||M|||50|]Grimmsnarl||Leftovers|Prankster|FakeOut,PartingShot,SpiritBreak,Protect|Careful||M|||50|
|inactive|Battle timer is ON: inactive players will automatically lose when time's up. (requested by wodaiogien)
|
|t:|1782412597
|teamsize|p1|4
|teamsize|p2|4
|start
|switch|p1a: Tsareena|Tsareena, L50, F|100/100
|switch|p1b: Archaludon|Archaludon, L50, F|100/100
|switch|p2a: Whimsicott|Whimsicott, L50, M|100/100
|switch|p2b: Grimmsnarl|Grimmsnarl, L50, M|100/100
|turn|1
|inactive|wodaiogien has 30 seconds left.
|
|t:|1782412630
|move|p2b: Grimmsnarl|Fake Out||[still]
|cant|p1a: Tsareena|ability: Queenly Majesty|Fake Out|[of] p2b: Grimmsnarl
|move|p2a: Whimsicott|Tailwind|p2a: Whimsicott
|-sidestart|p2: frenkyfraka|move: Tailwind
|move|p1a: Tsareena|Triple Axel|p2a: Whimsicott|[miss]
|-miss|p1a: Tsareena|p2a: Whimsicott
|move|p1b: Archaludon|Flash Cannon|p2b: Grimmsnarl
|-supereffective|p2b: Grimmsnarl|1
|-damage|p2b: Grimmsnarl|34/100
|
|-heal|p2b: Grimmsnarl|40/100|[from] item: Leftovers
|upkeep
|turn|2
|inactive|frenkyfraka has 30 seconds left.
|inactive|frenkyfraka has 20 seconds left.
|inactive|frenkyfraka has 15 seconds left.
|inactive|frenkyfraka has 10 seconds left.
|inactive|frenkyfraka has 5 seconds left.
|
|t:|1782412684
|move|p2b: Grimmsnarl|Parting Shot||[still]
|cant|p1a: Tsareena|ability: Queenly Majesty|Parting Shot|[of] p2b: Grimmsnarl
|move|p2a: Whimsicott|Moonblast|p1a: Tsareena
|-damage|p1a: Tsareena|56/100
|move|p1a: Tsareena|Triple Axel|p2a: Whimsicott
|-supereffective|p2a: Whimsicott|1
|-damage|p2a: Whimsicott|79/100
|-supereffective|p2a: Whimsicott|1
|-damage|p2a: Whimsicott|39/100
|-supereffective|p2a: Whimsicott|1
|-damage|p2a: Whimsicott|0 fnt
|faint|p2a: Whimsicott
|-hitcount|p2: Whimsicott|3
|move|p1b: Archaludon|Flash Cannon|p2b: Grimmsnarl
|-supereffective|p2b: Grimmsnarl|1
|-damage|p2b: Grimmsnarl|0 fnt
|faint|p2b: Grimmsnarl
|
|upkeep
|-message|frenkyfraka forfeited.
|
|win|wodaiogien
|raw|wodaiogien's rating: 1106 → 1126(+20 for winning)
|raw|frenkyfraka's rating: 1040 → 1027(-13 for losing)
|l|☆frenkyfraka
|player|p2|
