|j|☆Aeon_Twins
|j|☆lillyrosethedemon
|html|Aeon_Twinslillyrosethedemon    
|uhtml|bestof|Game 1 of a best-of-3
|t:|1782677446
|gametype|doubles
|player|p1|Aeon_Twins|n|1394
|player|p2|lillyrosethedemon|madame|1280
|gen|9
|tier|[Gen 9 Champions] VGC 2026 Reg M-B (Bo3)
|rated|
|rule|Species Clause: Limit one of each Pokémon
|rule|Item Clause: Limit 1 of each item
|clearpoke
|poke|p1|Torkoal, L50, F|
|poke|p1|Farigiraf, L50, M|
|poke|p1|Pyroar, L50, M|
|poke|p1|Venusaur, L50, F|
|poke|p1|Aerodactyl, L50, F|
|poke|p1|Garchomp, L50, M|
|poke|p2|Farigiraf, L50, M|
|poke|p2|Garchomp, L50, F|
|poke|p2|Milotic, L50, M|
|poke|p2|Staraptor, L50, F|
|poke|p2|Rotom-Heat, L50|
|poke|p2|Gholdengo, L50|
|teampreview|4
|showteam|p1|Torkoal||HeatRock|Drought|Eruption,HeatWave,HelpingHand,Protect|Quiet||F|||50|]Farigiraf||ColburBerry|ArmorTail|Psychic,Thunderbolt,TrickRoom,HelpingHand|Sassy||M|||50|]Pyroar||Pyroarite|Rivalry|Overheat,SolarBeam,HeatWave,Protect|Timid||M|||50|]Venusaur||LifeOrb|Chlorophyll|GigaDrain,EarthPower,SleepPowder,Protect|Timid||F|||50|]Aerodactyl||Aerodactylite|RockHead|RockSlide,DualWingbeat,Tailwind,IceFang|Jolly||F|||50|]Garchomp||SitrusBerry|RoughSkin|RockSlide,DragonClaw,Earthquake,Protect|Jolly||M|||50|
|showteam|p2|Farigiraf||SitrusBerry|ArmorTail|TrickRoom,Psychic,Thunderbolt,Protect|Quiet||M|||50|]Garchomp||LifeOrb|RoughSkin|Earthquake,StompingTantrum,DragonClaw,Protect|Jolly||F|||50|]Milotic||Leftovers|Competitive|MuddyWater,Hypnosis,Coil,Protect|Calm||M|||50|]Staraptor||Staraptite|Intimidate|BraveBird,CloseCombat,Protect,Roost|Jolly||F|||50|]Rotom-Heat||ChoiceScarf|Levitate|Electroweb,Thunderbolt,Overheat,VoltSwitch|Modest|||||50|]Gholdengo||MetalCoat|GoodasGold|NastyPlot,ShadowBall,MakeItRain,Protect|Modest|||||50|
|
|t:|1782677504
|teamsize|p1|4
|teamsize|p2|4
|start
|switch|p1a: Torkoal|Torkoal, L50, F|100/100
|switch|p1b: Pyroar|Pyroar, L50, M|100/100
|switch|p2a: Garchomp|Garchomp, L50, F|100/100
|switch|p2b: Gholdengo|Gholdengo, L50|100/100
|-weather|SunnyDay|[from] ability: Drought|[of] p1a: Torkoal
|turn|1
|
|t:|1782677531
|detailschange|p1b: Pyroar|Pyroar-Mega, L50, M
|-mega|p1b: Pyroar|Pyroar|Pyroarite
|move|p1a: Torkoal|Helping Hand|p1b: Pyroar
|-singleturn|p1b: Pyroar|Helping Hand|[of] p1a: Torkoal
|move|p1b: Pyroar|Overheat|p2a: Garchomp
|-resisted|p2a: Garchomp|1
|-crit|p2a: Garchomp
|-damage|p2a: Garchomp|0 fnt
|-unboost|p1b: Pyroar|spa|2
|faint|p2a: Garchomp
|move|p2b: Gholdengo|Make It Rain|p1b: Pyroar|[spread] p1b
|-miss|p2b: Gholdengo|p1a: Torkoal
|-resisted|p1b: Pyroar|1
|-damage|p1b: Pyroar|63/100
|-unboost|p2b: Gholdengo|spa|2
|
|-weather|SunnyDay|[upkeep]
|upkeep
|
|t:|1782677547
|switch|p2a: Staraptor|Staraptor, L50, F|100/100
|-ability|p2a: Staraptor|Intimidate|boost
|-unboost|p1a: Torkoal|atk|1
|-unboost|p1b: Pyroar|atk|1
|turn|2
|
|t:|1782677554
|switch|p2b: Rotom|Rotom-Heat, L50|100/100
|detailschange|p2a: Staraptor|Staraptor-Mega, L50, F
|-mega|p2a: Staraptor|Staraptor|Staraptite
|move|p1b: Pyroar|Heat Wave|p2a: Staraptor|[spread] p2a,p2b
|-resisted|p2b: Rotom|1
|-damage|p2a: Staraptor|53/100
|-damage|p2b: Rotom|72/100
|-status|p2a: Staraptor|brn
|move|p2a: Staraptor|Close Combat|p1a: Torkoal
|-damage|p1a: Torkoal|75/100
|-boost|p2a: Staraptor|def|1
|-boost|p2a: Staraptor|spd|1
|move|p1a: Torkoal|Heat Wave|p2b: Rotom|[spread] p2b
|-miss|p1a: Torkoal|p2a: Staraptor
|-resisted|p2b: Rotom|1
|-damage|p2b: Rotom|40/100
|
|-weather|SunnyDay|[upkeep]
|-damage|p2a: Staraptor|47/100 brn|[from] brn
|upkeep
|turn|3
|-message|lillyrosethedemon forfeited.
|
|win|Aeon_Twins
|l|☆lillyrosethedemon
|player|p2|
||lillyrosethedemon is ready for game 2.
||Aeon_Twins is ready for game 2.
|uhtml|next|Next: Game 2 of 3
