|j|☆SlaymonSays
|j|☆themismatcher
|html|SlaymonSaysthemismatcher    
|uhtml|bestof|Game 2 of a best-of-3
|t:|1757751270
|gametype|doubles
|player|p1|SlaymonSays|1|1367
|player|p2|themismatcher|benga|1446
|gen|9
|tier|[Gen 9] VGC 2025 Reg H (Bo3)
|rated|
|rule|Species Clause: Limit one of each Pokémon
|rule|Item Clause: Limit 1 of each item
|clearpoke
|poke|p1|Ursaluna-Bloodmoon, L50, M|
|poke|p1|Dragonite, L50, M|
|poke|p1|Gholdengo, L50|
|poke|p1|Rillaboom, L50, F|
|poke|p1|Incineroar, L50, F|
|poke|p1|Ninetales-Alola, L50, M|
|poke|p2|Pelipper, L50, M|
|poke|p2|Basculegion, L50, M|
|poke|p2|Amoonguss, L50, F|
|poke|p2|Archaludon, L50, M|
|poke|p2|Greninja-*, L50, F|
|poke|p2|Annihilape, L50, M|
|teampreview|4
|showteam|p1|Ursaluna-Bloodmoon||LifeOrb|MindsEye|BloodMoon,HyperVoice,EarthPower,Protect|||M|||50|,,,,,Normal]Dragonite||LoadedDice|InnerFocus|ScaleShot,Haze,Tailwind,Protect|||M|||50|,,,,,Fairy]Gholdengo||Leftovers|GoodasGold|MakeItRain,ShadowBall,NastyPlot,Protect||||||50|,,,,,Water]Rillaboom||AssaultVest|GrassySurge|FakeOut,GrassyGlide,WoodHammer,HighHorsepower|||F|||50|,,,,,Fire]Incineroar||SafetyGoggles|Intimidate|FakeOut,FlareBlitz,KnockOff,PartingShot|||F|||50|,,,,,Ghost]Ninetales-Alola||CovertCloak|SnowWarning|Blizzard,IcyWind,AuroraVeil,Encore|||M|||50|,,,,,Fire
|showteam|p2|Pelipper||FocusSash|Drizzle|WeatherBall,Hurricane,Tailwind,WideGuard|||M|||50|,,,,,Stellar]Basculegion||ChoiceBand|SwiftSwim|WaveCrash,FlipTurn,LastRespects,AquaJet|||M|||50|,,,,,Grass]Amoonguss||SitrusBerry|Regenerator|Spore,RagePowder,PollenPuff,ClearSmog|||F|||50|,,,,,Dark]Archaludon||AssaultVest|Stamina|DragonPulse,FlashCannon,ElectroShot,BodyPress|||M|||50|,,,,,Grass]Greninja||LoadedDice|Torrent|WaterShuriken,Protect,Taunt,RainDance|||F|||50|,,,,,Ghost]Annihilape||ChoiceScarf|Defiant|CloseCombat,RageFist,Uturn,FinalGambit|||M|||50|,,,,,Grass
|
|t:|1757751336
|teamsize|p1|4
|teamsize|p2|4
|start
|switch|p1a: Rillaboom|Rillaboom, L50, F|100/100
|switch|p1b: Gholdengo|Gholdengo, L50|100/100
|switch|p2a: Greninja|Greninja, L50, F|100/100
|switch|p2b: Annihilape|Annihilape, L50, M|100/100
|-fieldstart|move: Grassy Terrain|[from] ability: Grassy Surge|[of] p1a: Rillaboom
|turn|1
|
|t:|1757751352
|-terastallize|p2b: Annihilape|Grass
|move|p2a: Greninja|Water Shuriken|p2b: Annihilape
|-resisted|p2b: Annihilape
|-damage|p2b: Annihilape|98/100
|-resisted|p2b: Annihilape
|-damage|p2b: Annihilape|96/100
|-resisted|p2b: Annihilape
|-damage|p2b: Annihilape|93/100
|-resisted|p2b: Annihilape
|-damage|p2b: Annihilape|90/100
|-hitcount|p2b: Annihilape|4
|move|p2b: Annihilape|Rage Fist|p1b: Gholdengo
|-supereffective|p1b: Gholdengo
|-damage|p1b: Gholdengo|0 fnt
|faint|p1b: Gholdengo
|move|p1a: Rillaboom|Wood Hammer|p2b: Annihilape
|-resisted|p2b: Annihilape
|-damage|p2b: Annihilape|43/100
|-damage|p1a: Rillaboom|84/100|[from] Recoil
|
|-heal|p2b: Annihilape|49/100|[from] Grassy Terrain
|-heal|p1a: Rillaboom|90/100|[from] Grassy Terrain
|upkeep
|
|t:|1757751369
|switch|p1b: Ursaluna|Ursaluna-Bloodmoon, L50, M|100/100
|turn|2
|
|t:|1757751381
|switch|p2b: Archaludon|Archaludon, L50, M|100/100
|move|p2a: Greninja|Water Shuriken|p2b: Archaludon
|-resisted|p2b: Archaludon
|-damage|p2b: Archaludon|99/100
|-ability|p2b: Archaludon|Stamina|boost
|-boost|p2b: Archaludon|def|1
|-resisted|p2b: Archaludon
|-damage|p2b: Archaludon|97/100
|-ability|p2b: Archaludon|Stamina|boost
|-boost|p2b: Archaludon|def|1
|-resisted|p2b: Archaludon
|-damage|p2b: Archaludon|95/100
|-ability|p2b: Archaludon|Stamina|boost
|-boost|p2b: Archaludon|def|1
|-resisted|p2b: Archaludon
|-damage|p2b: Archaludon|93/100
|-ability|p2b: Archaludon|Stamina|boost
|-boost|p2b: Archaludon|def|1
|-resisted|p2b: Archaludon
|-damage|p2b: Archaludon|91/100
|-ability|p2b: Archaludon|Stamina|boost
|-boost|p2b: Archaludon|def|1
|-hitcount|p2b: Archaludon|5
|move|p1a: Rillaboom|Grassy Glide|p2a: Greninja
|-supereffective|p2a: Greninja
|-damage|p2a: Greninja|0 fnt
|faint|p2a: Greninja
|move|p1b: Ursaluna|Hyper Voice|p2b: Archaludon
|-resisted|p2b: Archaludon
|-damage|p2b: Archaludon|67/100
|-ability|p2b: Archaludon|Stamina|boost
|-boost|p2b: Archaludon|def|1
|-damage|p1b: Ursaluna|91/100|[from] item: Life Orb
|
|-heal|p2b: Archaludon|73/100|[from] Grassy Terrain
|-heal|p1a: Rillaboom|95/100|[from] Grassy Terrain
|-heal|p1b: Ursaluna|97/100|[from] Grassy Terrain
|upkeep
|
|t:|1757751389
|switch|p2a: Annihilape|Annihilape, L50, M, tera:Grass|49/100
|turn|3
|
|t:|1757751413
|move|p2a: Annihilape|Rage Fist|p1a: Rillaboom
|-damage|p1a: Rillaboom|0 fnt
|faint|p1a: Rillaboom
|move|p2b: Archaludon|Body Press|p1b: Ursaluna
|-supereffective|p1b: Ursaluna
|-damage|p1b: Ursaluna|0 fnt
|faint|p1b: Ursaluna
|
|-heal|p2a: Annihilape|56/100|[from] Grassy Terrain
|-heal|p2b: Archaludon|80/100|[from] Grassy Terrain
|upkeep
|
|t:|1757751421
|switch|p1b: Ninetales|Ninetales-Alola, L50, M|100/100
|-weather|Snowscape|[from] ability: Snow Warning|[of] p1b: Ninetales
|turn|4
|
|t:|1757751434
|move|p2a: Annihilape|Rage Fist|p1b: Ninetales
|-damage|p1b: Ninetales|0 fnt
|faint|p1b: Ninetales
|
|win|themismatcher
||SlaymonSays is ready for game 3.
||themismatcher is ready for game 3.
|uhtml|next|Next: Game 3 of 3
