|j|☆azuredreamer vg
|j|‽jfaria97
|html|azuredreamer vgjfaria97    
|uhtml|bestof|Game 1 of a best-of-3
|t:|1756502502
|gametype|doubles
|player|p1|azuredreamer vg|170|1204
|player|p2|jfaria97|red|1172
|gen|9
|tier|[Gen 9] VGC 2025 Reg H (Bo3)
|rated|
|rule|Species Clause: Limit one of each Pokémon
|rule|Item Clause: Limit 1 of each item
|clearpoke
|poke|p1|Annihilape, L50, M|
|poke|p1|Archaludon, L50, F|
|poke|p1|Whimsicott, L50, M|
|poke|p1|Pelipper, L50, M|
|poke|p1|Indeedee, L50, M|
|poke|p1|Sneasler, L50, M|
|poke|p2|Garchomp, L50, M|
|poke|p2|Gholdengo, L50|
|poke|p2|Weezing-Galar, L50, M|
|poke|p2|Incineroar, L50, F|
|poke|p2|Dragonite, L50, F|
|poke|p2|Amoonguss, L50, M|
|teampreview|4
|showteam|p1|Annihilape||ChoiceScarf|Defiant|FinalGambit,RageFist,Uturn,CloseCombat|||M|||50|,,,,,Grass]Archaludon||AssaultVest|Stamina|BodyPress,FlashCannon,ElectroShot,DracoMeteor|||F|||50|,,,,,Water]Whimsicott||CovertCloak|Prankster|Moonblast,BeatUp,Tailwind,Taunt|||M|||50|,,,,,Ghost]Pelipper||SafetyGoggles|Drizzle|WeatherBall,Hurricane,Tailwind,Protect|||M|||50|,,,,,Ground]Indeedee||FocusSash|PsychicSurge|ExpandingForce,TeraBlast,TrickRoom,Protect|||M|||50|,,,,,Fairy]Sneasler||PsychicSeed|Unburden|DireClaw,ThroatChop,CloseCombat,Protect|||M|||50|,,,,,Dark
|showteam|p2|Garchomp||LifeOrb|RoughSkin|Earthquake,StompingTantrum,DragonClaw,Protect|||M|||50|,,,,,Steel]Gholdengo||ChoiceSpecs|GoodasGold|MakeItRain,ShadowBall,Thunderbolt,Trick||||||50|,,,,,Steel]Weezing-Galar||Leftovers|NeutralizingGas|StrangeSteam,SludgeBomb,Taunt,Protect|||M|||50|,,,,,Dark]Incineroar||SafetyGoggles|Intimidate|FlareBlitz,KnockOff,FakeOut,PartingShot|||F|||50|,,,,,Ghost]Dragonite||ChoiceBand|InnerFocus|ExtremeSpeed,Outrage,AerialAce,StompingTantrum|||F|||50|,,,,,Normal]Amoonguss||RockyHelmet|Regenerator|RagePowder,ClearSmog,PollenPuff,Spore|||M|||50|,,,,,Water
|inactive|Battle timer is ON: inactive players will automatically lose when time's up. (requested by azuredreamer vg)
|inactive|azuredreamer vg has 60 seconds left.
|inactive|jfaria97 has 60 seconds left.
|
|t:|1756502556
|teamsize|p1|4
|teamsize|p2|4
|start
|switch|p1a: Annihilape|Annihilape, L50, M|100/100
|switch|p1b: Whimsicott|Whimsicott, L50, M|100/100
|switch|p2a: Weezing|Weezing-Galar, L50, M|100/100
|switch|p2b: Gholdengo|Gholdengo, L50|100/100
|-ability|p2a: Weezing|Neutralizing Gas
|turn|1
|inactive|azuredreamer vg has 30 seconds left.
|inactive|jfaria97 has 30 seconds left.
|
|t:|1756502586
|move|p1b: Whimsicott|Beat Up|p1a: Annihilape
|-damage|p1a: Annihilape|98/100
|-damage|p1a: Annihilape|96/100
|-damage|p1a: Annihilape|94/100
|-damage|p1a: Annihilape|90/100
|-hitcount|p1a: Annihilape|4
|move|p1a: Annihilape|Rage Fist|p2b: Gholdengo
|-supereffective|p2b: Gholdengo
|-damage|p2b: Gholdengo|0 fnt
|faint|p2b: Gholdengo
|move|p2a: Weezing|Strange Steam|p1a: Annihilape
|-supereffective|p1a: Annihilape
|-damage|p1a: Annihilape|29/100
|-start|p1a: Annihilape|confusion
|
|upkeep
|
|t:|1756502593
|switch|p2b: Dragonite|Dragonite, L50, F|100/100
|turn|2
|
|t:|1756502618
|switch|p1a: Sneasler|Sneasler, L50, M, shiny|100/100
|-terastallize|p2b: Dragonite|Normal
|move|p2b: Dragonite|Extreme Speed|p1b: Whimsicott
|-damage|p1b: Whimsicott|0 fnt
|faint|p1b: Whimsicott
|move|p2a: Weezing|Strange Steam|p1a: Sneasler
|-damage|p1a: Sneasler|58/100
|
|upkeep
|
|t:|1756502627
|switch|p1b: Annihilape|Annihilape, L50, M|29/100
|turn|3
|
|t:|1756502638
|move|p1a: Sneasler|Protect|p1a: Sneasler
|-singleturn|p1a: Sneasler|Protect
|move|p2b: Dragonite|Extreme Speed|p1a: Sneasler
|-activate|p1a: Sneasler|move: Protect
|move|p1b: Annihilape|Rage Fist|p2a: Weezing
|-damage|p2a: Weezing|0 fnt
|faint|p2a: Weezing
|-end|p2a: Weezing|ability: Neutralizing Gas
|
|upkeep
|
|t:|1756502641
|switch|p2a: Amoonguss|Amoonguss, L50, M|100/100
|turn|4
|
|t:|1756502660
|move|p2b: Dragonite|Extreme Speed|p1a: Sneasler
|-damage|p1a: Sneasler|0 fnt
|faint|p1a: Sneasler
|move|p1b: Annihilape|Rage Fist|p2a: Amoonguss
|-damage|p2a: Amoonguss|0 fnt
|-damage|p1b: Annihilape|12/100|[from] item: Rocky Helmet|[of] p2a: Amoonguss
|faint|p2a: Amoonguss
|
|upkeep
|
|t:|1756502663
|switch|p1a: Indeedee|Indeedee, L50, M|100/100
|-fieldstart|move: Psychic Terrain|[from] ability: Psychic Surge|[of] p1a: Indeedee
|turn|5
|-message|jfaria97 forfeited.
|
|win|azuredreamer vg
|l|‽jfaria97
|player|p2|
