|inactive|Battle timer is ON: inactive players will automatically lose when time's up.
|html|Yoru No Kuragekunal    
|uhtml|bestof|Game 2 of a best-of-3
|t:|1784495247
|gametype|doubles
|player|p1|Yoru No Kurage|yancy|
|player|p2|kunal|#smogonxnpa2026draftee|
|gen|9
|tier|[Gen 9 Champions] VGC 2026 Reg M-B (Bo3)
|rule|Species Clause: Limit one of each Pokémon
|rule|Item Clause: Limit 1 of each item
|clearpoke
|poke|p1|Blaziken, L50, M|
|poke|p1|Venusaur, L50, M|
|poke|p1|Ninetales-Alola, L50, M|
|poke|p1|Lycanroc-Dusk, L50, M|
|poke|p1|Kingambit, L50, M|
|poke|p1|Basculegion, L50, M|
|poke|p2|Whimsicott, L50, F|
|poke|p2|Floette-Eternal, L50, F|
|poke|p2|Charizard, L50, M|
|poke|p2|Garchomp, L50, F|
|poke|p2|Kingambit, L50, F|
|poke|p2|Basculegion, L50, M|
|teampreview|4
|showteam|p1|Blaziken||Blazikenite|SpeedBoost|CloseCombat,FlareBlitz,StoneEdge,Detect|Adamant||M|||50|]Venusaur||Venusaurite|Chlorophyll|GigaDrain,SludgeBomb,EarthPower,Protect|Modest||M|||50|]Ninetales-Alola||NeverMeltIce|SnowWarning|Blizzard,FreezeDry,Encore,Protect|Timid||M|||50|]Lycanroc-Dusk||FocusSash|ToughClaws|Accelerock,RockSlide,CloseCombat,Protect|Adamant||M|||50|]Kingambit||LifeOrb|Defiant|KowtowCleave,SuckerPunch,IronHead,Protect|Adamant||M|||50|]Basculegion||ChoiceScarf|Adaptability|WaveCrash,LastRespects,FlipTurn,AquaJet|Jolly||M|||50|
|showteam|p2|Whimsicott||FocusSash|Prankster|Moonblast,Tailwind,Encore,Protect|Timid||F|||50|]Floette-Eternal||Floettite|FlowerVeil|Moonblast,DazzlingGleam,LightofRuin,Protect|Timid||F|||50|]Charizard||CharizarditeY|Blaze|WeatherBall,HeatWave,SolarBeam,Protect|Modest||M|||50|]Garchomp||LifeOrb|RoughSkin|Earthquake,DragonClaw,RockSlide,Protect|Jolly||F|||50|]Kingambit||BlackGlasses|Defiant|KowtowCleave,SuckerPunch,IronHead,Protect|Adamant||F|||50|]Basculegion||MysticWater|Adaptability|WaveCrash,AquaJet,LastRespects,Protect|Adamant||M|||50|
|inactive|kunal has 60 seconds left.
|
|t:|1784495298
|teamsize|p1|4
|teamsize|p2|4
|start
|switch|p1a: Lycanroc|Lycanroc-Dusk, L50, M|100/100
|switch|p1b: Ninetales|Ninetales-Alola, L50, M|100/100
|switch|p2a: Whimsicott|Whimsicott, L50, F|100/100
|switch|p2b: Garchomp|Garchomp, L50, F|100/100
|-weather|Snowscape|[from] ability: Snow Warning|[of] p1b: Ninetales
|turn|1
|inactive|kunal has 30 seconds left.
|
|t:|1784495327
|move|p2a: Whimsicott|Tailwind|p2a: Whimsicott
|-sidestart|p2: kunal|move: Tailwind
|move|p2b: Garchomp|Rock Slide|p1a: Lycanroc|[spread] p1a,p1b
|-supereffective|p1b: Ninetales|1
|-damage|p1a: Lycanroc|54/100
|-damage|p1b: Ninetales|45/100
|-damage|p2b: Garchomp|90/100|[from] item: Life Orb
|move|p1b: Ninetales|Blizzard|p2b: Garchomp|[spread] p2a,p2b
|-supereffective|p2a: Whimsicott|1
|-supereffective|p2b: Garchomp|2
|-enditem|p2a: Whimsicott|Focus Sash
|-damage|p2a: Whimsicott|1/100
|-damage|p2b: Garchomp|0 fnt
|faint|p2b: Garchomp
|cant|p1a: Lycanroc|flinch
|
|-weather|Snowscape|[upkeep]
|upkeep
|
|t:|1784495348
|switch|p2b: Charizard|Charizard, L50, M|100/100
|turn|2
|
|t:|1784495370
|detailschange|p2b: Charizard|Charizard-Mega-Y, L50, M
|-mega|p2b: Charizard|Charizard|Charizardite Y
|-weather|SunnyDay|[from] ability: Drought|[of] p2b: Charizard
|move|p1a: Lycanroc|Accelerock|p2a: Whimsicott
|-damage|p2a: Whimsicott|0 fnt
|faint|p2a: Whimsicott
|move|p2b: Charizard|Heat Wave|p1b: Ninetales|[spread] p1a,p1b
|-resisted|p1a: Lycanroc|1
|-crit|p1a: Lycanroc
|-supereffective|p1b: Ninetales|1
|-damage|p1a: Lycanroc|0 fnt
|-damage|p1b: Ninetales|0 fnt
|faint|p1a: Lycanroc
|faint|p1b: Ninetales
|
|-weather|SunnyDay|[upkeep]
|upkeep
|
|t:|1784495379
|switch|p2a: Basculegion|Basculegion, L50, M|100/100
|switch|p1b: Venusaur|Venusaur, L50, M|100/100
|switch|p1a: Blaziken|Blaziken, L50, M|100/100
|turn|3
|
|t:|1784495402
|detailschange|p1b: Venusaur|Venusaur-Mega, L50, M
|-mega|p1b: Venusaur|Venusaur|Venusaurite
|move|p1a: Blaziken|Detect|p1a: Blaziken
|-singleturn|p1a: Blaziken|Protect
|move|p2b: Charizard|Weather Ball|p1b: Venusaur
|-supereffective|p1b: Venusaur|1
|-damage|p1b: Venusaur|31/100
|move|p2a: Basculegion|Last Respects|p1b: Venusaur
|-damage|p1b: Venusaur|0 fnt
|faint|p1b: Venusaur
|
|-weather|SunnyDay|[upkeep]
|-ability|p1a: Blaziken|Speed Boost|boost
|-boost|p1a: Blaziken|spe|1
|upkeep
|turn|4
|-message|Yoru No Kurage forfeited.
|
|win|kunal
|c|☆Yoru No Kurage|Gg
|c|☆kunal|Ggs
|player|p1|
|player|p2|
