|inactive|Battle timer is ON: inactive players will automatically lose when time's up.
|html|mixniteApeEscapeForGC    
|uhtml|bestof|Game 1 of a best-of-3
|t:|1757098355
|gametype|doubles
|player|p1|mixnite|artist-gen6|
|player|p2|ApeEscapeForGC|1|
|gen|9
|tier|[Gen 9] VGC 2025 Reg H (Bo3)
|rule|Species Clause: Limit one of each Pokémon
|rule|Item Clause: Limit 1 of each item
|clearpoke
|poke|p1|Tyranitar, L50, M|
|poke|p1|Excadrill, L50, M|
|poke|p1|Whimsicott, L50, F|
|poke|p1|Annihilape, L50, M|
|poke|p1|Indeedee, L50, M|
|poke|p1|Armarouge, L50, M|
|poke|p2|Dragonite, L50, F|
|poke|p2|Incineroar, L50, M|
|poke|p2|Ursaluna-Bloodmoon, L50, M|
|poke|p2|Electabuzz, L50, F|
|poke|p2|Rillaboom, L50, F|
|poke|p2|Gholdengo, L50|
|teampreview|4
|showteam|p1|Tyranitar||ClearAmulet|SandStream|TeraBlast,KnockOff,RockSlide,LowKick|||M|||50|,,,,,Flying]Excadrill||LifeOrb|SandRush|Protect,HighHorsepower,IronHead,Earthquake|||M|||50|,,,,,Ground]Whimsicott||CovertCloak|Prankster|Tailwind,Moonblast,Encore,LightScreen|||F|||50|,,,,,Water]Annihilape||ChoiceScarf|VitalSpirit|FinalGambit,Uturn,Coaching,CloseCombat|||M|||50|,,,,,Fighting]Indeedee||FocusSash|PsychicSurge|ExpandingForce,TeraBlast,Imprison,TrickRoom|||M|||50|,,,,,Psychic]Armarouge||WeaknessPolicy|WeakArmor|MeteorBeam,ExpandingForce,ArmorCannon,Protect|||M|||50|,,,,,Grass
|showteam|p2|Dragonite||LoadedDice|Multiscale|ScaleShot,Haze,Protect,Tailwind|||F|||50|,,,,,Fairy]Incineroar||SafetyGoggles|Intimidate|FakeOut,FlareBlitz,PartingShot,KnockOff|||M|||50|,,,,,Ghost]Ursaluna-Bloodmoon||LifeOrb|MindsEye|BloodMoon,EarthPower,HyperVoice,Protect|||M|||50|,,,,,Ghost]Electabuzz||Eviolite|VitalSpirit|FollowMe,Protect,Electroweb,Taunt|||F|||50|,,,,,Ghost]Rillaboom||AssaultVest|GrassySurge|FakeOut,HighHorsepower,WoodHammer,GrassyGlide|||F|||50|,,,,,Poison]Gholdengo||MetalCoat|GoodasGold|MakeItRain,ShadowBall,Protect,NastyPlot||||||50|,,,,,Steel
|c|☆mixnite|glhf
|inactive|mixnite has 60 seconds left.
|inactive|ApeEscapeForGC has 60 seconds left.
|inactive|mixnite has 30 seconds left.
|inactive|mixnite has 20 seconds left.
|
|t:|1757098428
|teamsize|p1|4
|teamsize|p2|4
|start
|switch|p1a: Deebo|Annihilape, L50, M|100/100
|switch|p1b: Big Worm|Armarouge, L50, M|100/100
|switch|p2a: Incineroar|Incineroar, L50, M|100/100
|switch|p2b: Gholdengo|Gholdengo, L50|100/100
|-ability|p2a: Incineroar|Intimidate|boost
|-unboost|p1a: Deebo|atk|1
|-unboost|p1b: Big Worm|atk|1
|turn|1
|inactive|mixnite has 30 seconds left.
|inactive|ApeEscapeForGC has 30 seconds left.
|inactive|mixnite has 20 seconds left.
|inactive|mixnite has 15 seconds left.
|inactive|ApeEscapeForGC has 20 seconds left.
|
|t:|1757098470
|switch|p1a: Ezal|Indeedee, L50, M|100/100
|-fieldstart|move: Psychic Terrain|[from] ability: Psychic Surge|[of] p1a: Ezal
|-terastallize|p1b: Big Worm|Grass
|move|p2b: Gholdengo|Shadow Ball|p1b: Big Worm
|-damage|p1b: Big Worm|54/100
|move|p1b: Big Worm|Meteor Beam||[still]
|-prepare|p1b: Big Worm|Meteor Beam
|-boost|p1b: Big Worm|spa|1
|move|p2a: Incineroar|Knock Off|p1a: Ezal
|-supereffective|p1a: Ezal
|-crit|p1a: Ezal
|-enditem|p1a: Ezal|Focus Sash
|-damage|p1a: Ezal|1/100
|
|upkeep
|turn|2
|c|☆mixnite|i forgor
|c|☆mixnite|it should be herb
|c|☆mixnite|LOL
|inactive|mixnite has 30 seconds left.
|inactive|ApeEscapeForGC has 30 seconds left.
|inactive|mixnite has 20 seconds left.
|
|t:|1757098507
|-terastallize|p2b: Gholdengo|Steel
|move|p1a: Ezal|Expanding Force|p2a: Incineroar|[spread] p2b
|-immune|p2a: Incineroar
|-resisted|p2b: Gholdengo
|-damage|p2b: Gholdengo|72/100
|move|p2b: Gholdengo|Make It Rain|p1b: Big Worm|[spread] p1a,p1b
|-damage|p1a: Ezal|0 fnt
|-damage|p1b: Big Worm|0 fnt
|-unboost|p2b: Gholdengo|spa|1
|faint|p1a: Ezal
|faint|p1b: Big Worm
|move|p2a: Incineroar|Flare Blitz|p1: Ezal|[notarget]
|-fail|p2a: Incineroar
|
|upkeep
|
|t:|1757098517
|switch|p1a: Craig|Tyranitar, L50, M|100/100
|switch|p1b: Deebo|Annihilape, L50, M|100/100
|-weather|Sandstorm|[from] ability: Sand Stream|[of] p1a: Craig
|turn|3
|inactive|mixnite has 30 seconds left.
|
|t:|1757098543
|move|p1b: Deebo|Close Combat|p2b: Gholdengo
|-supereffective|p2b: Gholdengo
|-damage|p2b: Gholdengo|0 fnt
|-unboost|p1b: Deebo|def|1
|-unboost|p1b: Deebo|spd|1
|faint|p2b: Gholdengo
|move|p1a: Craig|Rock Slide|p2a: Incineroar
|-supereffective|p2a: Incineroar
|-damage|p2a: Incineroar|25/100
|move|p2a: Incineroar|Knock Off|p1b: Deebo
|-damage|p1b: Deebo|48/100
|-enditem|p1b: Deebo|Choice Scarf|[from] move: Knock Off|[of] p2a: Incineroar
|
|-weather|Sandstorm|[upkeep]
|-damage|p1b: Deebo|42/100|[from] Sandstorm
|upkeep
|
|t:|1757098553
|switch|p2b: Rillaboom|Rillaboom, L50, F|100/100
|-fieldstart|move: Grassy Terrain|[from] ability: Grassy Surge|[of] p2b: Rillaboom
|turn|4
|c|☆mixnite|gg
|-message|mixnite forfeited.
|
|win|ApeEscapeForGC
||mixnite is ready for game 2.
|c|☆ApeEscapeForGC|gg
||ApeEscapeForGC is ready for game 2.
|uhtml|next|Next: Game 2 of 3
