|inactive|Battle timer is ON: inactive players will automatically lose when time's up.
|html|EmbC29duben    
|uhtml|bestof|Game 1 of a best-of-3
|t:|1782742762
|gametype|doubles
|player|p1|EmbC29|#splxclassiest|
|player|p2|duben|rosa|
|gen|9
|tier|[Gen 9 Champions] VGC 2026 Reg M-B (Bo3)
|rule|Species Clause: Limit one of each Pokémon
|rule|Item Clause: Limit 1 of each item
|clearpoke
|poke|p1|Floette-Eternal, L50, F|
|poke|p1|Charizard, L50, M|
|poke|p1|Whimsicott, L50, F|
|poke|p1|Garchomp, L50, M|
|poke|p1|Basculegion, L50, M|
|poke|p1|Kingambit, L50, M|
|poke|p2|Blaziken, L50, M|
|poke|p2|Whimsicott, L50, F|
|poke|p2|Basculegion, L50, M|
|poke|p2|Kingambit, L50, F|
|poke|p2|Floette-Eternal, L50, F|
|poke|p2|Ninetales-Alola, L50, M|
|teampreview|4
|showteam|p1|Floette-Eternal||Floettite|FlowerVeil|Moonblast,DazzlingGleam,LightofRuin,Protect|Modest||F|||50|]Charizard||CharizarditeY|Blaze|HeatWave,WeatherBall,SolarBeam,Protect|Modest||M|||50|]Whimsicott||FocusSash|Prankster|Moonblast,Encore,Tailwind,Protect|Timid||F|||50|]Garchomp||RoseliBerry|RoughSkin|DragonClaw,StompingTantrum,PoisonJab,RockSlide|Jolly||M|||50|]Basculegion||LifeOrb|Adaptability|WaveCrash,LastRespects,AquaJet,Protect|Adamant||M|||50|]Kingambit||ChopleBerry|Defiant|KowtowCleave,Protect,SuckerPunch,LowKick|Adamant||M|||50|
|showteam|p2|Blaziken||Blazikenite|SpeedBoost|Detect,CloseCombat,FlareBlitz,RockSlide|Adamant||M|||50|]Whimsicott||FocusSash|Prankster|Tailwind,Protect,Encore,Moonblast|Timid||F|||50|]Basculegion||LifeOrb|Adaptability|Protect,WaveCrash,LastRespects,AquaJet|Adamant||M|||50|]Kingambit||BlackGlasses|Defiant|Protect,KowtowCleave,SuckerPunch,LowKick|Adamant||F|||50|]Floette-Eternal||Floettite|FlowerVeil|Protect,LightofRuin,Moonblast,DazzlingGleam|Modest||F|||50|]Ninetales-Alola||NeverMeltIce|SnowWarning|Protect,Blizzard,FreezeDry,Encore|Timid||M|||50|
|c|☆EmbC29|Glhf
|c|☆duben|Glhf
|inactive|EmbC29 disconnected and has 300 seconds to reconnect!
|player|p1|
|inactive|duben has 60 seconds left.
|c|☆duben|Tu é fdd a trazer zard slop
|inactive|EmbC29 reconnected and has 70 seconds left.
|player|p1|EmbC29|#splxclassiest|
|inactive|EmbC29 has 60 seconds left.
|inactive|duben has 30 seconds left.
|inactive|duben has 20 seconds left.
|inactive|duben has 15 seconds left.
|inactive|EmbC29 has 30 seconds left.
|inactive|duben has 10 seconds left.
|inactive|duben has 5 seconds left.
|
|t:|1782742852
|teamsize|p1|4
|teamsize|p2|4
|start
|switch|p1a: Floette|Floette-Eternal, L50, F|100/100
|switch|p1b: Whimsicott|Whimsicott, L50, F|100/100
|switch|p2a: blaze|Blaziken, L50, M|100/100
|switch|p2b: filet|Basculegion, L50, M|100/100
|turn|1
|inactive|EmbC29 has 30 seconds left.
|inactive|duben has 30 seconds left.
|inactive|EmbC29 has 20 seconds left.
|inactive|duben has 20 seconds left.
|inactive|EmbC29 has 15 seconds left.
|inactive|duben has 15 seconds left.
|inactive|duben has 10 seconds left.
|
|t:|1782742901
|detailschange|p1a: Floette|Floette-Mega, L50, F
|-mega|p1a: Floette|Floette|Floettite
|-ability|p1a: Floette|Fairy Aura
|move|p1b: Whimsicott|Moonblast|p2b: filet
|-crit|p2b: filet
|-damage|p2b: filet|21/100
|move|p1a: Floette|Dazzling Gleam|p2a: blaze|[spread] p2a,p2b
|-crit|p2a: blaze
|-damage|p2a: blaze|0 fnt
|-damage|p2b: filet|0 fnt
|faint|p2a: blaze
|faint|p2b: filet
|
|upkeep
|
|t:|1782742914
|switch|p2a: bomba nuclear 30€|Floette-Eternal, L50, F|100/100
|switch|p2b: picker|Whimsicott, L50, F|100/100
|turn|2
|inactive|duben has 30 seconds left.
|inactive|EmbC29 has 30 seconds left.
|
|t:|1782742958
|detailschange|p2a: bomba nuclear 30€|Floette-Mega, L50, F
|-mega|p2a: bomba nuclear 30€|Floette|Floettite
|-ability|p2a: bomba nuclear 30€|Fairy Aura
|move|p2b: picker|Tailwind|p2b: picker
|-sidestart|p2: duben|move: Tailwind
|move|p1b: Whimsicott|Tailwind|p1b: Whimsicott
|-sidestart|p1: EmbC29|move: Tailwind
|move|p1a: Floette|Moonblast|p2a: bomba nuclear 30€
|-damage|p2a: bomba nuclear 30€|30/100
|move|p2a: bomba nuclear 30€|Light of Ruin|p1a: Floette
|-crit|p1a: Floette
|-damage|p1a: Floette|0 fnt
|faint|p1a: Floette
|-damage|p2a: bomba nuclear 30€|0 fnt|[from] Recoil
|faint|p2a: bomba nuclear 30€
|
|upkeep
|
|t:|1782742977
|switch|p1a: Basculegion|Basculegion, L50, M|100/100
|turn|3
|
|t:|1782742995
|move|p2b: picker|Encore|p1b: Whimsicott
|-start|p1b: Whimsicott|Encore
|move|p1b: Whimsicott|Tailwind||[still]
|-fail|p1b: Whimsicott
|move|p1a: Basculegion|Last Respects|p2b: picker
|-enditem|p2b: picker|Focus Sash
|-damage|p2b: picker|1/100
|-damage|p1a: Basculegion|90/100|[from] item: Life Orb
|
|upkeep
|turn|4
|
|t:|1782743004
|move|p1b: Whimsicott|Tailwind||[still]
|-fail|p1b: Whimsicott
|move|p1a: Basculegion|Aqua Jet|p2b: picker
|-resisted|p2b: picker|1
|-damage|p2b: picker|0 fnt
|faint|p2b: picker
|-damage|p1a: Basculegion|80/100|[from] item: Life Orb
|
|win|EmbC29
||duben is ready for game 2.
|inactive|EmbC29 has 30 seconds to confirm battle start!
||EmbC29 is ready for game 2.
|uhtml|next|Next: Game 2 of 3
|player|p2|
|player|p1|
